3480 5356
696 419 842 462 anema.
1146 361 1153 374 ἡ
1318 395 1382 464 285

193 585 313 644 CllLV.
335 587 411 640 1268.
431 587 472 640 23.
492 583 667 654 Septembris.
690 580 852 654 Capitulum
870 583 1003 640 ecelesiae
1025 583 1221 654 Zagrablensie
1245 584 1385 652 certificat,

138 674 216 745 quod
235 673 392 730 constitnn's
411 671 448 728 ab
466 689 522 728 una
541 677 619 742 parte
638 665 771 726 Junislao
789 671 847 726 lilio
865 669 1010 738 Diminulr,
1025 670 1159 740 Wiatlr(c)
1173 671 1231 728 filio
1243 671 1389 742 Lubizlay,

137 761 230 818 Jacov
248 760 307 816 lilio
324 757 448 826 Lubech,
468 758 602 814 Lublalao
621 758 678 813 filio
697 757 826 813 Gurdesa
844 756 879 811 de
897 756 1037 814 Brochina
1054 757 1091 812 ab
1108 759 1195 814 altera
1214 775 1280 814 vero
1304 759 1388 814 Petro

139 848 198 902 tilio
221 847 326 902 Radosi
343 845 379 902 de
397 845 595 917 Kenesapolja‚
619 844 693 900 idem
717 845 864 900 Junialaus
888 860 952 899 cum
977 845 1036 900 suis
1061 845 1201 916 quandam
1224 847 1388 916 particulam

138 939 229 990 terrae
248 933 348 988 subtus
366 933 477 990 Doluch
495 933 656 1002 contiguam
674 936 762 987 terrae
781 931 848 986 dieti
866 929 941 986 Petri
959 933 1080 988 confessi
1098 937 1163 988 sunt
1181 948 1212 988 se
1230 932 1388 989 vendidisse

137 1019 230 1076 eidem
248 1021 332 1076 Petro
351 1037 402 1092 pro
424 1018 583 1090 quindecim
606 1019 701 1090 pensis
725 1017 902 1074 denariorum
927 1018 1165 1088 Zagrabiensium,
1190 1035 1310 1090 quorum
1334 1020 1389 1074 sin·

138 1107 223 1178 gulae
242 1107 367 1177 quinque
385 1121 489 1177 pensae
508 1121 630 1160 marcam
655 1109 723 1161 tunc
747 1106 881 1176 temporis
905 1104 1052 1162 faciebant.
1078 1105 1166 1162 Gutus
1188 1111 1277 1162 terrae
1300 1107 1389 1178 prima

137 1199 213 1248 meta
234 1193 332 1265 incipit
355 1192 392 1247 ab
416 1193 522 1248 oriente
545 1207 562 1246 a
585 1191 666 1246 metis
689 1197 779 1246 tarrac
802 1191 886 1258 Petri,
909 1191 1091 1264 Knesapolia,
1109 1191 1175 1248 inde
1191 1193 1270 1250 iuxta
1287 1199 1388 1249 terram

138 1281 258 1336 deoan
276 1277 401 1334 ascendit
418 1277 454 1334 ad
472 1281 594 1334 montem
613 1276 649 1332 ad
667 1277 781 1332 arbores
809 1279 896 1346 lirant,
920 1279 1008 1346 nucis,
1034 1279 1117 1350 limat,
1140 1279 1275 1336 cheresna
1292 1285 1321 1336 et
1338 1297 1389 1352 per

138 1367 230 1422 varias
256 1367 325 1422 alias
351 1371 441 1421 metas
465 1363 501 1420 ad
525 1365 630 1420 fontem
655 1363 819 1420 Grabroueb
840 1365 959 1420 indeed
978 1365 1199 1422 loculeatina
1222 1367 1287 1423 inde
1309 1367 1388 1422 iuxta

137 1460 228 1512 metes
253 1453 396 1508 Gontirlar
424 1453 474 1508 filii
505 1451 642 1523 Pribizlay
668 1451 704 1506 ad
732 1452 851 1524 priorem
871 1458 990 1508 metam.
1021 1455 1178 1510 Astiterunt
1204 1455 1387 1511 commetanei

139 1541 220 1598 Marc
238 1541 313 1596 lilius
331 1540 419 1596 Marci
437 1539 546 1596 comitis
564 1544 594 1596 et
610 1537 728 1596 Radom
747 1538 932 1610 supradictus
1087 1585 1091 1590 .

192 1629 242 1684 Ea
260 1628 393 1696 aetiopes
405 1625 508 1682 tonum
526 1625 807 1696 Rauen-necessary
825 1641 859 1680 ec
875 1627 955 1696 reperi
972 1627 1085 1684 cretico
1103 1629 1215 1685 oblatis.
1240 1629 1278 1686 N.
1297 1629 1333 1686 R.
1351 1631 1385 1686 Δ.

138 1719 220 1772 Face.
239 1719 317 1770 1532.
335 1715 389 1771 Nr·
408 1718 433 1770 4.
451 1713 545 1770 Habet
563 1728 670 1784 qaoque
692 1712 812 1768 Wsasel:
837 1713 929 1769 Ocdcc
953 1713 1023 1784 dipl.
1049 1715 1147 1785 Arpcd
1166 1715 1224 1771 111.
1241 1731 1307 1786 pap.
1324 1718 1387 1774 222.

139 1803 194 1858 XI.
216 1806 277 1857 579.

193 1941 328 1996 OMLVI.
347 1943 422 1996 12⁶8.
441 1942 514 1998 Ante
532 1955 646 1996 mensem
665 1939 799 1996 Octobris.
819 1939 889 1996 Bela
906 1941 973 1996 Dux
986 1941 1072 1996 totius
1085 1939 1241 2008 sierentze,
1254 1941 1346 1996 Dalm.
1359 1947 1388 1998 et

138 2029 269 2085 croatiae
287 2035 384 2083 notum
402 2027 477 2095 facit,
499 2027 575 2100 quod
598 2025 761 2084 accedentes
779 2026 815 2082 ad
834 2043 899 2083 eum
924 2027 1072 2084 Farcasius
1094 2028 1170 2084 filius
1194 2028 1325 2084 Damienl
1348 2028 1385 2084 de

136 2132 239 2188 genere
258 2115 399 2170 Colchocb
418 2114 582 2184 (Olochoch)
601 2115 637 2169 ab
655 2131 712 2170 una
730 2119 817 2186 parte,
836 2115 985 2172 Mathaeus
1003 2114 1092 2171 abbas
1110 2116 1142 2172 B.
1160 2115 1197 2172 V.
1214 2116 1251 2171 de
1269 2117 1385 2188 Toplioa

137 2221 173 2260 ex
191 2204 287 2270 altera,
305 2201 381 2258 idem
400 2201 549 2258 Farcasius
566 2203 711 2258 confessus
729 2209 779 2272 est,
798 2203 945 2260 duodecim
972 2220 1067 2260 servos
1089 2209 1117 2260 et
1142 2203 1267 2274 suediae,
1291 2205 1386 2261 haere·

136 2291 252 2347 ditarios
271 2305 347 2358 suos,
372 2306 423 2360 pro
447 2288 542 2344 decem
568 2295 596 2344 et
620 2293 727 2360 septem
752 2292 853 2346 marcis
878 2289 1052 2348 denariorum
1077 2291 1308 2362 Zagrabiensium
1332 2292 1387 2363 ipsi

141 2376 238 2433 abbati
257 2375 424 2444 vendidisse,
443 2393 564 2447 quorum
583 2377 696 2432 nomina
715 2383 794 2432 sunt:
812 2377 910 2450 Lyben
928 2383 957 2434 et
974 2395 1045 2434 uxor
1058 2379 1118 2434 eius
1130 2379 1235 2446 Jurica,
1248 2378 1387 2434 Redomsr

138 2464 214 2519 filius
242 2462 403 2532 eorundem,
429 2463 615 2534 Mmissebg
640 2463 760 2532 Obrade,
785 2465 874 2534 Mara,
901 2465 1023 2534 Martha,
1050 2465 1185 2538 Lybysna
1211 2465 1386 2534 (ajorum),

137 2550 268 2618 (laicave,
293 2549 400 2616 Voebe,
424 2549 568 2606 Vochiche
586 2555 614 2606 et
631 2550 749 2607 Davola.
777 2549 931 2607 Confessus
958 2558 1000 2606 est
1026 2552 1110 2608 etiam
1136 2552 1210 2608 idem
1236 2551 1386 2608 Farcasius

136 2637 193 2693 alia
211 2638 304 2709 capita
323 2653 464 2692 serrorum
483 2642 511 2692 ct
528 2637 693 2694 ancillarum
711 2643 740 2693 et
758 2636 888 2710 quidem:
909 2637 1012 2694 Tomas
1031 2643 1059 2693 et
1077 2655 1148 2694 uxor
1170 2639 1231 2710 ejus
1256 2638 1385 2695 (lenisse-

136 2725 208 2793 vela,
227 2731 256 2781 et
272 2724 419 2792 Redcsele,
447 2723 586 2794 Radiscia,
609 2725 704 2792 Lucia,
732 2725 852 2796 Repeto
877 2729 905 2780 et
927 2741 999 2780 uxor
1025 2725 1087 2796 ejus
1113 2725 1236 2796 Dragani,
1264 2725 1383 2794 Tecana,

138 2812 294 2880 blilnuana,
315 2812 412 2878 Eleas,
438 2811 571 2868 Zerniche
590 2817 617 2868 et
634 2811 763 2867 Dobrina
785 2811 839 2882 ipsi
864 2813 1032 2868 monasterio
1057 2829 1107 2883 pro
1130 2811 1253 2868 remedio
1275 2813 1384 2870 animae

122 2915 206 2956 ‘auae
224 2898 342 2954 dedisse.
361 2897 467 2953 Datum
485 2915 535 2970 per
553 2915 652 2954 manue
669 2899 756 2970 patris
767 2897 891 2954 Ladislai
910 2899 1035 2970 episcopi
1052 2899 1186 2969 tyniensis
1203 2899 1285 2956 aulae
1303 2901 1384 2956 ducis

136 2987 301 3044 cancellarii.
319 2985 447 3042 Ducatus
465 3003 539 3042 anno
557 2985 655 3056 primo.

193 3073 321 3130 Tlrcldid:
339 3075 414 3129 Moe.
432 3074 508 3130 Hiet.
529 3075 558 3127 T.
577 3076 599 3127 Ι.
615 3089 646 3142 p.
668 3076 727 3127 148.

190 3213 341 3269 orlavu.
359 3213 494 3270 viterbii.
513 3217 593 3268 1268.
612 3217 637 3268 3.
657 3213 822 3268 Nocerabrs'e.
842 3213 972 3268 Clemens
995 3212 1047 3268 IV.
1072 3227 1146 3284 papa
1169 3213 1300 3269 transfert
1317 3215 1382 3270 Ale·

136 3300 237 3357 ardum
255 3300 494 3371 archiepiscopum
519 3299 693 3370 Ragusinum
717 3299 753 3354 ad
778 3299 872 3356 sedem
895 3299 1151 3371 archiepiscopatus
1174 3300 1382 3356 arborescensis

137 3389 165 3442 ¹⁰
184 3387 323 3530 sewi.-
340 3473 423 3545 Illyr.
441 3487 512 3530 sacr.
534 3475 563 3529 T.
589 3474 634 3528 VI.
653 3491 681 3544 p.
702 3478 761 3528 110.

191 3614 357 3672 OMLVIII.
375 3618 455 3668 1268.
474 3614 542 3670 Bela
560 3613 611 3670 IV.
631 3631 680 3668 rex
699 3613 845 3684 significat,
864 3613 939 3683 quod
961 3631 1025 3669 cum
1050 3612 1226 3671 considerata
1249 3613 1383 3670 fidelitate

137 3705 247 3762 comitis
266 3701 372 3772 Sagud
390 3701 485 3756 militis
504 3701 620 3755 Henrici
642 3701 758 3772 palatini
776 3705 804 3755 et
821 3699 931 3756 comitis
954 3700 1141 3770 Posoniensis,
1167 3700 1258 3757 eidem
1281 3706 1382 3756 terrem

137 3789 264 3848 cuisdam
283 3788 406 3844 Milonis
424 3789 483 3844 sine
507 3787 628 3844 haerede
655 3787 816 3844 decedentis
839 3788 868 3841 in
896 3788 1029 3844 comitatu
1057 3789 1208 3860 simigiensi
1235 3787 1270 3844 de
1298 3787 1384 3843 Obss·
1443 3779 1450 3796 ⁸

137 3879 226 3933 micae
243 3877 323 3931 iuxta
341 3875 455 3930 fluvium
478 3875 634 3932 Gorbonok
659 3876 821 3931 existentem
846 3875 1010 3931 contulisset
1033 3891 1108 3931 more
1130 3877 1313 3948 praedialium
1336 3873 1384 3931 ha·

137 3963 267 4018 heodem.
286 3961 342 4018 Sed
360 3963 427 4033 quia
445 3963 624 4034 postmodum
642 3964 703 4034 ipse
717 3962 813 4032 Sagud
826 3964 898 4019 circa
911 3963 1001 4033 ipsum
1016 3961 1169 4032 palatinum
1185 3961 1383 4020 commorando

137 4051 196 4122 regi
216 4049 336 4121 plurima
357 4049 468 4105 servitia
487 4049 621 4116 exhibuit,
646 4049 742 4104 multis
767 4065 796 4104 se
820 4052 948 4105 iomanes
971 4048 1083 4105 casibus
1107 4049 1135 4102 in
1159 4049 1384 4118 expeditionibus

138 4137 222 4208 regiis
241 4142 269 4192 et
286 4138 495 4192 conservatione
513 4135 696 4192 confiniorum
716 4136 924 4203 committendo,
942 4141 1042 4190 terrem
1067 4133 1237 4205 praedictam
1261 4151 1278 4189 a
1300 4135 1383 4204 juris·

139 4225 262 4282 dictione
281 4225 389 4282 comitis
406 4223 579 4294 simigiensis
598 4229 626 4279 et
643 4222 678 4280 de
697 4223 860 4278 Chesmioza
882 4222 1056 4278 eximendam
1069 4221 1151 4277 duxit
1162 4221 1187 4278 ei
1199 4219 1382 4276 libertandam

138 4313 185 4381 ita,
204 4311 280 4382 quod
299 4327 351 4366 neo
368 4311 428 4381 ipse
446 4327 497 4366 nec
516 4312 576 4381 ejus
595 4311 728 4366 haeredes
746 4311 853 4365 ratione
871 4309 959 4380 ipsius
977 4314 1066 4364 terrae
1084 4310 1112 4363 in
1132 4309 1227 4378 aliquo
1245 4309 1314 4380 ipsis
1336 4324 1382 4364 co·

138 4399 253 4454 mitibus
275 4401 422 4452 teneantur
441 4397 489 4452 sed
509 4396 684 4452 solummodo
703 4398 760 4452 filio
780 4381 852 4466 regis
872 4395 956 4451 Belac
973 4393 1039 4450 duci
1058 4395 1228 4464 (Slavoniae)
1243 4396 1383 4452 servitium

139 4485 260 4542 debcant
278 4483 417 4540 exhibere.
437 4483 541 4538 Datum
561 4501 610 4555 per
628 4501 727 4540 manus
740 4484 864 4554 magistri
878 4481 1001 4538 Farcssii
1016 4481 1095 4538 electi
1108 4483 1240 4538 eeclesiae
1252 4481 1383 4539 albensis

139 4574 220 4630 aulae
238 4569 464 4628 vicecancellarii.

1245 4779 1278 4834 21
