3376 5350
302 355 366 423 448
797 369 816 410 r.
836 357 1044 420 ausumsvrt

304 563 362 602 uuo
381 547 443 602 loco
468 547 541 602 ultra
563 547 691 602 Drauam
715 548 794 602 iuxta
818 547 924 603 Karasu
951 549 1122 620 (Karailosl)
1141 550 1279 618 situatam,
1302 551 1489 608 Gueredistha
1509 555 1556 608 vel

306 635 447 707 Hydvigh
466 642 591 691 vocatam
611 642 660 692 aut
678 643 797 703 vocatas,
817 653 880 690 cum
898 635 1026 692 omnibus
1045 638 1212 697 utilitatibus
1231 641 1324 694 comiti
1351 641 1475 695 Thomas
1493 642 1555 696 lilio

304 722 447 779 Benedicti
466 723 501 778 de
519 723 615 778 Beend
634 731 661 778 et
679 725 758 778 uxori
778 725 846 790 eius,
865 726 949 778 sorori
969 741 1035 780 suae
1055 727 1165 794 carnali,
1184 727 1340 782 contulerit.
1359 729 1434 782 Dum
1454 737 1554 784 autem

304 811 376 866 idem
396 829 488 868 comes
506 812 626 868 Tlomas
645 811 764 883 populos
776 829 860 884 supra
871 811 943 868 hanc
955 819 1055 868 terram
1068 831 1147 868 suam
1161 821 1365 886 congregasset,
1378 832 1442 870 ecce
1456 816 1553 870 dictus

305 915 375 968 mag.
397 899 564 956 Benedictus
590 901 710 954 eundem
734 899 866 955 Thomam
892 907 920 954 et
944 917 1010 954 suos
1029 901 1194 972 jobagiones
1225 903 1369 974 aufugavit
1393 910 1421 958 et
1445 904 1553 958 dictam

304 993 406 1042 terram
425 988 614 1058 potentialiter
632 989 780 1058 occupavit
797 988 975 1058 percipiendo
994 989 1102 1044 fructus
1125 999 1213 1045 terrae
1236 1007 1286 1062 per
1310 992 1433 1062 quinque
1452 1009 1554 1046 annos.

304 1074 482 1130 Convocatus
501 1075 576 1130 idem
594 1075 762 1130 Benedictus
780 1092 829 1145 per
848 1075 952 1130 dictum
966 1075 1100 1131 'rhomam
1120 1078 1155 1132 ad
1176 1079 1357 1150 praesentiam
1370 1080 1483 1150 regiam,
1497 1078 1555 1134 fuit

303 1164 331 1216 in
351 1162 477 1233 pluribus
492 1163 605 1233 judiciis
623 1163 744 1233 legitime
764 1165 913 1218 convictus.
933 1165 1055 1220 Tandem
1075 1165 1110 1220 de
1127 1167 1309 1236 permissione
1327 1168 1403 1238 regia
1421 1183 1554 1238 compro-

304 1251 439 1304 miserunt
463 1266 575 1305 causam
603 1251 712 1304 arbitris
733 1250 889 1321 judicibus,
915 1253 1069 1308 secundum
1094 1269 1211 1324 quorum
1236 1255 1394 1322 arbitrium,
1419 1254 1554 1310 videlicet

304 1338 412 1392 comitis
431 1337 540 1408 Kemyn
560 1339 667 1392 comitis
686 1338 720 1393 de
739 1338 856 1405 Borona,
874 1339 923 1394 filli
941 1340 1081 1395 Laurentii
1100 1341 1240 1412 quondam
1266 1343 1390 1412 palatini,
1414 1344 1482 1398 item
1503 1359 1552 1398 co-

304 1426 381 1480 mitis
394 1425 523 1480 Andreae
541 1425 589 1479 filii
608 1425 684 1480 Petri
704 1432 732 1480 et
750 1427 897 1482 Bencench
910 1426 958 1480 tilii
973 1427 1084 1482 Martini
1098 1429 1231 1483 nobilium
1246 1429 1394 1500 degenere
1412 1429 1551 1496 Bndimir,

304 1514 370 1568 item
389 1512 497 1566 comitis
515 1511 633 1568 Oruolth
651 1513 700 1566 tilii
719 1513 807 1568 Ylnrii
827 1515 979 1584 degenere
999 1515 1139 1586 Ncmpthi,
1167 1518 1233 1571 item
1253 1515 1398 1570 Michaelis
1420 1517 1469 1572 lilii
1495 1517 1552 1570 Ml-

304 1599 406 1654 cbaells
426 1599 460 1654 de
477 1600 557 1654 iuxta
575 1599 692 1668 Karene,
711 1603 778 1656 item
797 1602 873 1656 Baka
890 1602 938 1656 tilii
957 1602 1071 1658 Marcell
1091 1604 1198 1659 comitis
1217 1604 1251 1658 de
1270 1603 1397 1672 (ibimus,
1417 1606 1484 1658 item
1505 1621 1553 1659 co

303 1687 378 1743 mitis
396 1687 472 1742 Petri
492 1687 539 1742 tilii
557 1687 655 1742 Buchlr
681 1687 716 1743 de
734 1689 859 1754 Bermen,
879 1695 907 1744 et
926 1691 1034 1744 comitis
1052 1691 1136 1746 Burin
1165 1691 1213 1746 filii
1243 1691 1327 1746 Burin
1354 1691 1388 1745 de
1413 1691 1553 1754 Heroum,

305 1775 416 1830 Meroth
434 1776 504 1846 nigri
524 1775 559 1830 de
576 1775 673 1846 Peray,
691 1777 791 1831 Jaccbi
809 1775 858 1830 filii
882 1777 1025 1840 Porozlov,
1046 1777 1180 1832 nobilium
1208 1779 1355 1833 comitatus
1381 1777 1415 1833 de
1440 1779 1553 1834 Barnun

303 1861 477 1932 aliorumque
487 1863 621 1918 nobilium
634 1863 898 1934 conprovincialium
911 1864 1116 1920 concordarunt
1128 1873 1220 1935 partes
1233 1866 1280 1932 ita,
1294 1867 1370 1936 quod
1382 1868 1441 1936 ipse
1455 1882 1554 1920 cornea

304 1951 424 2004 Thomas
438 1959 550 2021 propter
574 1952 657 2022 pium,
675 1952 848 2021 cognationis
874 1951 1003 2006 allectum
1029 1959 1057 2006 et
1080 1970 1201 2007 amorem
1226 1953 1358 2008 damnum
1383 1953 1489 2008 iactum
1516 1954 1554 2008 ad

303 2039 339 2092 40
356 2055 462 2092 marcas
482 2039 612 2104 exsolvit;
631 2040 697 2094 item
716 2043 802 2092 totam
823 2039 977 2108 portionem
996 2056 1075 2094 suam
1094 2042 1122 2094 in
1141 2041 1249 2094 iudiciis
1268 2041 1319 2094 sibi
1339 2041 1462 2096 debitam
1476 2041 1554 2096 circs

304 2127 339 2180 20
358 2142 464 2180 marcas
483 2131 654 2180 numeratam
673 2126 763 2180 eidem
782 2126 933 2180 Bcnedieto
952 2127 1098 2191 relaxavlt;
1112 2128 1280 2183 Benedictus
1293 2137 1384 2183 autem
1397 2145 1482 2198 supra
1501 2145 1554 2182 no·

306 2215 425 2268 minatus
444 2220 530 2268 terras
549 2214 621 2268 ultra
639 2215 766 2268 Dravvam
786 2216 863 2267 iuxta
883 2214 980 2268 fluvios
1004 2215 1112 2270 Karasu
1132 2223 1159 2270 et
1179 2215 1320 2270 Welchiaa
1338 2216 1453 2270 situatas
1473 2215 1554 2272 dicto

306 2301 428 2356 Thomas
446 2307 473 2355 et
492 2302 576 2357 sorori
596 2319 663 2356 suae
681 2302 793 2356 remisit.
812 2302 905 2356 Metae
923 2301 1005 2356 hirtus
1019 2309 1106 2357 terrae
1120 2303 1239 2370 fuerunt,
1258 2319 1331 2372 aqua
1350 2302 1452 2367 Miska,
1473 2311 1551 2358 terra

308 2389 442 2442 nobilium
462 2389 614 2460 degenere
633 2389 734 2455 Zebov,
753 2397 841 2444 terrae
860 2389 935 2444 Petri
953 2390 1017 2443 bani
1037 2397 1065 2444 et
1083 2391 1202 2444 tiliorum
1221 2406 1334 2445 suorum
1361 2390 1474 2461 Ozyngh
1502 2409 1552 2446 vo·

305 2485 390 2543 eatae,
409 2477 487 2532 locus
506 2476 687 2543 Hotharastk,
706 2493 778 2546 aqua
797 2477 954 2547 Welchyza.

360 2565 485 2620 Weissel:
506 2565 571 2620 (lod.
591 2565 659 2635 dipl.
679 2565 786 2636 Arpod.
807 2565 843 2620 X.
861 2569 923 2619 228.

359 2706 579 2762 MDLXXVIII.
599 2709 675 2760 1296.
693 2711 719 2760 6.
738 2707 845 2759 tilensis
865 2707 974 2760 Martii.
995 2707 1128 2761 Nicotaus
1148 2707 1323 2776 praepositus
1341 2713 1369 2760 et
1394 2707 1554 2778 capitulum

305 2793 584 2865 Quinqueectcsiense
602 2795 767 2864 significant,
780 2795 856 2865 quod
875 2795 982 2849 nobiles
991 2796 1116 2866 juvene,
1129 2795 1235 2861 fratres,
1249 2794 1402 2864 patrueles:
1421 2794 1556 2865 Magistri

306 2882 472 2936 Laurentius
491 2888 519 2936 et
537 2881 684 2953 Philippus
697 2899 729 2937 ac
742 2883 889 2937 Ladislaus
902 2883 976 2937 tilius
988 2884 1112 2952 magistri
1126 2881 1261 2953 Philipus‚
1275 2883 1445 2943 liliicomitls
1458 2883 1554 2953 Glety,

309 2971 345 3024 ab
364 2988 420 3024 una
438 2977 516 3041 parte
535 2977 563 3025 et
580 2972 704 3042 magistri
723 2971 875 3036 Johannes,
894 2971 1028 3042 Philipus‚
1042 2972 1208 3038 Demetrius,
1222 2971 1367 3026 Lsdlslsus
1380 2969 1429 3024 tilii
1442 2971 1556 3026 comitis

310 3057 440 3124 Ladislai,
460 3058 509 3112 tilii
529 3059 651 3113 eiusdem
680 3060 790 3113 comitis
809 3058 890 3128 Clety
907 3059 942 3112 ab
970 3059 1056 3114 altera
1079 3060 1197 3114 confessi
1223 3060 1287 3119 sint,
1312 3057 1388 3129 quod
1412 3075 1476 3112 cum
1495 3059 1553 3130 ipsi

310 3163 394 3216 super
412 3147 634 3217 possessionibus
653 3147 711 3201 suis
724 3147 758 3201 de
777 3147 860 3216 Zelyn
878 3148 906 3200 in
925 3149 1057 3201 comitatu
1081 3146 1239 3212 Tholnensi,
1263 3147 1343 3200 metis
1366 3147 1424 3200 suis
1447 3147 1483 3200 ab
1509 3147 1553 3202 in·

306 3234 395 3287 vicem
415 3233 586 3304 separando;
606 3235 672 3288 item
690 3251 774 3305 super
792 3234 1011 3304 possessionibus
1029 3236 1087 3288 suls
1106 3234 1178 3286 ultra
1192 3233 1305 3287 fluvium
1319 3234 1428 3288 Dravae
1440 3235 1554 3290 situatis

307 3324 388 3376 metis
408 3322 570 3392 separando,
584 3321 745 3376 divisionem
761 3323 833 3376 iuter
851 3339 880 3375 se
898 3321 1035 3389 fecissent,
1050 3321 1154 3374 diutius
1172 3321 1330 3374 vertebatur
1343 3321 1416 3374 circa
1429 3321 1552 3390 quedam

306 3411 384 3464 illata
402 3410 503 3465 damna
526 3427 617 3464 coram
644 3409 756 3464 Andrea
779 3427 843 3480 rege
868 3417 895 3462 et
917 3409 1011 3476 judice
1036 3409 1127 3462 curiae
1151 3425 1225 3473 suae,
1254 3413 1281 3461 et
1313 3425 1405 3462 coram
1431 3407 1555 3463 Ducissa

307 3500 394 3552 totius
413 3498 557 3552 Slavoviae
576 3498 701 3567 quaestio
720 3503 748 3550 et
765 3497 915 3562 altercatio,
935 3495 1048 3550 tandem
1060 3495 1094 3549 de
1108 3497 1248 3550 voluntate
1267 3495 1395 3550 dominae
1413 3497 1552 3552 Ducissae

307 3585 458 3638 secundum
478 3585 623 3639 arbitrium
643 3585 751 3639 comitis
769 3584 865 3638 Ochus
884 3583 918 3637 de
936 3599 1037 3651 genere
1055 3582 1158 3647 Buzad,
1174 3581 1279 3652 judicis
1303 3584 1395 3637 curiae
1420 3582 1554 3638 dominae

306 3673 451 3738 Ducissae,
461 3673 581 3726 Lorandi
596 3672 743 3742 woyvodae
756 3672 805 3727 lilii
818 3672 948 3740 Thomas,
962 3673 1028 3725 item
1043 3687 1112 3724 com.
1129 3671 1269 3724 Benedicti
1286 3671 1405 3736 Iwarrka,
1424 3673 1553 3742 magistri

306 3760 425 3829 Geyleth
443 3760 493 3813 filii
512 3761 635 3829 magistri
655 3759 801 3829 Geylethy,
825 3759 960 3814 nobilium
981 3759 1015 3812 de
1033 3758 1149 3828 Posega,
1168 3759 1233 3812 item
1259 3758 1368 3812 comitis
1392 3758 1496 3812 Detrici
1525 3769 1553 3814 et

306 3849 398 3902 fratris
418 3849 461 3901 sui
480 3848 602 3916 magistri
621 3848 711 3916 Bolug
731 3849 838 3902 cernitis
858 3853 885 3901 et
903 3847 1045 3901 castellani
1066 3847 1099 3900 de
1118 3845 1234 3914 Posega,
1260 3844 1326 3897 item
1344 3845 1468 3916 magistri
1488 3843 1552 3900 Ste-

306 3935 389 4005 phani
408 3936 456 3988 lilii
475 3934 613 3988 Jobaurvls
631 3936 665 3988 de
684 3933 765 4002 Gara,
785 3943 812 3989 et
830 3937 954 4004 magistri
969 3935 1107 3988 Dominis-i
1122 3933 1261 4004 (litandam
1276 3929 1399 4002 palatini,
1412 3931 1460 3986 tilii
1475 3931 1552 3988 Petri

307 4023 459 4092 degenere
479 4023 756 4092 Classicumque
776 4024 909 4077 nobilium
934 4022 1072 4076 amicabili
1097 4022 1296 4092 compositione
1321 4027 1414 4090 partes
1439 4037 1554 4076 concor-

307 4111 406 4163 darunt
420 4112 466 4175 ita,
485 4111 558 4179 quod
578 4111 626 4164 filii
641 4111 748 4164 coniitia
761 4111 882 4164 Ladislai
902 4110 1079 4164 medietatem
1092 4108 1273 4178 possessionis
1286 4115 1314 4162 et
1327 4110 1407 4162 castri
1422 4107 1448 4162 N
1450 4109 1552 4164 adasth

307 4198 334 4250 in
354 4199 487 4251 comitatu
507 4198 541 4252 de
560 4198 675 4264 Tholna,
694 4200 758 4253 item
773 4199 841 4252 duas
855 4204 940 4251 terras
954 4199 1071 4250 Beersen
1086 4207 1112 4250 ct
1125 4195 1244 4250 Zeklech
1257 4195 1395 4250 incudem
1409 4198 1553 4262 comitatu,

307 4286 373 4336 item
392 4285 567 4339 medietatem
587 4293 720 4341 terrarum
746 4287 847 4350 Znuva,
872 4285 961 4338 Zerna
979 4291 1007 4338 et
1027 4285 1099 4338 Bora
1116 4287 1144 4338 in
1165 4285 1297 4337 comitatu
1324 4282 1358 4337 de
1384 4283 1492 4338 Baruna
1518 4303 1553 4339 ex

307 4373 360 4424 istu
380 4381 458 4440 parte
483 4373 558 4426 tlrrvii
581 4373 705 4438 Dravvae,
725 4375 790 4426 item
810 4374 923 4427 totalem
944 4372 1119 4426 medietatem
1139 4373 1221 4425 castri
1242 4371 1375 4441 Koronog
1402 4371 1475 4425 ultra
1502 4371 1554 4426 flu·

307 4458 382 4512 vium
401 4459 518 4512 Dravvae
538 4460 699 4514 dimiserunt
718 4461 780 4513 tiliis
799 4461 907 4512 comitis
932 4459 1067 4528 Plrilipus.
1093 4459 1117 4512 Ε
1143 4467 1239 4512 contra
1264 4457 1312 4510 filii
1336 4459 1459 4527 magistri
1486 4459 1554 4512 Phi-

307 4551 400 4615 lippus
425 4547 601 4602 medietatem
627 4550 707 4602 castri
727 4555 754 4602 et
773 4547 953 4617 possessionis
973 4546 1090 4615 Oryawa
1108 4547 1136 4599 in
1155 4546 1270 4615 Poscga,
1289 4545 1357 4598 item
1376 4545 1445 4598 duas
1464 4551 1555 4602 terras

309 4637 440 4705 Hothyas
466 4643 493 4689 ct
522 4636 625 4690 Bctlrcv
649 4637 725 4690 iuxta
752 4637 866 4690 fiuvium
889 4636 1004 4688 Drawae
1032 4635 1189 4704 adjacentes
1216 4633 1406 4704 relinquemnt
1431 4633 1459 4686 in
1489 4651 1556 4689 con-

310 4724 448 4779 cambium
468 4725 681 4794 praemissorum
705 4725 769 4779 filiis
795 4725 903 4778 comitis
921 4723 1057 4790 Ladislsi;
1082 4723 1234 4777 diviserunt
1257 4737 1368 4793 quoque
1390 4719 1450 4792 pari
1469 4723 1557 4780 modo
