3480 5356
352 419 418 488 320
853 439 874 484 n
894 423 1092 492 rurrnrsmo,

352 610 433 679 tensi,
451 607 598 666 timotheo
616 607 749 680 episcopo
766 605 954 678 Zegrsbiensi,
974 605 1099 662 Henioc
1118 603 1192 662 buno
1211 602 1298 662 totius
1316 599 1474 672 nerones,
1494 598 1598 674 Epidio

350 695 425 754 bunc
443 695 480 754 do
498 695 627 765 Machor,
645 694 735 753 Penio
753 695 828 752 beno
846 693 881 750 do
899 693 1029 750 Zenrino.
1096 731 1109 746 -.
1291 755 1300 766 ,

403 783 454 840 En
476 783 549 840 actis
575 797 628 854 per
649 781 752 840 besum
776 781 1054 850 Rom-nooman
1074 794 1109 836 sc
1130 778 1210 850 repsi
1234 777 1348 836 arctico
1371 777 1475 836 citatis
1501 779 1536 834 N.
1565 779 1600 834 R.

352 871 387 926 A.
405 869 490 928 Fuso.
507 873 567 927 135.
585 870 623 926 Ν.
642 873 686 926 19.

405 1008 574 1066 mnxxvl.
604 1007 753 1080 inperii.
773 1011 853 1066 1272.
872 1012 913 1065 11.
937 1007 1067 1079 Aspusti.
1091 1007 1189 1064 Frater
1215 1005 1313 1064 Simon
1340 1004 1376 1061 de
1401 1003 1539 1075 Trsgnrio
1565 1003 1602 1061 de

353 1095 451 1154 ordine
469 1096 517 1153 Fr.
535 1095 763 1153 Pmedicutorum
782 1095 887 1152 electus
905 1096 1056 1168 spiscopus
1073 1093 1240 1151 Tininiensis
1252 1093 1397 1150 constituit
1414 1095 1443 1149 et
1459 1091 1600 1148 ordinsrit

354 1183 508 1240 Murtinum
526 1183 692 1240 canonicum
706 1182 735 1239 Β.
747 1182 890 1240 Laurentii
902 1199 985 1240 suum
1000 1185 1207 1254 procuratorem
1220 1186 1248 1238 et
1259 1181 1389 1237 nuntium
1401 1179 1437 1236 ed
1451 1179 1601 1252 petendum

353 1269 595 1327 confirmetionem
614 1286 682 1326 sune
700 1269 844 1326 electionis
864 1286 958 1327 ocrem
982 1269 1132 1326 venerabili
1156 1268 1366 1342 archiepiscopo
1389 1266 1549 1340 Spsistensi
1572 1269 1601 1322 et

351 1359 414 1414 eliis
432 1357 601 1430 quibusdum
620 1357 754 1430 personis.
783 1358 885 1413 Actum
903 1357 931 1412 in
950 1357 1041 1429 cepite
1068 1355 1207 1413 sonisrnm
1225 1355 1322 1428 peletii
1339 1355 1367 1412 d.
1385 1355 1502 1423 comitis,
1521 1369 1600 1426 pree-

353 1445 480 1502 sentibns
497 1448 612 1502 Ossouo
623 1445 779 1516 primicerio
796 1450 825 1502 et
842 1445 965 1502 Muttine
978 1443 1013 1501 de
1026 1444 1178 1500 Ouenresss
1190 1449 1219 1500 et
1230 1442 1349 1500 Nicolso
1365 1443 1464 1513 Longo
1481 1441 1600 1500 testibus

353 1537 382 1588 et
400 1531 516 1590 Matheo
533 1531 627 1588 Lucus
645 1532 843 1589 examinatore.

405 1619 538 1676 Forioti:
557 1619 631 1675 mir.
648 1635 720 1676 socr.
744 1621 773 1676 T.
791 1619 844 1676 IV.
863 1635 893 1690 p.
911 1623 976 1676 787.

405 1758 591 1817 MLXXVII.
609 1761 710 1819 Albus.
729 1763 804 1818 1272.
822 1763 867 1818 71.
891 1759 1021 1830 Arsacen.
1045 1759 1194 1817 itndislsus
1212 1757 1265 1816 IV.
1282 1775 1332 1816 rex
1349 1758 1473 1815 insinuet
1493 1757 1599 1830 Trsgu·

354 1849 493 1906 riensibns
511 1847 588 1920 quod
607 1849 643 1904 sit
660 1849 738 1920 regni
757 1849 800 1904 sui
818 1846 975 1904 diedemute
992 1847 1141 1920 insignitus
1165 1852 1194 1906 et
1215 1853 1374 1906 conomius.
1398 1845 1548 1918 Regeeqns
1571 1849 1600 1901 et

355 1937 495 2010 principes
514 1951 664 2007 regnorum
681 1937 899 2007 circumquaque
922 1935 1107 1994 adiacentium
1132 1943 1198 1994 sunt
1220 1953 1285 1994 cum
1311 1952 1345 1993 oo
1369 1936 1399 1992 in
1422 1935 1498 1992 bons
1521 1935 1598 2006 pscis

354 2024 465 2080 unione.
495 2023 590 2092 Qnere
608 2024 648 2080 eie
666 2023 780 2079 firmiter
805 2023 928 2092 mundet,
951 2029 1091 2096 quotenne
1112 2025 1187 2082 ciros
1210 2041 1244 2082 es
1266 2040 1340 2096 quse
1366 2024 1460 2095 ipsum
1484 2029 1512 2078 et
1532 2021 1600 2078 Jou-

353 2111 468 2168 chinnm
485 2110 591 2168 benum
608 2113 783 2182 contingunt,
801 2112 850 2168 tuli
868 2111 1002 2168 fideiitute
1025 2113 1185 2184 procedent,
1209 2117 1241 2168 nt
1264 2127 1313 2170 eos
1337 2111 1415 2168 omni
1438 2109 1513 2166 bono
1536 2125 1599 2180 pro·
1721 2141 1722 2148 .

353 2214 473 2269 sequere
490 2199 587 2270 poenit,
606 2200 675 2255 suet
693 2199 767 2255 enim
785 2197 861 2270 qnod
879 2200 1007 2272 quemvis
1034 2201 1071 2256 sit
1094 2199 1130 2256 ed
1155 2215 1287 2273 praesens
1317 2200 1346 2254 in
1372 2197 1474 2270 puerili
1499 2200 1598 2262 sotsto,

352 2292 447 2344 tumen
464 2285 550 2342 hebet
568 2291 735 2358 potestatem
759 2287 935 2358 insurgentes
960 2292 1057 2344 contre
1075 2303 1141 2344 sum
1159 2293 1286 2360 potenter
1302 2285 1456 2343 coercendi.
1475 2284 1557 2342 Unde
1576 2284 1599 2338 si

353 2372 459 2444 aliquid
478 2373 649 2430 infidelitatis
667 2375 696 2428 in
713 2374 799 2430 oords
816 2391 913 2430 eorum
931 2374 1070 2444 ascendet,
1095 2392 1147 2432 neo
1171 2391 1256 2449 super
1279 2375 1369 2446 equis,
1393 2390 1444 2430 nec
1466 2374 1495 2428 in
1519 2371 1599 2428 terris

354 2459 473 2516 credent
491 2477 591 2516 munus
609 2461 678 2518 eins.
698 2459 769 2516 Vnit
786 2463 869 2518 etism
893 2468 926 2518 ut
948 2463 1067 2519 msiores
1085 2479 1120 2518 ex
1138 2464 1179 2518 eis
1197 2464 1310 2519 veniunt
1327 2462 1363 2518 sd
1381 2477 1454 2528 eum,
1473 2461 1545 2516 mont
1562 2457 1598 2514 sd

353 2545 497 2604 dominnm
515 2564 598 2604 snum
615 2549 771 2606 nutnrelem
789 2549 951 2606 festinanter
968 2549 1028 2607 sine
1046 2550 1141 2621 sitque
1160 2550 1267 2606 timore.

287 2669 290 2676 ι
405 2635 527 2692 Mus:
545 2636 586 2690 De
602 2651 687 2706 sepse
706 2637 798 2694 Dum.
816 2642 843 2692 ct
863 2637 1259 2708 Oroet.11ib.lV.oop.1X.

405 2771 606 2830 Mnxxvm.
624 2773 662 2830 Iu
679 2775 775 2832 iunctio
798 2776 853 2834 set
865 2817 872 2832 .
885 2815 912 2832 ·.
935 2780 1016 2834 1272.
1040 2781 1085 2834 70.
1108 2777 1280 2834 Nooomtsis.
1304 2776 1453 2833 Ludislsus
1470 2775 1523 2832 1v.
1541 2792 1598 2832 rex»

351 2861 484 2934 potestati
501 2865 530 2916 ct
547 2862 688 2918 communi
710 2860 745 2919 de
769 2862 906 2933 Tragurio
924 2863 973 2935 qui
991 2864 1016 2920 ei
1034 2881 1084 2936 per
1106 2865 1237 2920 nuntium
1261 2881 1345 2920 sunm
1363 2863 1496 2922 Oosmm
1514 2865 1598 2936 signi·
1723 2869 1724 2878 ¹

352 2947 504 3018 licaverint,
528 2948 605 3020 quod
629 2949 752 3006 debitum
776 2950 938 3008 fidelitatem
963 2951 988 3007 ei
1012 2951 1133 3023 perfecte
1156 2967 1265 3008 serrsre
1289 2957 1318 3009 et
1339 2952 1368 3007 in
1392 2968 1426 3008 eu
1450 2951 1598 3023 persistere
1721 3009 1724 3034 ἱ

352 3041 489 3108 perpetuo
507 3035 613 3106 volunt,
632 3037 714 3092 refert
741 3037 781 3092 eis
804 3036 908 3092 multus
930 3037 1042 3109 gratius,
1065 3038 1261 3108 ussecurendo,
1286 3037 1363 3110 qnod
1388 3053 1438 3096 eos
1461 3039 1491 3094 in
1516 3037 1597 3094 liber·

352 3124 457 3180 nunus
480 3129 509 3179 et
527 3124 639 3196 juribus
663 3140 760 3182 eorum
781 3141 854 3196 ques
871 3142 889 3181 n
906 3126 1010 3182 eunctis
1033 3125 1258 3199 progenitoribus
1277 3131 1434 3194 tenuerunt,
1458 3125 1525 3184 reiit
1549 3140 1598 3197 per
1723 3195 1724 3200 γ

352 3211 446 3266 omnin
464 3227 636 3268 conseruere.

403 3297 525 3356 Lucium
545 3299 674 3355 11111.ἅὲ
694 3298 779 3358 itas.
796 3317 825 3372 p.
840 3303 880 3356 91.

405 3438 571 3494 mxxlx.
584 3443 667 3496 1272.
686 3444 711 3496 2.
729 3441 894 3498 Decembris.
912 3439 1060 3500 indiuisus
1077 3441 1130 3501 1v.
1142 3459 1192 3500 rex
1209 3443 1355 3500 confirmet
1373 3441 1463 3500 ordini
1480 3443 1596 3500 insnum
1723 3491 1724 3496 ,

351 3524 650 3582 Prsemostretensium
668 3526 862 3584 donationeles
885 3529 929 3585 nvi
955 3530 999 3584 sui
1022 3531 1107 3587 Belus
1130 3529 1182 3588 IV.
1204 3531 1279 3602 regis
1301 3531 1520 3588 monesterio'b.
1544 3529 1597 3586 Mi·

351 3613 456 3669 chnelis
478 3613 639 3683 nchengeli
661 3613 697 3670 de
721 3615 812 3672 insnis
830 3615 955 3686 Virginis
971 3617 1079 3674 Murice
1102 3618 1143 3687 (in
1165 3617 1340 3690 Hungsris);
1362 3619 1408 3674 nbi
1429 3618 1501 3675 inter
1519 3633 1597 3692 pree·

353 3699 427 3756 lotos
446 3705 474 3756 et
492 3715 621 3771 proceres
638 3707 786 3758 occurunt:
810 3701 934 3759 Joennos
958 3703 1185 3778 urchiepiscopus
1211 3703 1393 3778 spalatensis,
1417 3705 1597 3763 Timothscus

355 3787 506 3860 episcopus
533 3787 737 3858 zegrebiensis,
765 3785 911 3847 &landus
938 3790 1087 3863 peintinm,
1114 3791 1206 3849 bunne
1232 3791 1269 3850 ds
1296 3791 1407 3860 Meoho,
1434 3791 1597 3850 ioschimue

352 3875 485 3946 magister
501 3875 713 3944 turonicorum,
737 3875 887 3934 Methsens
905 3877 996 3934 benus
1014 3879 1099 3936 totins
1118 3878 1276 3950 Siuvonise,
1294 3880 1435 3938 Henrions
1452 3879 1544 3938 bonus
1562 3877 1597 3936 de

352 3961 472 4019 Wouoru
489 3959 570 4018 etde
588 3961 645 4030 Sol,
660 3961 818 4020 Alexnnder
835 3963 920 4021 iudex
937 3965 1030 4022 cnriue
1049 3971 1077 4022 et
1094 3982 1188 4024 comes
1206 3966 1241 4023 de
1253 3966 1356 4036 Vrbes,
1374 3967 1481 4024 Psnlns
1507 3966 1597 4022 benus

353 4046 388 4105 de
406 4048 536 4119 Zenriuo,
553 4048 679 4106 Josnnes
697 4066 791 4107 comes
810 4050 991 4120 Zelndieneie,
1010 4051 1170 4124 stephanus
1189 4055 1280 4110 benus
1304 4053 1340 4110 dc
1364 4054 1468 4122 Bosnn,
1492 4053 1597 4124 Grego-

351 4135 409 4192 rius
431 4136 519 4192 bunne
537 4135 573 4192 de
591 4137 691 4194 Kuche
709 4143 737 4194 st
755 4137 791 4195 de
808 4138 947 4210 Boronch,
964 4139 1131 4197 Herbordns
1149 4157 1243 4198 comes
1260 4140 1297 4198 dc
1315 4141 1433 4198 Burnus.

404 4222 503 4292 Feier:
524 4221 590 4280 Occi.
608 4223 678 4295 dipl.
700 4225 729 4281 i'.
754 4224 782 4281 V.
799 4225 852 4282 oui.
870 4227 913 4284 H.
929 4243 959 4298 p.
977 4231 1021 4284 16.

405 4361 560 4420 MLXXX.
587 4363 711 4436 Spsisti.
736 4369 884 4424 117117.
911 4367 1075 4425 Decembris.
1105 4365 1260 4426 Eunoenus
1287 4370 1438 4443 opiscopus
1466 4369 1597 4430 Oorburi-

355 4450 429 4506 ensis
448 4450 593 4522 significet,
611 4451 688 4523 quod
705 4451 742 4508 do
759 4453 892 4512 mnuduto
909 4453 929 4510 J
930 4455 1027 4510 oannis
1045 4455 1245 4529 archiepiscopi
1263 4455 1438 4530 Spelstensis
1455 4459 1485 4514 in
1502 4473 1597 4516 monu-

355 4537 439 4592 sterio
457 4538 673 4610 metropolitano
692 4539 819 4610 (occissis
837 4539 866 4598 Β.
884 4542 1010 4612 Domnii)
1029 4543 1177 4600 Nicolsum
1201 4545 1320 4602 eiectum
1343 4546 1511 4619 Tynienscm
1539 4547 1598 4604 sine
1723 4545 1724 4568 ³

354 4621 411 4678 ulle
428 4625 645 4684 contrudictione
662 4629 847 4699 promovisset
863 4628 900 4686 ed
918 4645 1028 4688 sucrum
1046 4631 1197 4692 secerdote
1216 4633 1351 4692 ordinem.

406 4710 540 4770 Forioti:
558 4713 631 4772 Iiis'r.
647 4729 720 4774 soor.
739 4715 770 4776 Τ.
787 4715 841 4776 IV.
856 4731 887 4790 p.
904 4720 965 4776 187.
