3376 5350
648 436 797 480 neeesse.
1283 430 1348 494 415

101 611 210 680 denmt,
230 616 390 670 confirmare
409 615 576 686 dignaretur.
595 616 656 672 Rex
674 617 759 687 igitur
777 615 922 673 attendens
940 620 1051 672 servitia
1069 636 1163 674 eorum
1186 615 1224 674 et'
1236 620 1349 690 praede·

100 704 562 775 cessurum,etobsequiaeon1m
584 705 705 774 gratrrita
723 722 794 776 quae
812 707 842 760 in
867 707 1023 775 receptione
1047 708 1205 762 nuntiorum
1230 709 1289 762 eius
1313 709 1349 762 ad

99 791 207 844 curiam
225 789 380 846 Romanam
398 799 427 846 et
444 792 480 846 sd
498 791 634 848 Karolum
653 809 744 863 regem
764 792 865 848 Sicilae
889 800 917 847 et
935 793 1007 849 filios
1025 813 1098 863 suos,
1117 801 1249 866 cognatos
1267 797 1347 866 regns,

100 877 301 932 elestinatorum
319 879 516 948 hospitalitatis
534 881 651 950 gratiam
669 879 854 952 impendendo
871 898 926 936 nou
939 883 998 938 sine
1016 885 1124 952 magnis
1142 901 1237 938 eorum
1255 899 1349 954 sump-

100 966 178 1020 tibus
193 965 395 1036 impenderunt,
408 967 549 1022 universas
567 985 661 1023 eorum
684 968 872 1038 possessiones
890 975 941 1023 etc.
961 969 996 1023 de
1014 968 1150 1024 Corbavia
1162 977 1190 1024 et
1202 969 1237 1024 de
1249 969 1349 1038 Segne,

103 1069 175 1122 quas
200 1071 216 1106 a
240 1054 351 1122 regibus
378 1054 636 1124 praedecessoribus
663 1063 690 1111 et
718 1055 859 1126 Stephano
885 1063 963 1126 patre
988 1057 1048 1110 eius
1077 1056 1199 1126 legitime
1223 1057 1351 1112 obtentas

102 1141 216 1208 habent,
235 1140 339 1196 eisdem
357 1140 486 1210 Johanni,
505 1142 651 1198 Leonardo
669 1150 696 1198 et
715 1143 780 1198 filiis
798 1160 893 1198 eorum
918 1145 997 1198 duxit
1015 1143 1225 1200 confirmandas.
1244 1145 1350 1198 Datum

100 1245 153 1300 per
171 1245 270 1282 manus
289 1225 416 1298 Gregorii
436 1231 557 1300 episcopi
576 1230 767 1286 chenediensis
779 1231 859 1286 aulae
873 1231 1036 1286 cancellarii.

163 1317 236 1386 Θήρ.
256 1316 288 1369 in
313 1315 384 1368 actis
408 1332 457 1386 per
482 1316 585 1370 bonam
609 1317 894 1388 Kalen-Hecatam
918 1335 952 1373 ec
976 1319 1088 1373 archivo
1111 1320 1192 1390 renni
1220 1319 1349 1374 croatiae

102 1403 217 1458 ablotis.
236 1404 272 1457 N.
292 1404 327 1458 R.
346 1404 381 1456 A.
399 1404 480 1457 Fosc.
499 1407 557 1460 316.
578 1423 605 1460 a.
624 1408 649 1458 5.
676 1407 785 1460 Eatitlt
810 1423 914 1476 qaoque
940 1407 970 1462 in
995 1408 1107 1462 archivo
1132 1423 1197 1461 com.
1222 1407 1348 1479 Fronqe·

95 1492 175 1560 pani
193 1493 224 1545 ia
244 1491 354 1545 castello
373 1491 504 1560 Perpetto
522 1493 621 1546 Friuls'
639 1494 676 1548 N.
695 1499 719 1550 8.

157 1632 301 1688 lllGDXL.
319 1633 429 1688 sudu.
449 1637 524 1688 1289.
544 1639 586 1688 17.
605 1635 697 1690 Jtuas'i.
711 1635 858 1690 Ladislaus
871 1635 922 1690 lV.
935 1653 983 1692 rer
996 1635 1141 1706 siguificat,
1154 1636 1229 1706 quod
1242 1636 1349 1690 intuitis

103 1721 223 1775 servitiis
241 1721 360 1775 tiliorum
379 1721 463 1788 Petri,
482 1729 614 1794 nepotum
633 1723 778 1790 Knchuna,
797 1741 868 1793 quae
892 1725 916 1778 ei
940 1725 969 1778 in
992 1725 1120 1778 omnibus
1138 1725 1213 1794 regni
1233 1725 1352 1793 negotiis

102 1807 222 1863 fideliter
240 1808 440 1878 impenderunt,
459 1811 499 1863 eis
517 1817 617 1864 terram
636 1810 744 1865 Nicolai
764 1811 812 1866 lilii
833 1811 941 1866 llilrula
959 1812 1017 1866 sine
1035 1811 1153 1866 haerede
1172 1810 1350 1866 decendentis

101 1899 132 1951 in
152 1897 283 1951 comitatu
301 1896 419 1952 Retvche
438 1897 574 1965 saevitae)
593 1900 755 1953 existentem
775 1899 928 1954 conttderit.

162 1982 287 2038 Wenrel:
308 1984 372 2040 cod.
393 1985 461 2054 dipl.
481 1987 550 2054 Arp.
570 1986 624 2040 IX.
641 2004 671 2055 p.
690 1989 748 2040 550.

157 2125 318 2180 MCDXLI.
336 2127 483 2198 Trsanii.
502 2129 577 2182 1289.
595 2131 620 2182 3.
640 2125 715 2182 Julii
725 2160 757 2167 -
777 2130 817 2182 16.
836 2128 1001 2184 Decembris.
1021 2129 1076 2183 Die
1087 2129 1113 2182 3.
1128 2129 1197 2184 Julii
1217 2135 1351 2184 statutum

104 2215 159 2268 fuit
176 2215 205 2268 in
224 2215 339 2269 consilio
357 2215 477 2286 generali
497 2216 703 2270 communitatis
729 2215 938 2286 Traguriensis,·
952 2215 1027 2287 quod
1045 2217 1190 2271 mittantur
1208 2217 1282 2272 bano
1306 2234 1352 2288 pe-

105 2303 176 2356 tenti
195 2303 248 2356 100
264 2301 397 2368 homines,
414 2304 512 2357 armati
531 2319 580 2373 per
597 2302 634 2357 X.
654 2301 712 2357 dies
732 2310 760 2357 et
779 2303 921 2358 solvantur
938 2305 978 2359 eis
996 2303 1032 2358 ad
1050 2305 1185 2359 rationem
1204 2304 1284 2359 solidi
1297 2311 1353 2360 tres

105 2407 157 2460 pro
175 2389 219 2444 die
238 2397 265 2444 et
284 2389 364 2444 detur
381 2391 421 2445 eis
439 2391 528 2445 serina
551 2390 585 2446 de
604 2392 751 2445 communi.
770 2423 804 2430 —
822 2391 876 2446 Die
902 2391 943 2446 18.
968 2393 1088 2463 Augusti
1113 2393 1258 2446 mittantur
1280 2393 1352 2447 bano

104 2489 163 2532 tres
180 2477 298 2532 barchae
316 2485 438 2533 armatae
456 2496 519 2533 cum
538 2486 601 2534 octo
617 2478 775 2534 hominibus
795 2481 823 2534 in
842 2479 966 2550 qualibet
983 2479 1093 2534 barcha.
1107 2511 1139 2518 -
1153 2479 1206 2533 Die
1220 2480 1261 2532 ll.
1275 2477 1351 2548 Sept.

106 2564 255 2620 Mittantur
267 2565 359 2620 comiti
373 2565 498 2620 Mladino
517 2573 545 2620 et
563 2566 693 2620 iratribus
718 2573 837 2637 quatuor
854 2567 973 2622 salmerii
992 2567 1048 2620 vini
1067 2573 1095 2620 et
1113 2583 1184 2620 nnus
1202 2581 1352 2635 peponum.

106 2653 259 2706 Armentur
278 2669 326 2706 sex
344 2653 461 2708 barches
486 2670 536 2723 pro
554 2654 678 2723 qualibet
702 2671 774 2709 unus
795 2655 897 2710 nobilis
921 2671 970 2724 pro
989 2656 1133 2724 capitaneo
1152 2660 1180 2708 et
1197 2669 1269 2706 unus
1288 2669 1354 2706 nau-

106 2739 204 2794 clerus.
222 2769 257 2779 -
275 2740 318 2796 23.
336 2739 411 2810 Sept.
431 2742 562 2796 Armatur
579 2758 635 2795 una
649 2742 759 2810 galeota
777 2759 828 2812 pro
846 2743 950 2812 nuptiis
968 2742 1032 2795 bani
1051 2747 1079 2794 et
1097 2747 1215 2810 ponatur
1228 2739 1351 2794 collecta.

108 2828 150 2882 23.
175 2827 341 2882 Novembris
365 2827 536 2882 custodiatur
559 2829 669 2898 galeata
698 2831 859 2884 communis.
885 2858 917 2869 -
943 2831 984 2883 16.
1010 2829 1180 2883 Decembris.
1205 2825 1352 2882 Mittantur

106 2915 181 2969 bano
199 2916 227 2968 in
246 2915 347 2969 Lesina
364 2915 400 2970 40
416 2917 549 2970 homines.

159 3003 280 3056 Lucius:
298 3003 381 3058 Mem.
401 3003 432 3056 di
454 3003 531 3057 Trou
548 3021 575 3074 p.
594 3008 652 3057 131.

161 3125 337 3181 MGDXLII.
356 3127 498 3183 venetiis.
517 3131 594 3181 1289.
611 3131 654 3182 23.
674 3127 757 3182 Jalii.
776 3128 897 3198 Captum
915 3128 968 3182 suit
985 3129 1014 3181 in
1033 3128 1128 3182 maiori
1142 3127 1264 3194 consilio,
1277 3123 1353 3196 quod

112 3217 238 3270 llarinue
257 3217 422 3286 Superantio
445 3217 534 3272 iturus
558 3233 650 3272 eomes
673 3217 788 3270 Jadram
813 3218 901 3288 possit
923 3223 1016 3272 tenere
1040 3231 1133 3270 secum
1156 3213 1294 3268 loannem
1318 3211 1352 3266 de

107 3305 209 3358 Parma
227 3321 278 3373 pro
300 3306 382 3359 socio.

164 3391 279 3458 Ljabid:
297 3392 377 3446 elon.
396 3393 420 3446 I.
436 3408 466 3460 p.
485 3396 544 3445 147.

165 3513 356 3569 MODXLIH.
375 3515 520 3586 assuunt
540 3520 564 3569 1.
585 3517 716 3586 Arapststi.
741 3519 818 3570 1289.
843 3515 1000 3584 Stephanus
1025 3512 1117 3583 Ugerii
1143 3513 1209 3566 civis
1233 3511 1353 3566 Anconi-

107 3611 198 3668 tauus,
217 3609 339 3672 potestas
358 3604 556 3672 l'ragrrriensis,
570 3610 597 3657 et
610 3611 729 3673 quatuor
742 3604 881 3673 sapientes
894 3601 1076 3656 determinant
1088 3606 1115 3652 et
1127 3599 1191 3653 XV.
1214 3600 1353 3669 sapientes

107 3691 233 3744 homiues
251 3691 414 3760 approbant,
439 3691 514 3761 quod
539 3692 647 3760 captivi,
673 3693 720 3760 qui
745 3691 902 3745 detinentur
926 3691 954 3742 in
979 3705 1086 3742 carcere
1111 3688 1272 3749 communis,
1298 3705 1353 3740 una

107 3795 170 3831 cum
190 3777 265 3832 Luca
285 3785 312 3832 et
329 3779 454 3846 Daniele,
473 3779 580 3848 possint
597 3779 671 3833 exire
690 3780 713 3832 si
732 3779 836 3846 volunt,
861 3777 909 3831 sed
934 3776 1052 3830 debeant
1070 3791 1165 3846 parere
1189 3781 1216 3828 et
1240 3773 1352 3828 obedire

107 3865 245 3919 mandatis
264 3867 416 3936 potestatis,
432 3866 558 3937 judicum
578 3873 605 3920 et
623 3867 735 3920 rectoris
760 3865 812 3918 sub
838 3863 1054 3918 conditionibus:
1080 3861 1154 3932 quod
1173 3861 1266 3915 stetim
1286 3859 1352 3915 dum

108 3951 223 4007 detracti
242 3953 344 4007 suerint
363 3954 396 4007 de
415 3971 530 4020 carcere,
544 3956 703 4024 promittere
716 3953 835 4008 debeant
847 3958 874 4006 et
883 3951 984 4022 jurare,
998 3957 1069 4004 stare
1083 3957 1110 4002 et
1123 3950 1222 4002 morari
1235 3955 1354 4018 quatuor

106 4042 186 4094 annis
205 4042 341 4094 continuis
359 4042 499 4105 Anconae,
517 4042 570 4096 hoc
588 4041 805 4111 excepto‚'qu0d
830 4057 893 4094 curn
918 4039 1029 4092 licentia
1052 4037 1197 4106 potestatis
1221 4037 1353 4090 Anconae

107 4128 189 4180 dictis
208 4134 326 4198 quatuor
344 4129 422 4182 annis
441 4129 475 4181 ad
496 4147 673 4199 quaecamque
692 4137 784 4198 partes
803 4129 841 4182 ire
860 4128 967 4196 possint
985 4123 1020 4178 ad
1039 4123 1210 4190 lucrandum,
1235 4131 1353 4193 praeter-

107 4233 191 4284 quam
210 4216 245 4269 ad
265 4223 356 4285 partes
375 4215 539 4270 Dalmatiae.
560 4216 712 4285 Oomplctis
731 4221 824 4268 autem
843 4215 922 4267 annis
947 4219 1073 4282 quatuor,
1093 4211 1211 4265 debeant
1228 4210 1352 4264 habitare

107 4302 156 4356 filii
175 4300 273 4356 Jacobi
293 4303 372 4356 Decii
390 4303 418 4356 in
436 4301 530 4368 dedra,
550 4303 598 4356 filii
618 4302 692 4356 Petri
717 4302 839 4356 Domatii
864 4301 892 4354 in
917 4300 993 4365 Arni,
1013 4299 1113 4352 residui
1139 4315 1203 4352 vero
1227 4299 1255 4350 in
1281 4297 1353 4350 Fara

106 4391 278 4460 temporibus
301 4391 375 4444 vitae
398 4407 501 4455 eonrm,
527 4407 589 4444 cum
614 4390 742 4443 omnibus
765 4387 799 4442 de
824 4405 918 4442 eorum
943 4387 1056 4440 familis
1081 4385 1151 4440 Item
1177 4384 1251 4454 quod
1276 4385 1353 4439 nullo

107 4476 190 4532 modo
208 4485 415 4546 praesummant
433 4477 541 4532 realiter
559 4478 602 4531 vel
621 4476 800 4546 personaliter
814 4474 952 4529 offendere
971 4481 1019 4528 aut
1037 4473 1213 4527 damnificare
1232 4471 1353 4540 aliquem

107 4564 142 4618 de
161 4564 302 4634 Tragurio,
320 4579 366 4618 aur
388 4565 509 4634 aliquam
528 4565 711 4633 proditionem
731 4569 780 4616 aut
798 4561 1029 4616 machinationem
1048 4567 1144 4614 eontra
1156 4559 1293 4612 ciuitatem
1314 4557 1353 4611 la·

107 4669 177 4719 cere,
196 4659 223 4706 et
242 4654 264 4705 si
283 4651 500 4706 contrafacerent
519 4651 656 4721 aliquibus
676 4651 820 4716 dictorum,
839 4650 939 4703 cadant
958 4648 1081 4718 qualibet
1104 4647 1162 4700 vice
1180 4647 1208 4699 in
1227 4661 1352 4714 poenam.

108 4739 146 4792 Et
164 4739 275 4810 probis
294 4739 408 4795 firmiter
426 4739 603 4794 observandis
622 4738 727 4792 dabunt
745 4739 905 4792 securitates
930 4737 1016 4794 bonas
1032 4735 1069 4820 *de
1087 4735 1216 4804 trecentis
1235 4731 1353 4790 marchis
