3480 5356
389 317 452 383 358
635 357 641 374 ·
887 342 909 383 1.
929 328 1126 404 mmmm,

389 508 474 564 liliam
492 508 666 580 inperatoris
684 507 866 564 Clementiam
892 501 1033 564 contracta
1054 507 1179 576 fuissent,
1198 513 1313 580 accepto
1331 525 1381 580 per
1404 511 1631 581 praenominatos

392 597 509 654 nuncios
532 597 668 669 corporali
691 601 863 653 sacramento
885 612 904 650 a
928 595 1112 667 primogenito
1130 594 1187 653 lilio
1210 595 1384 668 imperatoris
1406 615 1424 654 a
1449 599 1631 671 principibus,

393 684 544 742 baronibus
562 692 590 740 et
609 685 821 755 consanguineis
838 681 906 740 eius.

441 775 537 842 cher:
558 773 627 829 (lod.
636 772 706 843 dipl.
724 773 756 828 Ρ.
781 771 811 827 V.
828 771 881 828 ool.
899 769 941 828 11.
958 787 988 842 p.
1007 774 1066 826 388.

442 913 637 972 uccxvnu
647 919 729 973 1277.
742 919 783 968 15.
795 914 877 970 Julis'.
890 913 1037 970 Ladislaus
1050 914 1102 972 IV.
1114 932 1163 972 rex
1182 915 1364 972 consideratis
1376 917 1494 972 servitiis
1506 917 1632 974 fidelium

389 1004 498 1060 comitis
517 1003 628 1060 Pousas
645 1008 674 1060 st
690 1003 816 1074 magistri
834 1001 964 1058 Grechss
982 1001 1074 1058 fratris
1092 1003 1145 1072 sui,
1164 1019 1236 1074 quae
1254 1003 1279 1058 ei
1297 1003 1324 1058 in
1343 1009 1435 1060 aetate
1451 1009 1547 1060 tenera
1564 1023 1630 1062 con-

389 1093 486 1148 stituto
506 1092 533 1146 in
552 1089 668 1148 divords
686 1090 913 1164 expedicionibus
932 1089 1008 1146 omni
1026 1107 1089 1146 cum
1115 1089 1247 1146 fidelitate
1278 1091 1477 1162 impendissent
1504 1098 1631 1164 tempore

389 1179 556 1235 discriminis
574 1178 744 1236 variantibus
762 1184 791 1235 et
806 1178 1027 1236 disturbantibus
1046 1177 1199 1235 baronibus
1220 1180 1306 1250 regni,
1331 1185 1444 1250 propter
1468 1179 1544 1250 quod
1569 1183 1631 1236 uni·

388 1269 460 1324 versi
478 1269 576 1340 populi
594 1268 719 1340 ipsorum
736 1268 766 1322 in
784 1283 869 1339 regno
887 1267 1036 1324 Slavonise
1053 1267 1197 1322 constituti
1222 1283 1271 1339 per
1291 1268 1439 1324 continuos
1464 1269 1585 1324 insultus
1604 1275 1634 1325 et

390 1357 462 1413 belle
480 1356 611 1426 intestine
628 1355 764 1412 baronum
782 1355 852 1412 inter
871 1373 901 1412 se
919 1354 1109 1410 dimicantium
1132 1353 1266 1410 destructi
1288 1355 1398 1412 fuerant
1415 1357 1526 1428 ponitus
1544 1363 1573 1412 et
1590 1357 1633 1414 di·

291 1481 294 1488 *
391 1443 495 1518 spersl;
522 1443 618 1502 volens
642 1460 690 1501 eos
714 1443 790 1514 regio
813 1443 944 1515 prosequi
966 1442 1069 1511 farore,
1094 1442 1208 1498 eosdem
1231 1443 1353 1498 Pousam
1376 1449 1405 1499 et
1428 1444 1573 1500 Guechsm
1598 1462 1633 1502 ac

391 1533 536 1588 universos
559 1531 679 1606 populos
702 1533 829 1602 ipsorum
852 1532 881 1586 in
906 1529 1038 1585 Orisiensi
1065 1536 1093 1586 et
1115 1529 1275 1602 Simiffl'onsi
1302 1531 1480 1588 comitatibus
1503 1531 1634 1590 videlicet

391 1621 464 1676 srltra
481 1619 603 1674 Dravam
620 1619 649 1674 in
667 1617 819 1674 Vrbanana
836 1622 865 1674 st
882 1617 1070 1672 Obanaburda
1088 1621 1116 1673 et
1133 1617 1161 1672 in
1180 1617 1302 1674 Bathins
1314 1618 1472 1686 existentes,
1491 1637 1508 1676 s
1525 1619 1631 1677 iudicio

395 1713 422 1764 et
440 1707 629 1764 iurisdictione
646 1707 754 1762 comitis
773 1705 919 1762 Crisiensis
943 1711 971 1760 et
995 1695 1327 1776 Simigiensis'perpetuo
1350 1704 1431 1762 duxit
1461 1707 1634 1778 eximendos,

391 1794 559 1854 reservando
578 1811 627 1850 sos
646 1793 783 1850 duntaxat
799 1793 901 1850 iudicio
920 1793 985 1848 bani
1002 1793 1088 1850 totius
1106 1792 1262 1850 Slsvonlse.

443 1881 540 1952 Feles:
562 1883 628 1939 Ood.
646 1881 716 1952 dipl.
736 1884 829 1952 Eunu.
850 1884 879 1936 Τ.
901 1879 966 1938 Vll.
985 1883 1038 1938 ool.
1056 1884 1081 1936 6.
1097 1897 1127 1952 p.
1146 1885 1207 1938 593.

447 2021 611 2079 mecm.
630 2025 704 2079 1277.
721 2027 762 2076 19.
785 2021 915 2078 Octobris.
935 2022 1098 2094 Capitulum
1114 2023 1246 2080 ccclesiae
1259 2023 1438 2080 Obasmensis
1450 2031 1547 2082 notum
1559 2026 1637 2094 lacit,

392 2112 468 2184 quod
486 2127 580 2167 comes
598 2109 709 2182 Syrbck
721 2111 814 2166 susus
832 2110 868 2166 sit
886 2125 916 2166 se
934 2109 1091 2166 vendidisse
1110 2112 1202 2168 comiti
1216 2110 1365 2167 Benedicto
1383 2111 1440 2166 tilio
1452 2109 1552 2170 Jacobi
1570 2131 1636 2185 por·

393 2201 497 2256 tionem
521 2205 609 2255 terrae
627 2215 696 2254 suae
713 2199 784 2255 inter
801 2203 903 2254 terrem
925 2199 1020 2270 Myros
1033 2197 1083 2252 filii
1101 2198 1212 2256 Dsscov
1224 2205 1252 2253 et
1265 2198 1335 2254 inter
1346 2198 1461 2254 fluvium
1473 2199 1637 2258 Dobrolech

399 2287 548 2344 exitentem
568 2303 619 2358 pro
636 2287 749 2356 triginta
765 2287 873 2343 marcis.
892 2285 981 2358 Cujus
999 2291 1179 2342 terraemota
1201 2287 1297 2358 incipit
1317 2288 1345 2341 in
1369 2287 1431 2344 loco
1455 2287 1504 2343 ubi
1530 2288 1633 2346 fluvius

394 2374 554 2432 Dobrolech
572 2373 647 2430 cadit
664 2374 692 2429 iu
710 2390 812 2444 squam
831 2375 960 2442 Ohssms,
979 2373 1043 2429 inde
1061 2391 1110 2445 per
1127 2374 1217 2430 varias
1233 2380 1320 2430 metes
1332 2373 1463 2430 arboreas
1481 2379 1509 2430 et
1526 2381 1634 2431 terreas

392 2462 467 2518 cadit
486 2463 513 2520 in
532 2477 635 2532 aquam
653 2460 869 2531 Wrbornyclrka
887 2467 914 2518 et
931 2463 1007 2518 venit
1024 2462 1140 2517 inferius
1157 2461 1193 2518 ad
1211 2461 1331 2517 insulam
1348 2465 1376 2517 et
1393 2461 1469 2518 cadit
1485 2463 1585 2518 iterum
1602 2465 1632 2519 in
1725 2515 1726 2528 ,

391 2567 492 2622 squam
511 2549 642 2607 (lhasms.

445 2655 611 2712 lucretius
630 2654 762 2710 munuli
779 2655 911 2711 Bodenss'.
935 2655 1054 2710 Wessel:
1077 2655 1142 2712 (lod.
1161 2654 1231 2725 dipl.
1255 2654 1364 2724 Arpod.
1385 2655 1415 2711 T.
1434 2655 1503 2713 Xll.
1520 2673 1549 2727 p.
1570 2661 1634 2715 210.

446 2813 593 2871 mccxli.
611 2815 782 2888 Zsprsbiss.
802 2817 884 2870 1277.
903 2818 927 2868 7.
946 2813 1115 2870 Noomsbrs's.
1128 2813 1268 2869 Henricus
1280 2813 1371 2869 banus
1384 2815 1470 2869 totius
1482 2814 1635 2873 Slsvoniae

391 2902 507 2959 mandet
525 2901 654 2958 omnibus
671 2904 749 2974 regni
767 2902 969 2969 collectoribus,
992 2917 1056 2958 cum
1080 2900 1209 2956 dominus
1232 2899 1379 2956 Ladislsus
1403 2917 1452 2957 rex
1470 2903 1634 2960 comitetum

396 2991 432 3046 de
450 2990 610 3046 Gersenche
628 3007 691 3046 cum
710 2991 816 3046 cunctis
834 2989 1001 3056 marturinis,
1021 2993 1127 3059 septem
1148 2987 1332 3056 denariorum,
1357 2989 1497 3046 Zalusinis
1519 2997 1548 3047 et
1570 2993 1635 3047 aliis

395 3077 548 3133 redditibus
566 3077 692 3133 eiusdem
710 3078 857 3134 Timotheo
875 3079 1009 3149 episcopo
1028 3077 1207 3147 Zagrabiensi
1225 3077 1423 3148 perpetualiter
1441 3076 1551 3134 duxerit
1567 3095 1636 3135 oon-

394 3165 549 3234 farendum,
572 3170 710 3236 quotenus
728 3165 763 3222 de
780 3165 939 3222 huiusmodi
967 3165 1090 3221 collectis
1116 3179 1146 3220 ss
1171 3163 1334 3222 nullomodo
1351 3165 1532 3222 intromittere
1554 3183 1636 3238 prse-

392 3257 511 3309 sumant

445 3340 573 3395 Farlots':
592 3341 674 3412 illyr.
692 3357 762 3398 socr.
783 3342 813 3397 T.
836 3341 865 3396 V.
875 3357 906 3410 p.
926 3345 988 3398 378.

448 3480 612 3538 MCOXXI.
631 3485 710 3538 1277.
729 3481 877 3539 ladislaus
895 3481 946 3538 IV.
970 3498 1028 3546 rex,
1054 3480 1200 3538 scandens
1224 3481 1390 3552 multiplicis
1413 3483 1523 3538 servitia
1540 3483 1638 3542 Timo-

394 3569 468 3625 tbaei
487 3569 611 3642 episcopi
624 3569 741 3640 Zagrab.
754 3570 861 3626 confert
872 3571 899 3626 ei
911 3576 939 3625 et
952 3587 1000 3640 per
1013 3586 1076 3625 eum
1089 3569 1265 3640 episcopatui
1277 3569 1459 3640 Zagrabiensi
1471 3571 1638 3628 comitatum

394 3655 429 3712 de
447 3656 618 3713 Gncrsentze
636 3673 700 3714 cum
712 3658 829 3714 collecte
841 3658 1053 3713 marturinarum
1071 3663 1099 3712 et
1117 3663 1224 3728 septem
1242 3657 1419 3713 denariorum
1432 3657 1637 3729 possidendum

395 3745 424 3800 in
443 3749 610 3816 perpetuum
628 3761 692 3800 cum
710 3746 919 3801 immunitates
933 3745 1040 3816 judicio
1059 3744 1123 3800 bani
1137 3745 1285 3802 Slavonias
1297 3750 1326 3801 et
1337 3747 1494 3801 exemtione
1511 3747 1638 3802 aculus·

395 3831 463 3886 libet
480 3833 589 3902 generis
607 3833 770 3888 collectione
788 3832 941 3889 secundum
959 3833 1115 3890 libertatem
1132 3834 1251 3888 aliorum
1269 3833 1438 3906 populorum
1455 3834 1637 3906 episcopatus
1720 3905 1721 3910 ἵ

397 3917 600 3990 Zagrabiensis.
618 3919 724 3976 Datum
743 3937 793 3992 per
815 3937 916 3977 manus
934 3921 1058 3992 magistri
1082 3921 1206 3977 Demetri
1230 3921 1380 3992 praepositi
1403 3921 1534 3978 Albensis
1551 3923 1638 3980 aulae
1720 3917 1721 3984 ἶ

395 4007 620 4064 vicecancellarii.
1348 4034 1354 4045 ·

450 4112 573 4170 meuse:
594 4115 672 4170 nos.
690 4113 753 4170 sss.
773 4116 797 4170 1.
812 4129 840 4184 ρ.
859 4117 921 4169 190.

448 4255 629 4312 MOOXXII.
647 4259 726 4312 1277.
744 4256 891 4312 Lsdlslaus
909 4254 961 4312 1v.
978 4271 1029 4311 rex
1046 4255 1178 4323 notificat,
1194 4254 1269 4325 quod
1282 4253 1472 4325 Thymotbeus
1485 4255 1640 4326 episcopus

397 4343 513 4414 Zagrab.
532 4344 710 4416 postulasset,
728 4349 760 4400 ut
777 4343 993 4416 Zagrabisnsem
1011 4344 1107 4400 eccles.
1126 4347 1183 4398 tam
1201 4342 1229 4396 in
1247 4343 1338 4414 capite
1349 4359 1434 4413 quam
1452 4343 1480 4398 in
1492 4343 1640 4412 membris,

398 4434 427 4488 in
445 4431 679 4504 possessionibus,
697 4432 816 4502 tributis,
837 4431 949 4503 judiciis
968 4438 996 4487 et
1018 4431 1129 4503 juribus
1153 4446 1187 4486 eo
1212 4430 1356 4506 privilegio
1381 4431 1421 4485 uti
1446 4431 1558 4500 faceret,
1579 4450 1641 4504 quo

398 4527 523 4592 tempore
552 4519 796 4592 praedecessorum
823 4520 884 4592 ejus
911 4518 1047 4576 utebatur.
1076 4519 1199 4575 Maxime
1228 4524 1329 4574 terrem
1357 4535 1379 4575 s.
1406 4518 1519 4575 Martini
1547 4537 1642 4596 prope
