3464 5382
351 412 410 474 132
843 430 864 472 1.
887 418 1087 486 annuamus,

346 595 441 651 nensis
460 601 488 652 et
505 595 621 652 fratrum
638 595 718 652 Pauli
744 600 772 652 et
795 595 924 652 Andreae
947 595 983 652 de
1001 595 1096 653 ordine
1114 596 1230 652 fratrum
1248 596 1397 664 Missurum,
1415 593 1491 668 quod
1511 595 1586 652 buna

345 681 401 738 lide
419 688 492 738 stare
510 683 594 739 velint
611 682 647 738 ad
665 684 766 752 omnia,
784 699 838 754 qne
855 683 909 754 ipsi
936 684 1007 740 inter
1024 700 1073 740 ecs
1092 693 1120 740 et
1137 683 1346 756 spalatinensee
1364 683 1494 740 duxennt
1512 683 1585 742 ordi·

345 770 477 826 nandum.
495 771 608 826 Testes:
626 771 832 841 T(reuguanus)
851 772 1009 842 episeopus,
1027 771 1149 828 Thomas
1171 771 1379 828 archidiaconus
1399 771 1582 844 Spalatensis,

345 857 492 930 Philippus
509 859 577 914 civis
594 857 747 922 Jadrensis‚
767 857 917 914 Rantulfus
935 865 964 914 et
980 858 1132 915 Naesarius
1149 857 1387 932 Justinopolitani,
1400 865 1428 914 at
1440 859 1486 914 alii
1496 859 1584 914 mnld

344 943 488 1002 Johannes
516 945 623 1001 Oasotti
649 946 822 1002 examinator
847 961 961 1002 maurim
988 947 1070 1014 misit,
1102 945 1245 1002 Gausinus
1274 945 1445 1018 primicerius
1472 951 1501 1002 et
1529 945 1583 1016 jur.

346 1033 478 1088 notarius.

396 1135 445 1191 En
463 1135 575 1192 aretino
599 1137 692 1192 culino
715 1139 857 1193 viennensi
883 1138 955 1194 Actu
979 1137 1257 1208 rpulot.XVI‚186.
1281 1137 1400 1193 Wenret:
1422 1135 1487 1193 eon.
1506 1137 1578 1207 dipl.

345 1223 453 1292 Arpcd.
472 1225 522 1276 XI.
537 1239 567 1293 p.
587 1228 650 1280 330.
668 1225 784 1280 Lucina:
802 1225 931 1280 iteneris
948 1225 979 1280 di
999 1225 1082 1294 Treui,
1099 1241 1129 1294 p.
1149 1229 1194 1280 46.

398 1361 589 1418 CCOOXLII.
623 1365 657 1420 In
686 1365 787 1422 insula
823 1365 902 1436 Bua,
929 1369 968 1418 11.
1000 1364 1166 1434 Septembris
1201 1367 1277 1419 1243.
1310 1363 1494 1436 Temporibus
1524 1363 1585 1420 Ste-

344 1449 429 1520 phani
452 1450 653 1522 archiepiscopi
677 1451 858 1522 spalatensis,
883 1450 1015 1508 Bernardi
1039 1451 1075 1508 de
1097 1452 1231 1522 Tergesto
1256 1452 1409 1524 potestatis,
1435 1451 1530 1507 Doimi
1548 1449 1584 1506 de

345 1538 484 1606 Formino,
504 1539 602 1609 Mcrga
619 1539 655 1594 de
673 1539 789 1610 liugero
808 1545 836 1594 et
853 1537 981 1609 Gregorii
998 1537 1034 1596 de
1047 1537 1144 1594 Gruba
1156 1537 1288 1596 iudicum.
1301 1538 1458 1594 Bernardus
1470 1537 1506 1594 de
1518 1539 1584 1594 ‘l'er-

344 1631 423 1696 gesto
442 1631 566 1698 potestas
584 1625 757 1697 spalatensis
775 1627 1002 1700 compromittunt
1025 1643 1139 1682 causam
1156 1643 1236 1682 suam
1254 1626 1378 1682 habitam
1395 1643 1459 1682 cum
1477 1625 1584 1696 Tragu-

343 1712 480 1768 riensibus
498 1713 526 1767 in
545 1730 644 1768 manns
662 1714 754 1769 fratris
773 1713 890 1769 Gerardi
907 1713 943 1768 de
962 1713 1072 1769 Mutina
1091 1719 1118 1768 et
1136 1729 1250 1770 snorum
1268 1713 1439 1770 confratrum
1457 1712 1538 1768 Pauli
1556 1719 1585 1768 et

345 1799 474 1856 Andreae
492 1799 596 1857 ordinis
614 1799 743 1856 Fratrum
765 1802 913 1868 llinorum,
938 1807 966 1856 et
984 1800 1107 1872 obligant
1124 1817 1154 1857 ue
1172 1801 1285 1857 tirmiter
1303 1807 1397 1857 tenere
1415 1801 1508 1857 omnia
1526 1800 1583 1866 illa,

344 1903 417 1956 quae
435 1888 462 1941 in
481 1886 555 1942 dicte
573 1903 659 1942 causa
685 1887 841 1960 disponent.
869 1890 979 1944 Testes:
1008 1889 1191 1960 Treuguanus
1209 1892 1357 1962 opiscopus
1382 1889 1575 1959 Traguriensis

343 1973 465 2029 Thomas
483 1974 693 2031 archidiaconus
712 1976 894 2047 Spalatensis,
913 1977 1040 2049 Filippus
1059 1977 1094 2033 de
1111 1977 1222 2046 iudana,
1242 1977 1389 2034 Cantullus
1407 1983 1435 2032 et
1448 1976 1583 2032 Naaarius

344 2060 379 2117 de
397 2061 582 2133 Capodistria,
606 2067 634 2117 et
650 2063 730 2117 multi
753 2063 808 2119 alli
833 2063 957 2119 Joanues
981 2064 1057 2120 Desa
1081 2065 1169 2120 Marci
1192 2065 1228 2121 de
1252 2064 1428 2138 Oapodistria
1453 2064 1580 2120 notarius

343 2149 510 2204 marchionis
529 2150 626 2205 Istriae
645 2156 673 2205 et
690 2150 870 2206 cancellarius
889 2150 1054 2222 spalatensis
1073 2153 1191 2224 scripsit

397 2255 515 2310 Lurius.-
533 2256 663 2310 Mentoris
679 2255 711 2310 di
731 2257 814 2326 ituri,
830 2274 859 2326 p.
879 2261 923 2312 46.

397 2392 603 2450 ccccxullr.
628 2399 666 2450 11.
693 2395 856 2466 Septembris
882 2401 961 2452 1243.
985 2397 1170 2470 Temporibus
1198 2397 1338 2468 Treguani
1367 2396 1490 2470 episcopi
1517 2396 1584 2452 Tra-

344 2483 488 2554 guriensie‚
508 2482 655 2554 Stepcouis
678 2484 794 2552 comitis,
820 2485 893 2540 Petri
917 2484 952 2542 de
979 2486 1064 2554 Luca,
1082 2485 1163 2542 Pauli
1184 2491 1212 2540 et
1230 2485 1331 2540 Marini
1349 2484 1442 2550 Blasii,
1461 2481 1584 2538 iudicum

345 2571 566 2639 traguriensium.
591 2569 663 2626 (ium
685 2573 756 2626 inter
777 2573 851 2627 cives
875 2574 1048 2644 spalatenses
1071 2580 1099 2630 et
1122 2574 1307 2644 tragurienses
1326 2572 1417 2642 gravis
1436 2576 1510 2626 esset
1528 2570 1583 2626 dis-

344 2657 445 2725 cordia,
462 2659 502 2712 ita
520 2663 551 2714 ut
568 2658 633 2714 belli
656 2660 712 2714 iam
735 2659 825 2715 rabies
848 2660 958 2732 incepta
981 2660 1016 2716 de
1041 2660 1086 2716 die
1110 2662 1138 2716 in
1161 2659 1235 2716 diem
1258 2661 1409 2714 increscere
1435 2657 1583 2726 videretur,

344 2752 410 2824 tunc
428 2745 512 2800 frater
530 2745 665 2802 Girardus
688 2745 722 2802 de
747 2746 857 2802 Mutina
880 2763 915 2802 ex
939 2747 1058 2818 Apuliae
1082 2747 1206 2820 partibus
1231 2747 1354 2818 veniens,
1372 2762 1428 2802 una
1446 2762 1511 2802 cum
1529 2745 1584 2800 tra·

345 2833 432 2888 tn'bus
450 2834 538 2890 Paulo
556 2839 586 2888 et
602 2833 722 2901 Andrea,
746 2835 937 2906 conpatientes
961 2833 1098 2891 dictarum
1121 2836 1264 2890 civitatum
1289 2833 1454 2900 discrimina,
1474 2831 1584 2888 conclu·

344 2926 439 2976 serunt
457 2921 527 2976 inter
544 2919 641 2976 ambas
659 2928 751 2993 partes
770 2938 867 2993 pacem
885 2927 913 2978 et
929 2921 1106 2978 concordiam
1124 2921 1365 2992 reformaremus
1378 2919 1476 2976 ambae
1489 2925 1583 2992 partes

344 3009 373 3063 in
390 3009 500 3064 illorum
518 3007 661 3064 arbitrium
678 3010 941 3080 compromittentes,
960 3009 1119 3080 obligarunt
1136 3025 1166 3066 se
1184 3015 1257 3064 stare
1275 3007 1311 3064 ed
1330 3008 1423 3063 omnia
1440 3023 1514 3078 quae
1527 3012 1583 3062 sta·

344 3103 422 3152 tuere
440 3097 540 3152 vellent
557 3113 609 3168 pro
633 3096 707 3152 bono
735 3096 826 3168 pacis;
844 3095 1015 3152 concludunt
1033 3113 1099 3167 ergo
1126 3097 1154 3150 in
1173 3096 1276 3168 primis,
1295 3099 1327 3149 nt
1345 3095 1409 3149 villa
1426 3093 1462 3149 de
1480 3094 1584 3163 Ostrog

344 3199 408 3238 cum
426 3183 555 3238 omnibus
579 3184 637 3238 suis
659 3183 829 3254 pertinentiis
854 3183 890 3238 sit
917 3183 1071 3254 proprietas
1098 3183 1230 3239 ecclesiae
1254 3199 1276 3238 s.
1300 3181 1421 3248 Domnii,
1446 3181 1489 3236 ita
1512 3181 1585 3236 sicut

344 3267 397 3326 tuit
413 3277 538 3343 tompore
556 3270 721 3340 G(uncelli?)
740 3270 955 3342 archiepiscopi3
974 3287 1063 3341 usque
1081 3269 1116 3325 ad
1134 3269 1285 3325 adventum
1296 3267 1401 3324 domini
1413 3268 1486 3338 regis
1500 3267 1584 3322 Bolas

344 3359 459 3428 antiqua
477 3359 586 3427 questio
604 3373 688 3428 super
711 3357 847 3412 territorio
871 3357 907 3413 de
925 3357 1000 3413 Biaci
1019 3363 1047 3413 et
1070 3375 1091 3414 s.
1111 3357 1212 3414 Vitalis
1231 3356 1394 3428 relinquitur
1411 3353 1583 3420 indiscussar

343 3451 375 3499 nt
393 3461 475 3516 porro
493 3445 691 3514 Traguriensss
704 3443 811 3498 nullum
829 3445 968 3500 inimicum
988 3445 1194 3516 Spalatensium
1210 3444 1352 3516 recipient,
1370 3443 1507 3498 retineant
1525 3442 1583 3496 sive

345 3531 474 3600 foveant3
492 3532 558 3587 item
577 3537 608 3586 ut
625 3547 721 3588 omnes
745 3535 834 3586 terrae
852 3532 1066 3604 patrimoniales,
1090 3549 1162 3604 qnae
1181 3537 1247 3586 suut
1263 3531 1336 3586 inira
1352 3530 1473 3586 confinia
1491 3529 1582 3601 spala-

344 3617 434 3674 tensia
452 3625 481 3674 et
497 3619 692 3690 traguriensia,
709 3619 890 3674 restituantur
907 3619 965 3674 suis
989 3618 1117 3686 dominis,
1135 3619 1218 3674 salvis
1236 3617 1390 3674 rationibus
1407 3616 1581 3684 debiturum3

344 3707 438 3763 omnia
455 3706 528 3761 mala
546 3707 655 3777 utrique
674 3707 745 3778 parti
763 3706 840 3762 illata
857 3713 885 3761 et
901 3707 1018 3762 iniuriae
1035 3707 1199 3762 commissae
1216 3707 1245 3760 in
1265 3706 1383 3760 invicem
1395 3704 1582 3768 dimittentium

343 3807 525 3865 quaecunque
543 3799 637 3848 autem
655 3809 719 3865 pars
731 3793 795 3848 huic
808 3795 1001 3866 compositioni
1012 3793 1123 3849 rebellis
1136 3799 1164 3848 et
1175 3793 1337 3849 inobediens
1349 3792 1439 3860 inerit,
1451 3798 1580 3849 teneatur

229 3879 231 3886 ’
344 3882 450 3937 solvere
467 3881 580 3936 nomine
598 3897 705 3953 poenae
722 3879 856 3937 ducentas
876 3897 983 3937 marcas
995 3881 1109 3951 argenti,
1128 3897 1246 3952 quarum
1257 3879 1391 3934 medietas
1404 3879 1440 3934 ad
1452 3879 1581 3935 obedien·

343 3975 400 4024 tem
418 3975 525 4040 purtem
543 3967 678 4038 deveniet,
696 3970 783 4026 altera
801 3985 865 4041 pars
884 3969 952 4024 fisco
970 3969 1046 4039 regio
1065 3967 1226 4040 applicetur.
1245 3967 1456 4023 communitum
1473 3973 1515 4023 est
1526 3966 1580 4022 hoe

344 4061 478 4110 statutum
496 4055 591 4126 sigillis
609 4057 753 4126 utriusque
779 4057 906 4112 civitatis.
932 4055 1266 4127 Subscripti:Jol1annes
1286 4055 1382 4112 Canuti
1403 4055 1583 4122 examinator,

343 4141 489 4198 Gausinna
507 4143 677 4215 primicerius
702 4149 730 4198 et
753 4145 933 4214 traguriensis
955 4144 1088 4212 notarius,
1112 4143 1272 4200 iubentibus
1295 4143 1429 4198 fratribus
1455 4141 1582 4210 Girardo‚

342 4229 431 4286 Paulo
449 4237 477 4285 et
494 4229 613 4298 Andrea,
632 4237 661 4286 et
672 4231 815 4287 voluntate
828 4231 1014 4303 predictorum
1026 4231 1149 4287 iudicum
1161 4237 1189 4287 et
1200 4231 1377 4287 comunitatis
1391 4231 1582 4301 magedensis.

395 4319 439 4372 Ea
457 4319 569 4374 aretino
594 4319 686 4374 aulico
712 4319 862 4374 viennensi.
891 4320 964 4374 Aeto
990 4319 1093 4388 spolet.
1121 4318 1216 4374 XVII.
1245 4323 1289 4374 17.
1315 4319 1457 4374 Onerorar
1475 4317 1581 4373 Anubin

342 4407 426 4474 rapit.
445 4406 476 4460 di
494 4405 612 4476 spalato
629 4423 657 4476 p.
679 4409 721 4460 74.
741 4409 861 4462 Monam.
881 4407 990 4462 Slooor.
1009 4407 1104 4462 rnerid.
1124 4409 1146 4474 1,
1165 4411 1206 4462 59.

395 4527 598 4584 CCGOXLIV.
625 4528 759 4600 Ragnsii.
785 4529 820 4584 A.
849 4532 926 4584 1243.
944 4527 1069 4584 Joannes
1085 4529 1230 4586 Michaelis
1255 4544 1348 4586 comes
1372 4527 1489 4599 Ragusii
1518 4545 1584 4584 cum
1610 4577 1615 4584 .

343 4615 504 4672 consiliariis
522 4622 550 4672 et
567 4615 708 4672 nobilibus
736 4621 765 4670 et
790 4617 930 4672 communi
953 4617 1107 4688 ragusiensi
1120 4617 1217 4688 jurant
1234 4616 1378 4688 Stephano
1396 4615 1498 4672 Urosio
1515 4615 1583 4686 regi,

343 4701 418 4773 quod
437 4703 473 4756 ab
491 4702 574 4760 hodie
591 4704 619 4758 in
639 4709 721 4760 antea
739 4703 839 4760 diebus
864 4705 921 4760 auis
946 4709 974 4762 et
992 4705 1052 4760 eius
1070 4711 1151 4762 erunt
1173 4704 1268 4762 fideles
1286 4710 1314 4760 ot
1332 4705 1397 4760 recti
1415 4703 1497 4758 amici
1514 4703 1583 4768 eius,
