3488 5380
366 412 431 478 264
880 439 896 478 ι.
913 421 1109 498 moesus,

363 603 482 662 Rukobe
499 603 537 660 de
557 604 689 674 Patrigna
707 607 735 659 et
753 603 891 660 Martinus
908 603 1061 681 Spnrrale'u
1087 603 1123 658 N.
1147 601 1183 660 da
1200 602 1346 660 Matalaris
1358 603 1531 662 saminator
1548 603 1614 662 snb·
1718 629 1725 638 ¹

364 693 484 765 scripsit·
502 693 638 748 (tenerius
657 689 750 747 Aleaii
766 690 912 748 Jadrsnais
930 692 1055 747 sommus
1078 691 1196 763 scripsit.
1216 717 1224 729 ·

417 782 633 850 commuue
650 780 682 835 a'n
699 795 760 835 osea
778 778 943 836 collectione.

414 921 689 978 DOCOLXXXIX.
709 922 843 992 Rapsaii.
861 925 939 976 1265.
958 925 983 978 7.
1002 922 1118 991 Aprilis.
1136 922 1209 978 (tum
1227 921 1335 978 nobiles
1352 921 1403 978 riri
1417 907 1512 978 idicba
1524 921 1612 978 bladii

367 1013 396 1067 et
413 1009 535 1066 bliobssl
553 1009 691 1065 Leooardi
712 1008 928 1064 ambasciatores
947 1013 975 1064 et
991 1009 1081 1064 nuntii
1103 1008 1237 1080 speciales
1256 1007 1436 1082 Spalatsnses
1460 1009 1615 1080 &gauium

366 1100 550 1155 accessissent
569 1103 598 1154 et
617 1113 712 1153 coram
729 1095 859 1152 Johanue
884 1095 1001 1164 Quirino
1024 1097 1125 1153 comite
1150 1096 1266 1167 Ragusii
1290 1103 1318 1152 et
1341 1097 1401 1153 suis
1424 1095 1563 1153 indicibus
1587 1103 1616 1152 et

364 1185 530 1244 consiliariis
551 1200 582 1241 se
599 1188 815 1257 prasentnasent,
832 1183 909 1240 iacis
927 1183 1104 1252 salutatione,
1125 1184 1264 1254 petierunt
1281 1189 1314 1239 nt
1330 1183 1473 1240 dimittant
1489 1184 1616 1240 homines

364 1275 498 1346 quisunt
521 1273 596 1344 capti
615 1288 664 1343 por
682 1287 731 1328 eos
749 1287 813 1328 cum
831 1271 890 1326 suis
917 1271 1008 1327 rebus.
1032 1269 1141 1327 Habito
1164 1271 1281 1328 consilio
1305 1271 1385 1327 alecti
1410 1277 1476 1327 snut
1498 1275 1617 1344 quatuor

364 1361 474 1417 nobiles
493 1360 659 1432 Theopoms
678 1359 823 1426 Bobscias,
842 1358 942 1414 Patras
960 1358 1095 1428 Bogdani,
1114 1357 1279 1416 Volcaasiua
1296 1357 1437 1415 Jobannis
1449 1363 1477 1414 at
1490 1358 1617 1415 Sarssina
1734 1415 1740 1437 ε

366 1447 518 1504 elnensis
537 1463 600 1503 cum
625 1445 728 1517 quibus
750 1445 817 1502 dicti
845 1445 935 1501 nuntii
963 1461 1060 1518 pacem
1088 1452 1116 1502 et
1139 1445 1316 1503 concordiam
1343 1451 1462 1502 tractam
1488 1443 1617 1516 debeam,

365 1536 478 1592 nomine
498 1535 585 1591 totius
602 1535 809 1591 communitatis
832 1533 938 1605 Spalst.
966 1534 1047 1588 cuius
1070 1539 1174 1589 cartam
1197 1534 1402 1604 procurationis
1425 1533 1616 1590 ostenderunt-

367 1623 574 1680 &suentense
594 1622 672 1693 pacis
689 1621 758 1676 haec
776 1620 903 1676 inerunt:
923 1619 1004 1692 Capti
1018 1620 1144 1679 homines
1164 1621 1269 1693 Spalat
1287 1620 1375 1677 libere
1393 1637 1457 1678 cum
1476 1621 1618 1678 barcuaais

366 1710 481 1788 dimissi.
503 1709 660 1780 Utrumque
681 1723 829 1764 commune
854 1709 1001 1764 conuenire
1025 1707 1122 1764 debuit
1146 1709 1174 1763 in
1199 1715 1330 1779 stagnum
1353 1725 1404 1764 ssu
1429 1709 1564 1766 amnicum
1589 1709 1618 1764 in

366 1797 459 1854 madio
483 1797 546 1853 loco
570 1797 617 1867 qui
641 1796 743 1850 dicitur
766 1795 903 1852 Prevlack
925 1793 960 1850 ad
986 1794 1108 1851 medinm
1132 1811 1256 1855 mensem
1279 1796 1416 1863 Octobris,
1435 1801 1464 1853 et
1482 1813 1532 1869 pro
1551 1813 1619 1868 qna-
1738 1829 1739 1832 =

367 1885 438 1942 libet
456 1889 535 1956 parts
553 1887 609 1939 tres
624 1883 742 1956 Judicca‚
761 1887 811 1938 aut
829 1884 892 1954 plus
911 1884 1071 1939 autminus
1089 1883 1242 1939 secundnm
1261 1883 1441 1952 voluntatem,
1461 1884 1509 1954 qui
1524 1883 1619 1955 Jurnre
1719 1890 1743 1950 ,i

367 1971 518 2038 debebunt,
550 1971 626 2042 quod
654 1970 771 2026 fideliter
794 1970 891 2026 audire
916 1971 1003 2026 teliut
1027 1987 1124 2027 omnes
1148 1969 1346 2038 contentiones,
1369 1977 1419 2026 aut
1440 1971 1620 2042 quaestiones

368 2065 453 2131 atquc
470 2057 624 2114 discordias
636 2060 782 2129 utriusque
794 2058 882 2127 pertis
901 2063 929 2113 et
947 2073 980 2114 ea
998 2074 1097 2114 sannrs
1115 2063 1198 2129 atque
1216 2057 1344 2126 diffinire,
1362 2063 1391 2114 ct
1409 2059 1432 2114 ai
1450 2059 1620 2114 concordare

368 2163 424 2202 non
443 2151 558 2218 possent
575 2147 776 2218 archiepiscopi
795 2146 940 2216 utriusque
958 2146 1114 2202 communia
1132 2145 1236 2200 hubent
1254 2145 1322 2200 illud
1338 2145 1471 2217 placitum
1488 2145 1620 2202 diffinire.

370 2233 401 2289 Si
429 2234 629 2306 archiepiscopi
659 2233 782 2306 impediti
810 2239 912 2301 esseut,
940 2233 1041 2303 eligere
1065 2233 1186 2288 debeam
1210 2249 1297 2289 nosos
1318 2231 1438 2304 judices,
1461 2236 1491 2288 et
1514 2233 1538 2286 si
1562 2248 1621 2287 non

370 2326 487 2390 possent
513 2321 682 2376 concordare
700 2321 728 2375 iu
748 2320 895 2394 electione
909 2320 1045 2390 eligantur
1069 2321 1098 2374 in
1122 2319 1214 2376 medio
1239 2336 1288 2392 per
1317 2325 1414 2376 sortes.
1440 2319 1538 2376 Testes
1562 2319 1622 2376 inc·

369 2414 435 2462 runt
456 2408 578 2464 Mathiss
597 2408 734 2476 Bnlasise,
754 2407 910 2463 Domitrius
923 2407 1035 2475 biennii,
1049 2407 1176 2463 Andreas
1189 2408 1310 2463 Bencsae
1327 2413 1356 2464 et
1373 2405 1530 2463 Dominnus
1542 2406 1620 2464 Gon·

370 2493 453 2552 dolne
469 2497 555 2566 jurati
570 2495 696 2568 judiccs;
716 2495 861 2568 presbyter
879 2497 986 2564 Petrus,
1008 2495 1125 2565 Raguaii
1143 2496 1268 2552 noterius
1287 2495 1406 2567 scripsit.

423 2583 542 2654 lge'ubs'd:
560 2584 638 2638 Mora.
657 2583 681 2638 1.
697 2599 726 2652 ρ.
747 2587 806 2640 100.

423 2723 687 2780 occurrence.
707 2727 749 2780 25.
770 2725 849 2780 uase.
870 2724 937 2779 uera
954 2724 1006 2780 ιν.
1025 2741 1073 2780 rex
1091 2724 1257 2792 manifestat,
1277 2721 1352 2794 quot
1370 2738 1433 2779 oum
1447 2721 1622 2778 emaum
1742 2792 1743 2803 ,

372 2827 465 2868 comes
484 2811 631 2867 Crisienais
648 2811 790 2881 quandam
809 2812 972 2884 particulam
990 2817 1079 2867 terrae
1103 2812 1176 2868 ultra
1199 2812 1323 2866 Drnram
1346 2811 1375 2864 in
1399 2807 1532 2866 Kornska
1561 2809 1620 2864 exi·

374 2905 501 2966 stentem,
520 2915 605 2970 super
626 2915 683 2969 qua
707 2899 801 2956 Pouaa
819 2905 847 2954 ot
865 2899 962 2954 chhc
984 2899 1151 2966 residebant,
1172 2899 1284 2956 nomine
1306 2911 1412 2954 vacuas
1428 2903 1518 2955 tems
1535 2897 1620 2953 caeni

372 2986 408 3044 da
426 2985 559 3042 Kamouk
580 2987 724 3058 petivisset
742 2987 795 3042 sibi
813 2985 881 3055 dari,
898 2987 1030 3058 magister
1050 2987 1171 3042 'lbomsa
1195 2987 1320 3042 notarius
1344 2985 1418 3056 regia
1440 2983 1570 3056 specialia
1593 2988 1625 3039 ct

374 3073 519 3130 Johaunea
546 3073 631 3129 frater
658 3074 719 3146 ejus
744 3073 930 3129 exbibuerunt
952 3075 1127 3146 privilegium
1154 3074 1228 3144 regie
1251 3090 1335 3146 anper
1359 3071 1507 3129 collatione
1531 3076 1624 3127 terrm

373 3161 479 3234 Bolyalr
494 3161 654 3234 jobagionis
673 3162 756 3218 castri
775 3161 916 3234 praedicti,
926 3161 1006 3218 cuius
1020 3165 1120 3216 terram
1138 3161 1237 3223 codem
1247 3159 1343 3218 Roliak
1362 3161 1421 3215 sine
1439 3157 1558 3215 bamede
1575 3157 1624 3212 dc-

375 3247 490 3306 cedente
508 3248 543 3304 ad
563 3265 662 3304 manus
681 3249 772 3319 regias
789 3248 959 3315 devolutam,
978 3247 1126 3320 praedictis
1142 3249 1275 3320 magistro
1298 3248 1423 3304 Thomas
1447 3250 1475 3302 st
1497 3244 1624 3302 iohanni
1718 3313 1727 3322 ,Α

373 3353 407 3392 ac
429 3335 555 3408 patribus
580 3337 704 3408 ipsorum
731 3335 845 3392 dederat
869 3351 928 3404 rex,
952 3352 1024 3407 quse
1048 3335 1132 3406 igitur
1156 3341 1229 3391 terra
1253 3351 1337 3406 quam
1363 3333 1504 3406 praelatus
1528 3348 1624 3388 comcs

376 3423 567 3479 eumenium
585 3423 646 3480 dari
664 3423 718 3480 sibi
736 3423 933 3495 postulaverat,
961 3440 1017 3478 uon
1041 3428 1114 3478 asset
1141 3429 1215 3478 terra
1241 3423 1324 3478 castri
1350 3421 1387 3478 ds
1412 3417 1546 3477 Kemouk
1571 3418 1624 3474 ssd

374 3526 485 3583 semper
502 3509 593 3566 fuerat
610 3510 743 3566 antedicti
761 3507 865 3582 Bolyak
874 3527 881 3578 ;
900 3526 949 3566 rex
967 3511 1052 3580 igitur
1069 3509 1246 3566 collationem
1260 3525 1340 3564 suam
1358 3513 1447 3564 terras
1464 3506 1570 3578 Bolyak
1586 3505 1624 3561 da

374 3615 448 3654 novo
466 3599 611 3654 confirmat
628 3599 753 3654 Thomas
772 3603 800 3654 et
818 3597 959 3666 fratribus,
976 3613 1109 3654 revoosua
1127 3613 1189 3653 eam
1207 3596 1243 3652 ab
1261 3594 1360 3653 eodem
1371 3594 1481 3652 comita

433 3685 508 3756 Θήρ.
523 3701 601 3756 perp.
618 3687 650 3742 io
668 3702 728 3741 mcc
746 3685 911 3742 collectione.

349 3851 354 3860 '
429 3843 610 3901 ccccxci.
629 3845 666 3900 In
684 3845 822 3918 culpata.
841 3849 922 3900 1265.
940 3847 985 3902 at.
1002 3843 1094 3900 lusti.
1116 3843 1261 3900 Rolsndus
1274 3843 1364 3900 banna
1376 3842 1462 3899 tutius
1475 3839 1625 3898 Slsroniae
1738 3876 1742 3879 -

376 3931 507 4000 declarat,
535 3931 610 4004 quod
640 3947 704 3986 cum
730 3931 861 3987 dominus
885 3948 934 3988 rex
958 3931 993 3987 de
1016 3931 1111 3988 liberis
1135 3931 1296 3987 bominibus
1317 3937 1345 3986 et
1368 3929 1403 3986 de
1423 3927 1625 4001 jobsgionibua

378 4021 462 4076 castri
480 4019 515 4076 de
534 4019 647 4090 Rysobe
665 4019 762 4089 viginti
780 4019 903 4090 quinque
923 4018 1078 4091 praediales
1102 4019 1223 4076 exclusis
1241 4019 1303 4074 aliis
1319 4019 1349 4074 in
1367 4015 1467 4074 eodem
1490 4016 1624 4072 comitatu

377 4108 567 4165 constituisset
584 4111 613 4162 et
630 4107 748 4178 siugulis
767 4123 864 4163 sorum
877 4109 1038 4178 portionem
1056 4123 1136 4162 suam
1155 4107 1183 4162 in
1202 4107 1280 4162 terris
1298 4119 1362 4162 cum
1382 4105 1441 4160 suis
1458 4102 1626 4160 eminutus
1730 4091 1739 4100 ’

378 4199 406 4250 at
423 4195 503 4250 mstis
522 4209 572 4266 per
590 4210 655 4250 anas
673 4194 778 4250 litteras
796 4196 939 4266 assignare
956 4195 1130 4262 iniunxiaast,
1153 4195 1213 4264 ipsc
1237 4192 1328 4248 banna
1346 4208 1382 4248 ns
1405 4191 1491 4248 iidem
1516 4189 1626 4262 praedi·

378 4282 438 4338 ales
456 4283 485 4337 in
503 4288 645 4354 posterum
664 4297 713 4352 per
731 4282 846 4338 comites
868 4281 903 4337 de
927 4280 1032 4338 Rivchc
1050 4282 1078 4338 in
1097 4281 1155 4336 suis
1170 4280 1281 4352 juribus
1298 4281 1477 4352 impetantur,
1496 4279 1555 4334 vics
1572 4293 1627 4332 sua
1741 4300 1743 4305 ¹

381 4367 569 4426 Obracbiunm
597 4371 725 4425 comitem
754 4369 922 4425 Grisiaosem
945 4385 1008 4424 cum
1034 4369 1167 4438 magistro
1189 4369 1279 4424 Paulo
1301 4367 1435 4424 canonico
1460 4365 1627 4420 Obaamensi
1725 4373 1742 4396 ⁴

382 4455 419 4512 ad
442 4455 653 4527 distinguendas
675 4461 765 4512 metas
789 4455 949 4511 transmisit.
974 4454 1029 4523 Qui
1054 4454 1201 4510 redeuntes
1226 4456 1296 4510 inter
1320 4459 1430 4511 matera
1453 4457 1543 4508 metas
1561 4469 1626 4524 por·

381 4543 467 4598 tionis
495 4543 602 4599 Benaae
620 4543 667 4598 filii
687 4541 797 4599 Nicolai
819 4543 890 4597 inter
914 4541 1002 4599 dictos
1026 4543 1060 4598 25
1085 4541 1240 4613 praediales
1262 4540 1396 4598 obminati
1418 4539 1573 4596 retulertmt
1597 4555 1627 4594 se

379 4629 472 4685 tuliter
499 4629 657 4686 distinxisse
676 4635 705 4686 ct
722 4630 862 4697 statuisse,
880 4630 925 4685 cni
944 4631 1027 4686 etiam
1051 4629 1135 4686 Jurse
1160 4637 1187 4684 ct
1210 4629 1362 4700 Gregorius
1388 4645 1440 4701 pro
1468 4631 1547 4700 patra
1574 4637 1627 4683 suo

383 4717 489 4786 Marco,
511 4717 626 4774 comites
644 4722 672 4774 et
686 4717 854 4790 jobsgioncs
878 4721 1034 4775 castrenses
1057 4717 1092 4773 de
1117 4717 1222 4773 Rivohe
1246 4717 1275 4772 in
1299 4715 1377 4773 nullo
1401 4713 1629 4773 conbadixerunt
