3376 5350
667 427 814 472 raesens.
894 455 896 462 ·
1300 419 1363 484 407

121 615 150 663 et
167 611 268 664 missae
285 609 316 664 Β.
335 607 371 660 V.
391 606 596 680 disposuerunt,
616 623 649 664 ec
667 609 771 664 eisdem
789 611 818 662 in
838 609 1059 680 possessionibus
1077 615 1105 664 et
1122 609 1220 676 vineis,
1238 611 1321 666 curiis
1340 615 1368 664 et

120 697 182 751 aliis
210 697 292 750 bonis
318 695 354 750 ad
382 697 613 750 sustentationem
632 695 805 766 praebendae
824 699 935 751 nomine
962 697 1133 752 ordinamnt
1159 697 1368 752 Decedentibus

121 789 216 838 autem
233 783 310 854 ipsis,
329 783 500 854 praebendas
519 789 648 838 vacantes
666 783 750 838 iidem
770 785 893 838 canonici
912 784 948 838 ab
971 785 1050 840 initio
1069 785 1252 852 contuderunt,
1271 791 1369 856 postea

122 875 215 926 autem
243 871 390 942 epiecopus
414 869 596 926 Thimothens
613 871 642 924 in
660 887 739 926 susm
764 869 943 926 collusionem
968 874 1127 944 assumpsit,
1151 888 1185 926 ex
1207 889 1263 942 qua
1287 872 1369 928 colla-

123 959 200 1012 tione
218 959 403 1012 turbabantur
429 958 552 1012 canonici
572 974 623 1028 per
640 959 716 1028 ipsos
740 959 897 1014 sacerdotes
920 959 1142 1030 praebendarios,
1170 961 1217 1031 qui
1242 959 1371 1015 dicebant

124 1045 209 1100 nichil
227 1047 293 1100 iuris
311 1046 339 1100 in
359 1043 407 1100 eos
432 1044 541 1111 habere,
566 1045 732 1100 insultantes
756 1047 905 1100 canonicos
928 1064 977 1117 per
1004 1063 1084 1102 suam
1109 1047 1265 1114 elationem,
1289 1047 1371 1102 dene·

126 1140 223 1204 gaules
242 1134 281 1187 eie
301 1133 491 1204 obtemperare
512 1135 541 1188 in
559 1133 627 1203 ipsis
652 1133 751 1188 divinis
780 1133 959 1202 exequendis.
986 1134 1090 1190 Volens
1112 1135 1198 1205 igitur
1224 1133 1371 1206 episcopus

127 1220 258 1276 scandala
276 1236 424 1288 remouere,
440 1219 560 1275 decrevit
577 1221 606 1274 in
625 1219 708 1290 pleno
727 1221 855 1290 capitulo,
871 1227 902 1276 nt
915 1221 1045 1293 deinceps
1058 1224 1131 1277 sicut
1148 1223 1273 1277 canonici
1292 1222 1370 1292 prius

126 1308 168 1361 usi
187 1307 297 1366 fuerant
315 1309 343 1362 in
362 1307 511 1362 collatione
530 1305 749 1377 praebendarum
768 1313 882 1362 utantur
899 1314 928 1362 et
946 1307 1009 1363 dein
1029 1308 1112 1380 pleno
1125 1311 1192 1364 iure.

180 1393 307 1448 l’irole'ic':
325 1395 405 1448 Mon.
425 1394 503 1448 Hiet.
521 1395 545 1449 Ι.
560 1410 590 1462 p.
609 1396 669 1448 219.

179 1552 349 1608 MGDVIII.
367 1553 542 1623 Zegrabiae.
562 1555 638 1607 1287.
658 1557 698 1608 13.
716 1554 847 1609 Octobris.
861 1553 1021 1624 Capitulum
1035 1554 1167 1610 ecclesiae
1180 1554 1372 1625 Zagrabiensis

128 1641 261 1707 notificat,
280 1640 354 1710 quod
374 1641 475 1695 nobilis
493 1641 533 1696 vir
552 1657 644 1696 eomes
662 1641 787 1696 Joannes
805 1641 878 1695 filius
897 1640 1013 1696 Arlandi
1033 1641 1067 1696 de
1086 1657 1188 1712 genera
1200 1641 1289 1714 Agha,
1309 1657 1373 1696 con·

128 1727 217 1783 fessus
244 1730 280 1783 sit
303 1729 416 1784 oraculo
439 1730 517 1783 rivae
541 1730 617 1784 vocis
640 1745 670 1783 se
693 1729 856 1799 particulam
887 1733 976 1784 terrae
999 1727 1199 1784 haereditariae
1224 1729 1277 1784 sub
1300 1729 1373 1784 Pod-

128 1815 233 1886 gradia,
252 1817 412 1888 contiguam
430 1833 519 1886 aquae
538 1815 636 1883 Zavae,
655 1831 719 1870 cum
738 1817 809 1882 loco,
828 1833 911 1886 quern
931 1816 997 1870 olim
1016 1817 1116 1871 beatus
1129 1817 1267 1872 Martinus
1286 1818 1371 1872 vitam
1409 1839 1411 1844 ’

130 1901 224 1957 colens
241 1901 429 1958 heremiticam
448 1903 617 1959 inhabitasse
635 1903 760 1970 retertur,
779 1909 806 1958 et
825 1919 889 1958 cum
914 1904 1020 1974 capella
1045 1905 1097 1959 sub
1115 1904 1219 1959 honore
1237 1904 1374 1974 gloriosae

129 1989 254 2063 Virginis
275 1989 378 2045 ibidem
397 1996 563 2058 constructa,
582 1993 654 2046 circa
673 2007 756 2062 quam
776 1993 860 2046 etiam
884 1991 912 2044 iu
937 1992 1108 2047 concavitate
1131 1991 1276 2046 cuiusdam
1294 1991 1375 2046 ardui

129 2078 232 2132 montis
250 2085 440 2133 constructum
464 2084 506 2132 est
533 2077 619 2133 altare
642 2079 695 2132 sub
721 2079 803 2133 titulo
821 2078 938 2149 praefati
957 2079 1044 2134 sancti
1062 2079 1126 2145 Dei,
1144 2095 1206 2133 cum
1225 2079 1375 2145 montibus,

131 2166 244 2236 campis,
263 2167 429 2234 nemoribus,
448 2167 565 2236 aliisque
582 2165 759 2236 pertineniiiS,
779 2167 942 2222 contulisset
953 2173 981 2221 et
993 2168 1162 2238 assignasset
1173 2166 1316 2222 monachis
1334 2183 1375 2220 or·

133 2251 205 2307 dinis
225 2253 424 2319 cisterciensis,
449 2254 597 2308 investiens
623 2253 736 2308 fratrem
760 2252 918 2310 Johannem
938 2261 1005 2308 tunc
1029 2255 1159 2310 abbatem
1183 2255 1218 2310 de
1239 2255 1330 2310 insula
1354 2271 1375 2308 ι.

130 2339 239 2409 laconi,
258 2341 353 2396 volens
372 2340 546 2411 praedictum
564 2340 658 2396 locum
676 2340 769 2395 diuino
795 2341 887 2398 officio
912 2358 962 2413 per
986 2342 1085 2398 fratres
1109 2343 1176 2398 dicti
1201 2341 1305 2398 ordinis
1330 2340 1376 2396 de·

132 2428 228 2495 curari,
251 2427 395 2482 conferens
418 2428 512 2482 abbati
540 2434 567 2482 et
593 2428 724 2484 iratribus
748 2428 909 2484 securitatem
933 2429 1084 2485 claustrum
1112 2437 1139 2484 at
1166 2431 1311 2501 grangiam
1336 2445 1376 2484 ae-

133 2514 253 2570 cuudam
281 2531 386 2570 morem
414 2515 593 2585 professionis
621 2517 807 2572 construendi.
835 2516 954 2572 Addidit
980 2517 1064 2572 etiam
1090 2517 1183 2572 locurn
1208 2533 1259 2588 pro
1282 2515 1377 2570 aedifi·

133 2601 223 2657 cando
241 2602 400 2658 molendino
418 2605 447 2657 in
465 2602 554 2656 rivulo
579 2621 628 2674 per
652 2604 752 2664 vallem
776 2603 936 2672 Podgradia
961 2605 1124 2659 decurrente
1142 2601 1284 2671 (Sutisks).
1304 2604 1378 2656 Asti-

133 2694 226 2744 terunt
250 2691 356 2746 nobiles
381 2693 431 2746 viri
458 2691 593 2746 Nicolaus
611 2697 639 2746 et
657 2691 746 2758 Achlr,
764 2691 862 2746 fratres
881 2690 947 2746 dicti
966 2692 1075 2746 comitis
1087 2690 1224 2746 Johannis
1243 2689 1376 2758 carnales,

133 2777 300 2834 ratificantes
327 2779 510 2834 collationem.
538 2779 615 2833 Meta
641 2785 734 2833 antem
759 2785 847 2833 terrae
865 2778 964 2848 incipit
984 2780 1013 2832 in
1036 2778 1244 2848 praenominata
1262 2777 1333 2832 valle
1361 2792 1378 2830 a

134 2864 255 2934 quadam
280 2871 358 2937 petra
382 2867 460 2921 iuxta
484 2867 620 2922 vineolam
648 2865 737 2920 dictae
759 2865 888 2936 capellae.
908 2865 974 2920 inde
992 2881 1041 2935 per
1058 2871 1166 2921 montes
1184 2870 1213 2920 et
1230 2869 1319 2920 metas
1336 2881 1378 2918 ar·

134 2953 233 3008 boreas
250 2952 286 3007 ad
306 2953 415 3010 foueam
434 2954 583 3024 quandam,
602 2958 630 3008 et
648 2953 751 3007 directe
770 2951 913 3006 descendit
931 2952 966 3008 ad
989 2952 1080 3007 locum
1099 2953 1146 3008 ubi
1166 2969 1239 3023 aqua
1257 2953 1379 3022 Orapina

133 3040 210 3094 cadit
227 3041 256 3094 in
274 3041 392 3095 Zauam
414 3041 595 3096 Descendens
613 3055 662 3110 per
680 3039 788 3094 Zawam
813 3055 909 3094 versus
933 3039 1075 3094 meridiem
1101 3041 1129 3094 in
1158 3056 1259 3112 magno
1284 3040 1379 3111 spacio

136 3127 214 3182 venit
231 3127 390 3182 ad'insulas
408 3129 475 3183 sitas
493 3129 521 3182 in
540 3125 632 3182 medio
655 3127 753 3182 Zawae
772 3133 800 3182 et
817 3128 846 3181 in
865 3127 919 3181 line
944 3132 1082 3182 extremae
1107 3129 1165 3182 exit
1188 3126 1223 3182 de
1247 3127 1326 3181 Zeus
1350 3128 1379 3180 iu

135 3229 234 3268 nemus
254 3216 374 3268 ervenit
392 3213 428 3269 ad
447 3217 519 3269 riam
539 3215 685 3270 ducentem
704 3215 776 3268 ultra
794 3215 912 3281 Zawam,
931 3231 1082 3286 perquam
1100 3215 1177 3270 venit
1194 3215 1230 3270 ad
1249 3213 1379 3286 paludem

135 3300 284 3370 quandam.
309 3307 336 3355 et
361 3319 410 3372 per
433 3318 562 3372 campum
586 3301 622 3356 ad
645 3303 737 3358 locum
760 3301 909 3356 Praviacba
937 3303 1028 3358 situm·
1045 3305 1118 3358 circa
1142 3305 1214 3358 viam
1242 3318 1379 3373 maguam,

128 3405 186 3459 per
204 3405 287 3459 quam
306 3387 459 3459 procedens
479 3407 573 3445 versus
595 3389 765 3445 occidentem
788 3390 862 3444 venit
886 3389 921 3443 ad
944 3390 1036 3444 locum
1062 3391 1109 3445 ubi
1134 3390 1239 3445 rivulus
1267 3405 1380 3460 praeno

134 3479 211 3532 tatus
229 3477 304 3531 cadit
321 3477 349 3531 in
368 3477 480 3544 zaram,
498 3495 547 3548 per
566 3493 648 3548 quem
666 3477 785 3532 rivulum
798 3476 952 3532 ascendens
971 3478 1132 3548 pervellem
1146 3494 1241 3532 versus
1260 3481 1377 3548 septem-

134 3566 250 3620 trionem
269 3565 434 3634 supradietis
453 3567 583 3636 capellae,
603 3567 662 3621 loco
682 3573 709 3622 et
727 3567 845 3634 terragio
859 3565 966 3621 collatis
979 3565 1109 3620 iratribus
1127 3583 1144 3619 a
1163 3567 1287 3632 sinistris,
1307 3565 1381 3619 venit

134 3651 170 3706 ad
189 3653 309 3723 priorem
328 3659 437 3707 metam.

189 3741 318 3796 Titulc'ic':
337 3742 416 3796 Mon.
437 3742 513 3796 Hist.
537 3743 565 3797 Τ.
585 3743 609 3795 Ι.
628 3758 655 3812 p.
671 3743 732 3795 220.

190 3864 325 3920 MODIX.
351 3869 429 3920 1287.
556 3866 650 3919 Banus
669 3866 753 3920 totius
772 3863 918 3920 Slavoniae
936 3865 1084 3919 memoriae
1103 3863 1287 3930 commendat,
1306 3862 1381 3934 quod

136 3951 218 4006 Mark
237 3953 310 4006 iilius
329 3954 438 4008 comitis
457 3953 550 4006 ΡοιιιιΙ
568 3968 618 4023 pro
637 3953 720 4006 fratre
739 3953 822 4006 etiam
841 3968 891 4005 suo
910 3950 1011 4005 carnali
1030 3951 1153 4004 Iohanne
1167 3949 1321 4005 exhibuerit
1339 3949 1383 4004 lit·

139 4047 213 4094 teras
231 4040 384 4111 patemales
408 4039 522 4110 capituli
547 4039 723 4094 Chremensis
742 4039 769 4105 (l)
793 4039 966 4092 conduentes
990 4038 1065 4107 quod
1090 4039 1118 4092 in
1144 4037 1287 4108 privilegio
1311 4037 1383 4106 regis

137 4125 259 4180 Ladislai
287 4133 315 4181 et
339 4128 367 4180 in
392 4125 536 4198 privilegio
551 4169 556 4180 .
571 4169 576 4180 .
591 4165 597 4178 .
611 4127 659 4180 filii
674 4169 679 4180 .
695 4165 720 4180 ..
740 4131 768 4180 et
790 4127 819 4180 in
844 4125 1002 4196 patentibus
1026 4125 1124 4180 litteris
1149 4125 1224 4178 Petri
1247 4125 1310 4178 bani
1334 4139 1384 4193 per

135 4215 300 4284 magistrum
318 4213 412 4268 Gurch
431 4213 544 4268 fratrem
569 4215 678 4268 comitis
701 4213 794 4268 Pouea
816 4212 944 4266 exhibitis
963 4212 1096 4266 vidissent
1114 4211 1223 4282 plenius
1242 4210 1384 4275 contineri,

136 4301 277 4374 quomodo
305 4301 379 4356 idem
406 4319 454 4356 rex
477 4301 622 4356 ladislaus
650 4301 741 4370 ipsum
769 4301 931 4369 magistrum
956 4299 1051 4353 Gurch
1069 4303 1097 4354 et
1134 4300 1263 4353 comitem
1283 4296 1383 4361 Pausa,

136 4390 249 4444 fratrem
277 4405 366 4456 suum,
391 4405 441 4443 uec
465 4404 520 4442 non
539 4390 680 4442 universos
705 4386 823 4458 populos
846 4403 941 4442 eorum
965 4388 994 4440 in
1017 4385 1147 4440 Orisiensi
1173 4393 1200 4440 et
1226 4384 1383 4454 Simigieusi

137 4479 314 4532 comitatibus
333 4494 367 4532 ex
384 4477 438 4532 ista
455 4483 533 4546 parte
552 4477 674 4542 Drawae,
690 4473 819 4529 videlicet
831 4475 859 4528 iu
873 4473 1005 4535 Wrboua,
1020 4472 1199 4528 Charaburda
1217 4478 1245 4526 et
1257 4472 1384 4537 Roscius,

139 4581 191 4636 pro
209 4566 338 4635 gratuitis
356 4572 384 4619 et
401 4565 547 4619 meritoriis
565 4564 682 4617 seruitiis
699 4562 849 4616 eorundem
868 4578 885 4615 a
902 4560 1005 4615 iudicio
1025 4567 1052 4614 et
1070 4560 1257 4614 iurisdictione
1277 4560 1385 4613 comitis

137 4652 285 4708 Orisienais
312 4657 340 4706 et
366 4669 383 4705 a
410 4651 525 4706 collecta
557 4657 663 4720 septem
696 4649 884 4714 denariorum,
918 4664 989 4718 quae
1019 4649 1124 4701 ratione
1156 4647 1224 4700 lucri
1261 4661 1386 4700 camerae

135 4741 280 4796 annuatim
299 4740 372 4810 exigi
392 4739 541 4805 consuevit,
561 4744 694 4808 perpetuo
720 4736 830 4790 duxerit
854 4735 1022 4802 eximendos,
1045 4751 1186 4790 reservans
1211 4750 1259 4788 eos
1284 4733 1386 4788 solum-

1265 4821 1283 4860 ιι
