3544 5344
358 414 403 482 ⁴14
855 441 874 482 1.
901 429 1102 498 suamrnvrb,

414 607 579 664 CXXXIX.
599 608 717 673 Romae,
727 607 876 676 Laterani,
896 611 919 660 3.
932 607 1087 662 Decembris
1097 609 1171 662 1221.
1189 605 1387 661 HonoriusIH
1398 623 1602 677 papaeommn-

359 694 434 748 nicet
442 695 574 765 magistro
583 695 701 750 Acontio
720 693 898 760 subdiacono,
917 693 1061 765 capellano
1074 699 1101 750 et
1112 695 1203 764 legato
1214 711 1273 762 suo,
1293 693 1376 765 quod,
1395 711 1458 748 cum
1468 691 1602 749 audiverit

360 781 472 851 quodin
483 782 607 853 partibus
625 783 744 838 Boeniae
768 788 910 852 tamquam
927 782 956 836 in
974 781 1111 837 cubilibus
1130 783 1312 838 structionem
1330 781 1443 836 haretici
1461 782 1600 852 receptati,

358 868 433 923 velut
444 869 543 924 lamiae
561 870 671 924 nudatis
696 871 823 924 mammis
848 869 954 924 catulos
973 886 1040 923 suos
1054 869 1166 935 lactent,
1184 869 1400 939 dogmatizando
1420 869 1514 940 palam
1532 883 1601 923 suae

359 956 502 1026 pravitatis
520 973 634 1023 errores,
652 957 748 1012 volens
767 957 925 1027 pestilentes
943 955 1102 1010 huiusmodi
1120 956 1249 1026 effugare,
1267 957 1325 1026 regi
1337 955 1478 1026 Ungariae
1496 961 1524 1010 et
1541 956 1600 1010 uui·

358 1042 444 1096 versis
462 1043 674 1114 archiepiscopis
693 1049 721 1098 et
738 1044 876 1114 episcopis
893 1043 966 1098 illius
984 1043 1061 1112 regni
1079 1042 1209 1098 direxerit
1233 1043 1342 1114 scripta,
1368 1049 1400 1098 ut
1417 1060 1481 1098 cum
1498 1043 1535 1097 ab
1552 1042 1601 1098 illo

356 1127 468 1198 (legato)
486 1129 588 1184 fuerint
605 1131 737 1202 requisiti,
766 1130 801 1185 ad
829 1129 1016 1201 profligandos
1034 1130 1096 1184 illos
1114 1129 1265 1200 procedant
1282 1131 1395 1186 viriliter
1417 1137 1445 1185 et
1466 1136 1599 1201 potenter.

411 1215 541 1272 Tbeiaer:
559 1219 633 1272 Mon.
657 1217 713 1272 Vct.
731 1219 824 1287 Harey.
842 1218 866 1272 1.
883 1234 912 1286 p.
932 1221 971 1270 31.
989 1217 1088 1286 Fejer:
1107 1217 1158 1272 eod
1185 1217 1254 1285 dipl.
1275 1219 1335 1285 111,
1354 1221 1378 1272 1.
1395 1233 1423 1285 p.
1442 1221 1506 1272 350.

409 1321 558 1378 CXXXX.
576 1325 696 1392 Romae,
705 1324 852 1386 Laterani,
873 1327 897 1377 4.
916 1322 1071 1376 Decembris
1080 1325 1147 1374 1221
1169 1321 1312 1376 Honorius
1321 1320 1368 1374 111
1386 1337 1460 1391 papa
1474 1321 1600 1376 notificat

358 1405 493 1464 Guncello
503 1409 591 1466 electo
601 1409 808 1481 archiepiscopo
818 1410 975 1480 spalatensi,
995 1409 1078 1480 quod,
1097 1425 1161 1463 cum
1172 1408 1322 1464 Vulcacius
1340 1408 1491 1462 canonicus
1510 1409 1600 1478 spala-

356 1497 442 1551 tensis
466 1498 582 1553 nuncius
607 1498 667 1568 ejus
686 1497 721 1552 ad
740 1496 834 1552 sedem
853 1497 1033 1568 apostolicam
1059 1495 1193 1552 accedens
1211 1495 1402 1566 supplicasset,
1430 1499 1461 1548 ut
1485 1493 1600 1566 pallium

358 1584 516 1655 pontificale
528 1586 554 1640 ei
566 1584 716 1640 concedere
733 1584 902 1654 dignaretur,
920 1585 949 1638 in
962 1583 1086 1639 eiusdem
1098 1584 1260 1638 instantium
1273 1581 1428 1647 assenserit,
1447 1585 1475 1635 et
1484 1581 1600 1652 pallium

357 1672 469 1738 miserit,
498 1673 629 1743 episcopo
660 1677 753 1726 autem
776 1671 965 1743 vesprimiensi
990 1671 1165 1738 commiserit,
1193 1677 1224 1724 ut
1247 1669 1283 1724 ab
1307 1686 1340 1724 eo
1367 1667 1501 1738 suscipiat
1520 1667 1598 1737 jura·

358 1765 482 1814 mentum
501 1765 609 1814 etcum
628 1759 713 1830 pallio
732 1760 974 1814 consecrationem.

409 1846 539 1901 Farlati:
566 1847 649 1916 Illyr.
667 1846 745 1902 Sacr.
778 1847 808 1901 Τ.
828 1849 878 1899 ΙΙΙ
893 1850 951 1900 251.
981 1846 1105 1913 Tbeiaer,
1125 1847 1199 1900 Mon.
1218 1844 1293 1900 Slus.
1312 1847 1390 1898 172.
1408 1842 1506 1910 cher:
1532 1842 1591 1898 cod

358 1933 428 2002 dipl.
445 1935 509 2000 111,
527 1937 541 1984 1
556 1949 585 2002 p.
606 1935 665 1986 318.

411 2037 575 2091 ΟΧΧΧΧΙ.
594 2039 712 2104 Romae,
723 2037 871 2102 Laterani,
889 2041 914 2092 4.
932 2037 1087 2092 Decembris
1104 2041 1182 2094 1221.
1201 2037 1345 2091 Honorius
1363 2035 1493 2105 IIIpapa
1506 2031 1601 2087 scribit

359 2123 547 2194 vesprimiensi
572 2125 710 2195 episcopo,
739 2124 813 2194 quod
832 2125 871 2178 illi
889 2123 996 2178 dederit
1013 2124 1078 2179 olim
1096 2124 1125 2179 in
1149 2123 1294 2191 mandatis,
1322 2129 1354 2177 ut
1380 2121 1542 2176 electionem
1565 2118 1601 2174 de

359 2210 522 2279 Gluncellol,
541 2211 623 2266 fratre
641 2211 785 2282 hospitalis
804 2229 826 2265 s.
846 2211 980 2282 Stephani
997 2212 1070 2280 regis
1088 2228 1106 2265 a
1124 2211 1273 2282 spalatensi
1292 2209 1413 2281 capitulo
1432 2206 1600 2262 celebratam

360 2297 505 2364 examinet,
524 2303 552 2352 et
570 2299 592 2351 si
612 2315 761 2370 personam
779 2298 913 2353 invenerit
930 2297 1066 2364 idoneam,
1086 2314 1149 2352 eum
1162 2297 1311 2363 confirmet,
1331 2295 1405 2366 quod
1423 2311 1486 2350 eum
1503 2292 1601 2347 secisse

361 2400 450 2454 nuper
473 2383 616 2438 intimavit.
636 2384 707 2440 Cum
732 2402 806 2440 nune
824 2386 884 2456 ipse
903 2385 1005 2440 electus
1030 2385 1144 2455 pallium
1162 2402 1179 2438 a
1198 2383 1263 2438 sede
1281 2383 1397 2455 petierit,
1424 2381 1499 2436 misit
1523 2379 1601 2434 illum

359 2487 408 2542 per
432 2473 595 2526 canonicum
613 2474 799 2543 spalatensem
817 2473 1004 2546 chasinum‚¹
1015 2472 1184 2544 mandatque
1203 2473 1335 2542 episcopo
1363 2475 1394 2524 ut
1420 2485 1495 2523 nunc
1513 2467 1549 2522 ab
1567 2481 1601 2520 eo

356 2557 541 2628 juramentem
559 2560 680 2630 recipiat.

413 2645 543 2700 iberiam
562 2649 635 2702 Mon.
658 2645 715 2702 Vct.
734 2649 826 2717 Hun'p.
846 2651 867 2700 Ι.
887 2652 926 2702 31.
945 2647 1076 2703 rartart:
1094 2648 1175 2717 lllpr.
1192 2663 1264 2702 sacr.
1284 2649 1337 2699 Ill.
1365 2648 1423 2698 251.

413 2749 592 2804 OXXXXII.
620 2753 653 2804 A.
673 2755 746 2804 1221.
772 2751 901 2806 Andrnas
919 2753 949 2807 11
968 2769 1017 2808 rex
1034 2753 1172 2818 testificat,
1199 2750 1275 2822 quod
1293 2750 1388 2806 Ochus
1410 2749 1510 2814 banus,
1537 2763 1602 2802 con·

360 2837 494 2892 sentiente
511 2854 583 2906 rege,
602 2838 727 2894 Thomas
744 2840 837 2894 comiti
856 2840 912 2895 filio
931 2841 1072 2895 Macharei
1085 2845 1186 2894 terram
1197 2838 1394 2893 Horestuncha
1403 2835 1599 2904 (Eratonos),

361 2940 445 2994 quam
462 2924 644 2980 haereditario
660 2927 723 2997 jure
741 2926 909 2997 possidebat,
929 2927 1035 2983 dederit
1052 2927 1081 2980 in
1099 2927 1290 2982 concambium
1307 2931 1442 2980 terrarum
1450 2922 1599 2990 Duruichs,

360 3009 454 3065 Laena
472 3011 541 3066 Pola
559 3019 586 3067 et
603 3013 703 3080 Rusca,
732 3031 802 3084 quas
821 3014 873 3084 ipsi
892 3015 985 3068 comiti
1003 3015 1127 3069 Thomas
1144 3031 1192 3067 rex
1211 3030 1260 3083 per
1278 3011 1382 3066 bullam
1406 3028 1518 3066 auream
1536 3027 1601 3065 con·

360 3098 467 3152 tulerat.
486 3099 547 3153 Rex
575 3101 741 3155 confirmans
768 3101 907 3155 cambium
933 3100 1010 3156 dedit
1036 3101 1138 3154 dietam
1165 3117 1266 3155 rerram
1295 3098 1495 3154 Horostuncha
1519 3098 1600 3152 metis

360 3185 546 3239 circumscribi
563 3203 612 3256 per
633 3187 713 3244 Bolro
733 3187 768 3241 N.
791 3189 903 3242 fratrem
924 3187 1023 3242 Oiriaci
1042 3187 1231 3258 praepositum
1252 3185 1438 3256 zagrabieneis
1451 3185 1599 3240 Ecclesiae.

360 3272 455 3326 Hidus
473 3279 561 3327 terrae
580 3273 668 3344 prima
686 3280 760 3328 meta
777 3276 872 3345 incipit
890 3291 907 3328 a
924 3274 1007 3330 fluvio
1026 3274 1100 3330 Sava
1118 3281 1145 3329 et
1162 3274 1239 3329 vadit
1259 3274 1294 3328 ad
1312 3275 1405 3328 locum
1417 3272 1517 3338 Maho;
1536 3270 1600 3326 inde

361 3375 410 3430 per
432 3359 552 3414 mediam
575 3359 668 3414 villam
692 3369 756 3416 ante
779 3362 893 3418 domum
910 3362 1028 3416 Joanuis
1052 3362 1185 3433 pastoris;
1212 3361 1277 3414 inde
1299 3377 1348 3431 per
1372 3360 1444 3414 dam
1463 3359 1497 3414 ad
1517 3363 1601 3430 caput

361 3461 450 3514 aquae
475 3445 656 3514 Chladniche;
684 3449 748 3503 inde
771 3449 806 3502 ad
825 3449 951 3503 Lanham
975 3465 1064 3519 usque
1088 3449 1122 3503 ad
1147 3449 1247 3515 locum,
1275 3448 1322 3502 ubi
1346 3447 1445 3502 fluvius
1468 3448 1558 3517 Prepo
1572 3487 1599 3500 ..

361 3531 435 3586 cadit
452 3533 479 3585 in
498 3532 602 3587 dictum
619 3533 732 3601 Lanha;
750 3535 814 3590 inde
832 3535 868 3590 ad
887 3535 1000 3590 fluvium
1019 3535 1164 3607 Sepchina,
1183 3537 1231 3605 qui
1249 3534 1322 3590 cadit
1339 3535 1367 3588 in
1386 3534 1501 3588 flurium
1518 3533 1599 3588 Sava.

361 3618 465 3673 Datum
485 3637 534 3690 per
551 3637 650 3675 manua
669 3623 822 3677 cancellarii
836 3623 907 3678 Oleti
925 3625 1074 3695 praepositi
1084 3625 1233 3694 Agriensie.
1253 3622 1422 3692 Subscripti:
1441 3621 1600 3692 Stephanus

361 3705 509 3776 episcopus
526 3707 719 3776 zagrabiensis.
739 3709 833 3764 Ochuz
846 3710 943 3778 banus,
962 3711 1128 3768 Laurentius
1141 3711 1214 3766 filius
1227 3710 1323 3767 Ochun
1335 3709 1370 3764 de
1382 3709 1466 3764 Kewe
1479 3711 1599 3778 (comes).

361 3792 482 3848 Thomas
500 3793 536 3848 de
553 3794 680 3863 Wolkov,
699 3795 845 3853 Ladislaus
863 3799 1047 3856 marescalcus
1066 3805 1093 3854 et
1111 3815 1203 3854 comes
1221 3797 1256 3853 dc
1274 3799 1409 3867 Poeegua.

416 3879 508 3936 Codex
525 3883 603 3950 Dipl.
622 3884 733 3952 petrissa
751 3890 770 3940 t.
794 3885 854 3940 VII.
872 3904 900 3955 p.
920 3892 944 3940 8.

415 3984 601 4042 OXXXXIII
632 3993 664 4042 A.
684 3994 760 4044 1221.
788 3991 922 4044 Acontius
946 3990 1114 4062 apostolicae
1139 3989 1212 4045 sedis
1229 3989 1337 4060 legatus
1355 3987 1485 4054 declarat,
1510 3989 1600 4058 spala-

362 4073 486 4127 tensibus
504 4075 532 4128 in
551 4075 657 4131 nullum
682 4077 882 4148 praejudicium
904 4077 1105 4147 imputandum,
1134 4077 1208 4148 quod
1233 4076 1271 4130 illi
1289 4075 1422 4130 benevole
1440 4073 1530 4130 eidem
1548 4093 1599 4146 pro

362 4177 459 4215 secura
477 4163 651 4233 navigatione
668 4163 800 4219 Jaderam
823 4165 898 4234 ligna
923 4181 974 4219 sua
999 4166 1154 4235 paraverint
1178 4170 1290 4235 propter
1316 4164 1465 4218 instantem
1482 4163 1600 4218 necessi·

362 4252 448 4303 tatcm
466 4266 579 4320 gverrae
597 4251 779 4306 nefandorum
799 4251 981 4306 Gazethorum
1000 4251 1112 4322 (satie),
1132 4253 1179 4322 qui
1198 4269 1248 4323 pro
1266 4252 1391 4323 ipsorum
1412 4267 1496 4321 posse
1507 4250 1600 4322 legato

361 4335 476 4390 insidias
494 4337 529 4392 ad
547 4338 704 4394 nocendum
722 4339 864 4410 parabant.

414 4425 544 4480 Farlcti:
562 4425 643 4496 illyr.
661 4443 731 4482 sacr.
752 4430 804 4482 ΙΙΙ.
824 4431 887 4481 250.

415 4528 607 4584 CXXXXIV.
626 4535 660 4586 A
677 4536 752 4588 1221.
771 4531 896 4588 Andreas
914 4533 944 4587 II
962 4550 1010 4588 rex
1028 4533 1215 4600 considerans,
1233 4532 1307 4602 quod
1329 4532 1413 4587 frater
1430 4533 1546 4588 Pontius
1564 4531 1600 4588 de

362 4618 464 4684 guluce
482 4619 582 4686 (cruce)
601 4636 650 4689 per
667 4620 842 4689 Hungariam
860 4627 888 4676 et
905 4619 1065 4676 Slavonium
1075 4621 1221 4677 domorum
1239 4621 1351 4675 militiae
1360 4621 1456 4691 templi
1469 4620 1601 4689 magister

364 4702 399 4756 ob
417 4705 489 4773 regis
507 4707 681 4761 securitatem
699 4714 755 4760 tam
775 4707 867 4762 eundo
885 4709 957 4764 ultra
974 4726 1057 4776 mare,
1086 4727 1170 4780 quam
1196 4707 1337 4764 redeundo
1356 4725 1405 4780 per
1423 4706 1546 4762 Gretiam
1565 4707 1600 4764 de
