3464 5382
354 371 415 459 158
850 415 870 456 1.
893 399 1094 472 annumero,

351 579 472 637 dioecesi
490 577 518 636 S.
537 579 664 651 Gregorii
682 585 710 636 et
728 579 757 636 S.
775 579 908 637 Demetrii
925 583 1093 639 monasteria
1110 579 1214 638 ordinis
1231 581 1260 640 S.
1273 579 1423 650 Benedicti,
1441 579 1478 636 ad
1495 585 1591 636 casua

351 668 379 722 in
403 667 444 723 eis
467 666 652 723 cousuncnda
678 665 787 740 idonea,
814 667 947 724 uanafere
969 668 1094 741 ipsoram
1118 667 1304 741 episcopalem
1326 665 1421 724 sedern
1447 667 1590 724 licentiam

350 749 509 823 concedere,
526 753 651 823 mandat,
668 761 813 826 quatenns,
832 771 869 810 au
886 754 941 812 hoo
958 753 1094 828 expediat,
1112 756 1252 827 inquirant
1269 760 1297 812 et
1313 751 1472 812 mmibant

402 839 500 910 Fejtr:
518 839 583 897 soe.
600 840 671 910 dipl.
691 841 720 895 Τ.
738 839 791 896 IV.
808 840 859 898 ool.
878 845 901 897 1.
917 857 947 912 p.
959 846 1019 898 475.

365 1029 367 1034 ,
402 970 574 1035 DXXXIII,
592 974 675 1048 1247.
692 975 717 1028 3.
738 971 870 1030 Octobris.
883 971 951 1028 Bela
961 969 1013 1028 IV.
1026 989 1075 1030 rex
1086 969 1273 1042 considerans,
1284 973 1360 1046 qnod
1374 975 1474 1032 blacos
1484 989 1591 1042 comes,

351 1057 424 1114 lilius
441 1057 536 1126 Dario,
563 1076 581 1114 a
604 1059 709 1132 primae
734 1059 808 1130 regis
834 1065 863 1116 et
889 1076 957 1116 snae
983 1060 1133 1116 inventutis
1159 1061 1330 1132 temporibus
1356 1067 1436 1132 grata
1453 1059 1592 1133 obsequia

350 1145 514 1216 exhibuerit,
531 1152 590 1202 tam
606 1145 792 1218 legationibus
809 1147 838 1202 iu
856 1164 942 1219 regno
960 1153 988 1204 et
1005 1155 1084 1204 extra
1100 1163 1218 1219 regnum
1235 1147 1405 1220 perferendis
1417 1146 1592 1217 andstand03

351 1233 387 1289 ad
404 1232 473 1289 haec
491 1233 558 1289 dum
583 1239 709 1307 tempore
735 1234 935 1306 persecutionis
958 1234 1137 1290 Tartarornm
1160 1251 1254 1306 regam
1271 1233 1307 1290 ad
1326 1241 1418 1306 partes
1435 1235 1591 1292 maritimas

351 1321 524 1393 poposcisset
540 1319 684 1390 declinere,
703 1320 777 1378 idem
800 1327 893 1393 spreta
917 1337 984 1379 cura
1006 1322 1046 1378 rei
1069 1322 1220 1391 familiaris,
1236 1320 1343 1379 tamdiu
1361 1334 1455 1393 regern
1472 1328 1589 1380 secutus

350 1409 449 1477 nnnc
467 1408 596 1465 omnihus
613 1409 758 1466 eventibus
774 1410 847 1466 circs
863 1411 925 1466 eins
942 1425 1090 1482 personam
1108 1426 1138 1466 se
1155 1410 1329 1482 exponendo,
1347 1409 1437 1467 donec
1453 1411 1483 1466 iu
1492 1415 1590 1467 tutum

350 1497 444 1552 locum
459 1497 536 1552 scuit
553 1497 625 1552 ultra
648 1499 770 1552 Drarem
777 1515 784 1564 ;
796 1513 888 1568 ¹qnare
901 1498 959 1569 ipsi
976 1515 1028 1570 pro
1045 1497 1088 1554 his
1104 1497 1210 1554 meritis
1222 1503 1323 1554 terram
1335 1497 1452 1569 Suugar
1463 1499 1491 1553 in
1504 1498 1591 1554 comi·

351 1589 412 1640 tatu
428 1583 632 1656 Ncogrsdiensi
648 1584 755 1642 confert
771 1586 799 1640 in
818 1591 991 1658 perpetuum.

394 1669 498 1740 'marr
515 1669 580 1728 sud.
598 1671 667 1741 dipl.
685 1673 781 1743 Ηιιιιρ.
801 1674 831 1728 Τ.
849 1673 900 1728 IV.
919 1673 972 1730 ool.
990 1673 1015 1728 1.
1030 1689 1061 1742 p.
1081 1676 1142 1728 473.

402 1806 571 1874 DXXXIV.
588 1811 729 1880 venetiis,
755 1817 779 1867 7.
802 1811 960 1868 Ncocsahrs'a
983 1814 1063 1868 1247.
1087 1811 1211 1868 Jacohus
1234 1811 1402 1884 Thenpulus
1419 1811 1478 1868 dux
1495 1811 1591 1871 Vene-

351 1900 452 1956 tiamm
469 1899 588 1969 iniungit
613 1899 722 1970 Angelo
747 1899 919 1958 Maurooano
945 1904 974 1956 et
999 1901 1059 1956 eins
1082 1899 1244 1956 consiliariis
1274 1899 1384 1955 Marino
1411 1899 1585 1954 Manroceno

352 1983 496 2058 Stephano
512 1985 672 2042 Jnstiniano
698 1991 727 2042 et
751 1985 855 2043 Joauni
881 1984 917 2042 de
935 1985 1032 2042 Oanali
1055 1985 1302 2042 ambasciatoribus
1324 1987 1390 2053 suis,
1409 1990 1440 2040 ut
1457 1983 1591 2040 iratnhus

351 2073 589 2147 praedicatoribus
606 2073 741 2145 quasdam
758 2074 950 2148 possessiones
967 2091 985 2130 s
1001 2073 1073 2130 duce
1085 2075 1125 2130 eis
1136 2089 1291 2144 concessas,
1302 2089 1320 2129 a
1331 2072 1481 2130 Jadsrtinis
1493 2077 1592 2128 antm

350 2161 506 2234 impeditas,
523 2160 683 2230 assemano
701 2167 751 2218 sut
766 2177 841 2226 vero,
859 2162 883 2217 si
900 2162 991 2218 inatae
1007 2161 1111 2218 ineunt
1121 2163 1260 2233 querellae
1274 2161 1490 2230 Jadertinorum,
1503 2175 1592 2232 super

349 2248 403 2304 illis
420 2249 569 2320 inquirant,
587 2255 616 2304 at
631 2248 739 2306 nobiles
757 2250 831 2306 viros
847 2249 957 2321 Papum
975 2248 1010 2304 de
1027 2249 1167 2320 Petrogna
1184 2255 1212 2306 et
1229 2249 1418 2321 Grisogonnm
1434 2247 1471 2304 de
1485 2247 1591 2306 Mauro

347 2335 376 2391 ia
395 2336 449 2391 hac
465 2352 496 2392 re
513 2337 667 2393 considant

401 2423 531 2480 Ferlcts':
548 2424 630 2496 Illyr.
647 2439 719 2480 sacr.
740 2426 769 2478 Τ.
792 2422 822 2480 V.
838 2440 868 2494 p.
891 2429 932 2478 76.

401 2563 555 2620 DXXXV.
572 2565 709 2630 Jaderae,
727 2567 806 2618 1247.
825 2563 988 2620 Leonardus
1007 2563 1140 2632 Quirinus
1156 2579 1250 2620 cornea
1260 2561 1365 2620 Jadrae
1376 2579 1440 2618 cnm
1452 2561 1511 2620 suis
1523 2579 1590 2618 oon·

349 2651 457 2706 siliariis
475 2651 572 2720 Marco
589 2649 747 2721 Bragadiuo
765 2656 794 2706 et
809 2649 940 2722 Philippo
957 2649 1070 2707 Donato
1088 2657 1202 2723 accepto
1220 2649 1320 2707 sducc
1331 2655 1492 2706 venetorum
1508 2666 1591 2716 man-

348 2737 423 2806 dato,
450 2731 482 2794 ut
509 2738 654 2802 Fratribus
681 2737 916 2812 praedicatoribus
942 2737 1046 2795 Jadrse
1072 2737 1314 2806 commorantibus,
1341 2735 1466 2794 nondum
1492 2743 1588 2794 tamen

347 2825 440 2882 locum
459 2825 623 2898 deputatum
640 2825 815 2894 habentibus,
827 2823 899 2882 inira
910 2841 1004 2880 muros
1024 2825 1053 2880 in
1071 2825 1133 2882 loco
1145 2825 1311 2896 competenti
1334 2823 1590 2898 provideanteum

348 2929 465 2970 msensu
482 2913 695 2981 communitatis,
713 2911 828 2968 domum
846 2912 919 2969 Petri
938 2911 1087 2968 Calchinae
1104 2929 1168 2970 cum
1185 2911 1262 2969 curia
1279 2928 1331 2968 aua
1343 2916 1371 2968 et
1381 2912 1505 2968 loculum
1517 2911 1592 2967 Mal·

351 2999 430 3058 iredii
447 3000 595 3072 praedictis
613 3000 744 3056 iratribus
762 2999 914 3058 confersmt
971 3001 973 3006 '

401 3089 531 3164 licrloti:¹
549 3075 632 3158 illyr.
649 3103 721 3146 socr.
740 3089 771 3144 T.
793 3087 824 3144 V.
839 3103 869 3157 p.
891 3092 933 3142 75.

402 3218 567 3276 cxxxvi
586 3221 619 3274 Δ.
637 3223 714 3276 1247.
733 3220 809 3274 Acne
827 3235 905 3274 soror
921 3218 1057 3290 Dyonisii,
1069 3219 1200 3289 magister
1214 3217 1361 3290 Philippus
1371 3217 1407 3274 de
1419 3216 1447 3276 S·
1460 3215 1589 3274 Gerardo

350 3309 378 3361 et
395 3305 536 3362 Bessenen
561 3305 598 3360 da
624 3304 652 3362 S.
680 3304 801 3376 Georgia
827 3305 952 3360 tribuunt
978 3304 1142 3362 donationes
1168 3305 1336 3362 monasterio
1359 3309 1387 3361 ct
1404 3303 1534 3360 abbatiae
1551 3303 1589 3361 de

349 3392 440 3464 Turje,
459 3391 592 3448 fraudatae
609 3409 627 3446 a
644 3391 718 3448 bauo
735 3392 871 3464 Dyonisio
888 3391 924 3450 de
942 3393 971 3448 S.
990 3391 1115 3450 Gersrdo
1133 3394 1231 3464 (1183).

402 3479 498 3548 Beier:
517 3479 582 3535 Ood.
600 3479 669 3549 dipl.
687 3481 780 3550 Hesp.
801 3482 829 3534 Τ.
847 3479 899 3534 ll'.
916 3479 968 3536 ool.
987 3480 1011 3535 1.
1026 3497 1056 3550 p.
1076 3484 1140 3535 479.

400 3617 585 3676 DXXXVH.
604 3619 766 3691 Capitulum
779 3620 911 3678 ccclesiae
922 3619 1108 3693 asgrabicusia
1120 3621 1250 3687 notificat,
1263 3619 1339 3690 quod
1353 3619 1471 3675 Michael
1482 3633 1588 3689 comes,

348 3705 432 3762 irater
449 3705 545 3762 anad
562 3707 680 3774 comitis,
698 3723 733 3762 ex
750 3724 807 3763 una
824 3713 911 3780 parte,
930 3715 958 3764 et
976 3708 1113 3764 Martinus
1131 3707 1204 3762 lilius
1222 3705 1347 3762 Nsndcse
1365 3723 1401 3762 ex
1412 3707 1587 3763 alterascce·

348 3792 446 3850 dentes
464 3793 492 3848 in
510 3810 638 3866 persona
655 3793 729 3851 idem
747 3795 867 3852 Michael
891 3801 1059 3868 protestatus
1083 3795 1126 3862 sit,
1144 3793 1221 3865 quod
1238 3801 1339 3850 terram
1358 3809 1437 3850 susm
1455 3792 1539 3851 Obris
1556 3795 1586 3849 in

348 3881 491 3954 privilegio
509 3881 595 3952 regali
613 3880 666 3940 sub
683 3879 760 3938 bulla
777 3898 863 3938 aurea
880 3883 1051 3950 exisoentem,
1069 3882 1150 3937 eitam
1167 3881 1246 3938 iuxta
1262 3887 1364 3938 terram
1379 3881 1445 3936 dicti
1463 3881 1586 3950 Martini,

347 3975 380 4024 ut
395 3974 589 4026 removeantur
613 3985 709 4026 omues
732 3971 941 4039 controversiae,
966 3969 1056 4026 eidem
1080 3969 1199 4024 Martino
1224 3985 1274 4040 pro
1297 3968 1332 4023 20
1355 3968 1454 4023 marcia
1477 3968 1587 4039 argenti

347 4055 501 4114 vendiderit
517 4057 546 4112 in
565 4061 731 4130 perpetuum
748 4057 801 4114 suh
818 4055 984 4126 conditione,
1002 4063 1035 4114 ut
1052 4072 1113 4112 eam
1124 4055 1202 4112 nnllo
1214 4060 1346 4112 exnaneo
1361 4053 1480 4110 vendere
1494 4055 1587 4126 poenit

347 4144 407 4199 aine
424 4144 610 4200 insinuatione
628 4145 705 4216 priua
723 4145 803 4202 facta.
821 4145 898 4200 Meta
915 4145 1004 4217 prima
1020 4145 1117 4217 incipit
1133 4143 1170 4199 ab
1187 4143 1292 4200 edente
1304 4143 1332 4198 in
1344 4149 1446 4213 mone,
1459 4143 1507 4199 uhi
1519 4151 1588 4200 sunt

346 4236 403 4286 tres
420 4236 511 4287 metae
528 4231 673 4288 Michaelis
696 4231 812 4300 comitis,
836 4231 994 4288 Lodomerii
1011 4238 1040 4288 et
1057 4229 1179 4300 Martini,
1200 4230 1264 4287 inde
1282 4246 1332 4302 per
1349 4229 1422 4286 ιὶαιιι
1440 4245 1528 4300 usque
1546 4229 1585 4286 ad

347 4319 456 4374 vineam
473 4319 581 4387 Ztrelh3
599 4317 663 4376 inde
682 4335 732 4393 per
749 4320 840 4376 varias
856 4325 945 4376 metus
957 4319 992 4375 ad
1005 4317 1136 4392 paludem
1148 4319 1282 4390 Ohernya,
1294 4317 1369 4374 dicta
1380 4333 1446 4374 vero
1458 4315 1587 4387 Obernya

347 4412 472 4480 tempore
499 4408 613 4480 pluviali
638 4413 682 4464 est
708 4425 821 4478 aquom
848 4415 973 4480 tempore
999 4408 1105 4463 aestivo
1134 4408 1283 4478 insquosa;
1312 4403 1377 4460 inde
1407 4421 1456 4477 per
1484 4404 1586 4461 vallem

348 4495 472 4566 csemya
490 4493 566 4550 vadit
584 4509 633 4566 per
650 4495 765 4563 longum
783 4493 904 4565 spatium
922 4500 950 4550 et
967 4511 1017 4566 per
1034 4501 1123 4552 metas
1135 4493 1265 4550 nboreas
1283 4498 1312 4550 et
1329 4509 1379 4565 per
1390 4491 1496 4548 aridam
1507 4491 1587 4550 cadit

347 4583 376 4636 in
394 4581 574 4654 Plytvlcham,
592 4587 620 4636 et
637 4580 712 4636 vadit
729 4597 818 4652 neque
835 4581 871 4636 ad
889 4588 1003 4652 pontem
1020 4581 1152 4654 Wychen.

405 4679 522 4741 Wessel:
542 4683 607 4740 Ood.
625 4683 693 4754 dipl.
712 4683 820 4754 Arpod.
842 4683 904 4740 VII.
919 4702 949 4756 p.
972 4689 1033 4742 249.
