3544 5344
728 436 872 478 suemus.
1381 417 1423 482 (ib

175 599 366 654 terminantur.
384 598 486 669 Incipit
503 605 597 654 tenere
614 616 677 654 cum
703 600 880 672 Matucbyna,
905 602 932 656 iu
958 608 1036 673 parte
1061 601 1269 674 septentrionali
1295 605 1371 660 venit
1388 605 1423 660 ad

174 686 267 742 lacum
284 686 461 756 Rogtouioba
479 693 508 744 et
531 687 630 742 silvam
647 705 832 744 memorosum
855 689 1019 760 Kanachyn,
1038 689 1113 744 cadit
1133 691 1161 746 in
1180 689 1295 746 fluvium
1313 691 1424 746 Mathu-

174 773 264 844 cbyna
282 780 310 829 et
328 791 377 846 per
395 791 480 830 unam
499 773 595 830 silvam
613 774 649 830 ad
668 792 798 845 magnam
816 777 889 830 viam
907 776 935 830 in
954 767 1010 848 qua
1026 777 1081 831 itur
1100 777 1135 832 ad
1154 777 1277 848 Ozyagh.
1295 779 1330 834 In
1348 778 1424 834 bono

175 863 266 932 spatio
285 859 360 916 cadit
377 861 405 915 in
425 861 529 916 oriente
547 861 582 916 ad
601 862 716 917 fluvium
736 862 834 918 Flunia
853 863 965 934 bekoyk
982 869 1010 918 et
1029 881 1078 934 per
1090 863 1205 919 fluvium
1217 865 1335 936 Balroylr
1347 873 1424 922 tenet

174 956 277 1006 metam
295 967 360 1005 cum
378 947 493 1005 Nelrche
512 949 634 1021 (Nasice)
659 957 686 1005 et
710 949 785 1006 cadit
808 948 836 1005 in
860 967 963 1021 magno
988 952 1083 1022 spacio
1110 952 1139 1006 in
1166 951 1280 1006 fluvium
1299 951 1423 1008 Nelrcbe.

174 1037 260 1092 Venit
276 1037 306 1092 in
324 1037 429 1093 oriente
454 1037 489 1092 ad
513 1037 604 1092 lacum
627 1037 727 1108 Byztra
753 1045 780 1093 et
804 1037 839 1094 ad
864 1039 950 1093 alium
973 1039 1065 1093 lacurn
1090 1039 1228 1111 Machlyn.
1255 1039 1363 1095 Deinde
1387 1040 1422 1096 ad

174 1125 265 1180 lacum
283 1125 435 1180 Kathlroua
459 1129 487 1180 et
510 1124 583 1180 cadit
606 1126 634 1180 in
659 1125 772 1180 dudum
796 1125 993 1198 Breztbnycbe.
1019 1125 1122 1197 Incipit
1145 1131 1239 1182 tenere
1266 1143 1331 1182 cum
1350 1134 1423 1183 terra

172 1213 233 1267 Koa
252 1219 280 1268 et
298 1211 372 1268 cadit
390 1211 426 1267 ad
445 1211 558 1267 dudum
586 1211 745 1282 chbycbe.
771 1213 860 1268 Intrat
884 1213 920 1268 ad
944 1230 1046 1284 aquam
1066 1213 1189 1280 Medves,
1208 1219 1284 1269 tenet
1302 1231 1421 1271 comme·

172 1301 332 1354 tensitatem
360 1317 424 1354 cum
450 1300 590 1354 cruciferis
617 1299 652 1355 de
679 1299 752 1354 dicto
776 1299 897 1355 Crassos
924 1307 952 1356 et
981 1301 1065 1356 intrat
1091 1299 1126 1355 ad
1154 1301 1268 1356 flurium
1299 1301 1421 1357 Orassov

173 1387 221 1442 ubi
240 1394 314 1442 meta
333 1387 528 1442 cruciferorum
551 1387 721 1441 terminatur.
745 1387 781 1440 Iu
804 1403 907 1458 magno
932 1387 1022 1459 spatio
1047 1388 1122 1443 venit
1146 1388 1181 1442 ad
1209 1395 1313 1444 metam
1330 1395 1421 1444 terrae

172 1473 275 1530 Serech
294 1491 383 1546 usqne
408 1473 443 1528 ad
467 1491 553 1528 unum
577 1473 767 1542 monticulum,
793 1474 846 1530 sub
870 1492 927 1544 quo
951 1481 993 1529 est
1011 1475 1176 1546 magnatis
1194 1493 1244 1548 per
1262 1493 1345 1548 quarn
1364 1477 1421 1532 itur

172 1561 207 1616 de
232 1562 347 1633 Ozyagh
372 1559 408 1616 ad
432 1561 534 1618 Serech
562 1548 692 1630 (Sereni).
716 1561 807 1616 Intrat
833 1562 862 1616 iu
886 1568 1017 1632 stagnum
1042 1563 1180 1634 Martyria.
1207 1563 1278 1618 Inde
1296 1563 1332 1618 ad
1350 1563 1421 1618 duas

172 1666 289 1720 magnas
308 1650 420 1705 arbores
438 1649 516 1704 iuxta
533 1649 647 1703 lindum
665 1649 775 1704 Dravae
793 1647 869 1704 cadit
885 1649 913 1704 iu
926 1649 1018 1722 ipsum
1030 1650 1145 1706 fluvium
1158 1657 1185 1706 et
1197 1657 1294 1706 contra
1306 1667 1418 1707 cursum

172 1737 297 1792 eiusdem
321 1737 402 1792 nimis
429 1737 511 1807 longe
536 1737 626 1808 pergit
649 1737 678 1791 in
705 1753 757 1792 auo
782 1737 886 1808 abyssu
910 1744 938 1793 et
962 1739 1139 1809 pervenitad
1159 1739 1264 1809 priores
1283 1745 1371 1794 metas
1389 1740 1417 1793 in

172 1823 263 1879 littore
280 1825 392 1880 Dravae
409 1825 542 1891 ineoatas,
561 1825 608 1879 ubi
627 1825 816 1880 terminantur.
835 1825 941 1880 Datum
959 1843 1009 1896 per
1020 1843 1119 1881 manus
1138 1826 1246 1882 Alberti
1261 1827 1342 1881 aulae
1355 1843 1418 1880 cen·

171 1911 273 1967 cellarii
291 1911 442 1984 praepositi
461 1911 622 1967 orodiensis.
641 1913 834 1968 Existentibus
849 1913 993 1984 Stephano
1006 1914 1138 1985 episcopo
1151 1911 1331 1983 zagrabiensi,
1350 1913 1418 1968 Jula

171 1999 244 2055 bano
263 2007 291 2055 et
309 2000 409 2055 comite
427 1999 612 2070 supruniensi,
631 2001 705 2072 Ocys
723 2001 848 2068 (chich)
867 1999 962 2056 curiali
980 2002 1081 2056 comite
1098 2001 1218 2072 reginae.

223 2133 320 2199 Fater:
341 2132 406 2188 (lod.
425 2132 495 2202 dipl.
514 2135 607 2203 Hanp.
627 2133 683 2202 III,
701 2133 753 2190 ool.
773 2136 814 2200 Il,
829 2151 858 2203 p.
877 2137 937 2188 134.

223 2299 383 2354 ccxxiv.
403 2301 437 2354 Δ.
455 2303 533 2357 1228.
550 2301 694 2356 Dionisius
712 2318 805 2356 comes
831 2301 970 2372 palatinus
991 2299 1157 2367 manifestat,
1176 2298 1253 2370 quod
1271 2299 1342 2355 inter
1360 2299 1417 2354 Ru·

171 2387 267 2442 binum
286 2386 373 2440 filium
391 2387 497 2442 comitis
515 2388 572 2444 Job
590 2388 625 2442 de
644 2406 744 2458 genere
763 2389 855 2459 Woylr
874 2395 902 2443 et
920 2389 981 2458 ejus
993 2387 1201 2457 generationem
1213 2387 1249 2441 ab
1262 2404 1318 2442 uns
1330 2391 1417 2459 parte,

170 2473 206 2527 ab
224 2474 311 2528 altera
329 2474 456 2529 comitem
475 2475 588 2530 Petrum
606 2477 693 2530 filium
707 2476 831 2531 Marcelli
844 2475 879 2530 de
891 2491 992 2544 genere
1004 2474 1130 2529 Thetben
1143 2473 1277 2544 (Teennl)
1290 2480 1318 2529 et
1329 2481 1416 2530 totam

168 2561 375 2630 generationem
402 2577 489 2626 suam,
517 2562 606 2618 fomes
633 2559 787 2617 discordiae
815 2579 865 2634 per
890 2563 1006 2632 longum
1033 2568 1145 2632 tempus
1167 2579 1219 2633 pro
1243 2568 1317 2618 terra
1345 2564 1417 2618 inter

168 2647 269 2702 fluvios
296 2649 408 2703 Puxker
426 2648 537 2718 (Palma)
562 2655 590 2703 st
613 2649 776 2720 Thopolcha
799 2650 934 2720 (replica)
962 2649 1106 2705 adiacente
1133 2656 1162 2704 et
1188 2649 1249 2704 aliis
1275 2649 1359 2704 rebus
1384 2667 1417 2704 ac

167 2733 279 2790 damnis
297 2736 483 2806 processisset,
502 2736 615 2791 tandem
633 2735 669 2790 ad
687 2753 782 2806 regem
800 2736 853 2791 fuit
870 2736 997 2804 deducte,
1011 2753 1099 2807 quum
1111 2754 1168 2803 rer,
1183 2736 1241 2790 rice
1253 2753 1312 2802 sua,
1326 2735 1415 2790 eidem

167 2821 307 2877 commisit
325 2821 491 2878 audiendam
509 2829 536 2878 et
554 2823 609 2877 fine
627 2823 721 2879 debito
739 2825 950 2892 terminandam,
970 2823 1099 2879 Rabirius
1112 2824 1241 2894 allegavit
1253 2822 1329 2894 quod
1341 2822 1415 2878 dicta

167 2915 241 2964 terra
260 2926 310 2980 per
327 2911 454 2964 comitem
472 2911 585 2965 Petrum
605 2911 642 2965 sit
665 2911 691 2964 ri
716 2919 859 2982 occupata,
884 2911 1071 2984 produxitque
1095 2911 1278 2965 instrumenta
1300 2909 1415 2964 authen·

166 2998 222 3052 tica
242 2997 378 3067 Stephani
402 3003 430 3052 et
454 2998 537 3053 Belus
561 2999 648 3069 Relyn
668 3015 765 3068 regum
783 2999 902 3054 condam
922 2999 1094 3068 Hungariae,
1114 3014 1187 3068 quae
1205 3014 1297 3052 comes
1315 2998 1415 3054 Petrus

166 3085 326 3156 improbare
344 3084 505 3140 conabatur.
524 3085 580 3141 Sed
599 3087 665 3156 quia
688 3087 796 3142 nullum
822 3087 995 3158 privilegium
1020 3084 1055 3140 ad
1071 3085 1142 3156 juris
1162 3084 1205 3138 sui
1223 3083 1414 3139 defensionem

167 3173 308 3244 produxit,
327 3189 377 3228 nec
396 3190 524 3244 proceres
542 3175 613 3228 iuter
632 3175 756 3228 Dravum
775 3180 803 3228 st
821 3173 927 3229 Savum
944 3177 1149 3228 commorantes
1168 3189 1219 3242 pro
1235 3178 1313 3242 parte
1324 3171 1413 3242 ipsius

166 3261 320 3331 quidquam
339 3261 548 3332 responderunt,
568 3277 619 3315 sua
637 3262 809 3332 improbacio
826 3262 919 3316 locum
937 3260 1038 3316 babere
1057 3279 1114 3316 uon
1133 3259 1231 3331 potuit
1251 3259 1413 3331 Appellavit

166 3365 234 3418 ergo
252 3349 351 3403 Petrus
363 3349 482 3404 iteratim
495 3348 530 3404 ad
543 3366 637 3419 regem
650 3356 677 3404 et
689 3350 836 3404 astiterunt
856 3349 955 3404 ambae
977 3355 1069 3419 partes
1082 3349 1110 3402 in
1124 3348 1285 3420 praesencia
1305 3347 1411 3402 domini

165 3437 238 3506 regis
257 3442 285 3490 et
303 3437 430 3507 exposita
445 3435 560 3490 suerunt
577 3437 760 3492 instrumenta
778 3437 897 3490 filiorum
910 3436 1010 3506 Woylr,
1024 3453 1141 3506 quorum
1155 3436 1250 3506 vigore
1262 3441 1414 3506 spanatum

165 3525 224 3579 sive
248 3523 397 3578 kneaatum
424 3524 480 3578 iarn
507 3525 535 3578 in
562 3523 620 3578 fata
644 3530 716 3579 terra
740 3531 894 3591 tenuerant,
913 3511 1111 3578 altereautibus
1130 3521 1267 3578 ambobus
1286 3523 1414 3594 partibus

164 3613 294 3666 inventus
312 3610 365 3665 fuit
382 3627 475 3666 comes
488 3612 587 3666 Petrus
599 3619 742 3682 tamquam
755 3612 944 3680 calumniator,
957 3628 1006 3665 rex
1018 3617 1112 3665 tamen
1125 3611 1149 3665 ei
1162 3627 1281 3681 poenam
1300 3611 1413 3678 remisit,

164 3705 193 3755 et
211 3697 309 3752 ambas
328 3704 420 3770 partes
444 3697 479 3753 ad
504 3698 680 3754 concordiam
703 3700 849 3754 revocarit.
876 3698 977 3754 Comes
1005 3715 1071 3768 ergo
1089 3699 1188 3754 Petrus
1207 3704 1315 3768 partem
1333 3715 1413 3769 prae·

163 3787 255 3842 dictae
278 3795 374 3852 terrae,
400 3803 485 3857 supra
509 3803 591 3856 quam
617 3787 681 3842 villa
705 3787 853 3843 Keresztcr
875 3786 911 3842 ad
936 3786 1142 3857 generationem
1162 3785 1253 3856 Woyk
1272 3786 1412 3856 pertinens

163 3875 255 3930 extitit
272 3874 395 3941 fraudata,
414 3891 478 3928 cum
497 3875 625 3928 omuibus
644 3875 815 3945 pertinentiis
828 3874 939 3929 Rubino
958 3873 1100 3940 concessit,
1120 3873 1203 3927 aliam
1222 3891 1286 3928 vera
1304 3880 1411 3944 partem

162 3969 261 4029 terrae,
281 3978 365 4033 supra
383 3979 467 4031 quam
486 3961 550 4015 villa
568 3963 733 4032 Megeriwcb
746 3963 935 4033 (Medjuredje)
949 3962 1053 4016 exstitit
1065 3959 1188 4026 fundata,
1202 3978 1265 4014 curn
1281 3960 1411 4014 omnibus

163 4049 336 4121 pertinentiis
354 4047 482 4103 Rubinus
501 4049 594 4103 comiti
612 4051 695 4104 Petro
715 4051 818 4104 annuit.
837 4049 957 4104 Litteras
975 4065 1087 4118 quoque
1105 4053 1229 4102 mortuas
1249 4055 1276 4102 et
1294 4047 1410 4101 innanes

163 4137 379 4209 proclamarunt.
413 4136 457 4190 Ad
483 4135 647 4191 revidendas
670 4143 759 4191 metas
782 4143 918 4192 terrarum
941 4153 1034 4191 comes
1060 4135 1173 4190 Zochud
1202 4136 1348 4189 exmissus.
1374 4135 1412 4188 Et

162 4224 277 4295 quidem
296 4225 391 4296 incipit
409 4225 498 4295 prima
516 4230 591 4279 meta
608 4229 698 4279 terrae
710 4225 865 4296 Woylronis
877 4225 905 4279 in
918 4223 1003 4278 fluvio
1016 4223 1158 4294 Toplicha,
1172 4222 1219 4276 ubi
1232 4239 1305 4292 aqua
1317 4221 1411 4277 Mech-

162 4311 287 4366 ebeucha
305 4311 379 4365 cadit
396 4312 423 4366 in
443 4311 560 4366 eandem
579 4319 606 4367 et
624 4329 674 4384 per
685 4313 799 4381 longum
812 4312 934 4383 spatium
945 4312 1070 4382 pervenit
1083 4309 1118 4364 ad
1130 4311 1230 4374 locum,
1244 4310 1290 4363 ubi
1304 4311 1409 4363 rivulus

162 4397 243 4452 Zuba
261 4397 432 4453 Mecheucha
450 4397 524 4453 cadit
541 4399 570 4452 in
588 4399 787 4454 Mecheucham
805 4407 833 4454 et
851 4417 901 4470 per
918 4400 1106 4453 variasmetas
1126 4396 1160 4451 ad
1179 4397 1251 4450 viam
1270 4413 1408 4464 maguam,

162 4501 235 4556 quae
253 4486 328 4539 veuit
346 4484 381 4540 de
393 4485 498 4552 Pulrur‚
512 4492 541 4540 et
553 4503 602 4556 per
615 4487 711 4541 vallem
724 4503 900 4541 nemorosam
912 4487 941 4539 in
954 4501 1056 4555 aquam
1069 4484 1217 4554 pluvialem
1231 4482 1409 4538 Werbnicha·

162 4573 269 4643 pctbolr
288 4579 316 4628 et
333 4573 433 4627 iterum
451 4574 478 4626 iu
497 4573 638 4643 Toplicha.
659 4573 834 4628 Consensum
853 4589 965 4643 quoque
984 4572 1185 4643 praebuerunt:
1207 4571 1314 4640 Woyna
1333 4571 1407 4624 filius

161 4659 296 4729 Woynae,
314 4659 459 4714 lohannes
478 4660 551 4714 iilius
569 4659 695 4726 Fabiani,
719 4661 820 4714 'lrazlan
840 4666 868 4715 et
887 4660 968 4714 Marlr
987 4661 1034 4714 filii
1053 4660 1135 4724 Buza,
1159 4659 1207 4712 filii
1225 4658 1333 4712 comitis
1350 4658 1407 4711 Job

1283 4803 1303 4864 ὁ
