3488 5380
691 393 837 442 6666666
1316 375 1381 448 tlt
1464 475 1468 480 Ι

137 561 268 620 redderet
285 561 361 637 ipsis,
381 563 552 638 pruedietum
570 565 764 622 concambium
788 581 822 622 eo
846 565 920 622 lecte
946 563 1046 623 debent
1071 581 1132 623 ease
1154 571 1321 635 revocatum,
1347 567 1386 624 ite

137 651 189 706 tilii
206 651 341 723 Buboneg
359 652 474 708 redditis
493 651 567 708 bunc
587 653 639 708 lito
657 654 760 710 marcis
777 658 879 709 terram
901 669 997 709 eorum
1022 653 1196 712 rehabebunt
1219 653 1255 710 66
1279 653 1384 710 benum

138 743 235 794 autem
252 745 343 796 terrae
360 755 410 812 per
428 757 492 796 eum
510 739 593 796 66666
610 745 790 797 revertantur.

192 827 242 883 lm
263 828 335 884 cetis
354 843 406 899 per
428 827 532 884 bunum
553 827 831 899 Ritus-Hederudw
856 843 890 884 ec
916 828 995 899 repsi
1021 828 1134 885 arctico
1156 827 1284 886 obblatio.
1301 827 1385 886 Faue.

136 916 199 968 457.
218 916 251 970 N.
269 919 295 970 3.
312 945 347 956 ·-
365 915 464 985 Fejm
484 915 576 972 06666
593 915 663 986 dipl.
684 916 712 970 T.
731 915 783 971 IV.
801 915 853 972 661.
872 915 929 971 ΙΙΙ.
946 931 976 986 p.
995 919 1059 970 377.

193 1053 334 1111 cum.
352 1055 480 1124 myrto
504 1055 765 1124 8666161661266.
791 1059 833 1110 11.
854 1054 1028 1124 Septembris.
1052 1053 1145 1110 Juuus
1169 1069 1261 1110 comes
1282 1055 1384 1125 Zegre-

137 1141 243 1197 bieusls
261 1142 406 1212 siguificat,
424 1141 501 1212 quod
514 1158 578 1198 curn
590 1140 626 1196 de
637 1147 710 1196 terra
722 1141 845 1213 Zodyslo
860 1141 1004 1213 Suynichs
1016 1143 1125 1212 questio
1138 1147 1219 1211 esset,
1233 1141 1384 1212 Bogdnnus

138 1233 167 1284 et
185 1229 325 1285 Martinus
343 1229 392 1284 tilii
409 1229 532 1300 Wlkyus
559 1227 722 1284 accedentes
740 1228 860 1286 consensi
877 1229 940 1296 sint,
958 1233 1015 1285 trec
1038 1229 1135 1285 vineas
1161 1228 1280 1298 filiorum
1305 1227 1386 1284 Gurlr

138 1317 168 1370 in
186 1315 328 1388 praedicte
345 1321 418 1372 ternu
442 1315 564 1388 Zodyzlo
587 1315 719 1386 Sunyehe
743 1317 811 1370 sitne
835 1320 863 1372 66
887 1317 966 1372 iuxte
988 1315 1098 1372 vineam
1121 1315 1242 1371 filiorum
1261 1313 1385 1384 Wlkyna

142 1402 258 1473 positus,
277 1407 305 1458 et
322 1402 421 1458 rilvsm
439 1402 584 1474 Wonycbu
602 1417 677 1472 gora,
698 1403 789 1458 eidem
807 1401 991 1474 possidendus
1009 1402 1165 1459 tradidisse.

195 1489 271 1560 O'sa'p.
296 1490 403 1546 neustr.
423 1505 457 1545 sc
475 1491 546 1546 actis
567 1505 620 1560 per
644 1490 745 1544 666666
770 1489 1046 1561 steen-Hesternam
1064 1505 1078 1544 e
1094 1491 1174 1561 repet
1197 1489 1310 1546 66616166
1334 1489 1384 1544 Pe·

140 1575 247 1633 6116666
264 1575 375 1632 ablutis.
394 1579 427 1630 N.
446 1577 480 1632 Β.
498 1577 533 1631 Δ.
552 1575 714 1633 16666386.
734 1581 768 1632 Ν.
787 1581 812 1629 8.

192 1715 347 1774 OMXVIL
365 1715 463 1774 cristi.
482 1719 562 1772 1266.
583 1719 607 1770 6.
627 1715 760 1772 Octobris.
785 1715 931 1772 Rotundus
953 1716 1044 1772 banne
1062 1717 1148 1773 totiue
1167 1714 1316 1771 Slavouiue
1334 1731 1385 1770 no·

138 1804 234 1872 tilicut,
252 1801 329 1874 quod
346 1803 447 1858 Petrus
466 1803 539 1857 tilius
558 1801 660 1858 zachei
679 1819 763 1874 super
780 1801 968 1858 destructione
990 1809 1126 1884 metaurum
1144 1809 1234 1858 terrse
1252 1819 1320 1858 6666
1337 1803 1384 1858 be
1499 1785 1503 1796 ’

137 1889 292 1958 redimire,
311 1889 496 1958 Vuuuluuum,
514 1889 647 1958 Pousem,
666 1894 694 1945 et
712 1905 809 1946 omues
835 1894 971 1962 cognatos
993 1906 1097 1958 comm,
1110 1889 1278 1960 jobugioues
1301 1890 1384 1945 castri

138 1977 174 2033 de
192 1976 333 2044 Kemuuk,
351 1976 528 2042 Rssminum,
549 1975 682 2042 zuetocb,
701 1982 729 2031 et
747 1981 881 2046 coguutos
904 1977 1056 2033 eorundem
1081 1973 1234 2033 castrenses
1259 1975 1385 2032 eiusdem

138 2067 166 2120 in
186 2065 374 2136 praesentium
395 2063 459 2134 ejus
483 2067 635 2119 evocasset.
660 2062 732 2117 (inm
755 2062 861 2118 diutius
889 2063 1026 2120 extitisset
1049 2067 1248 2132 concertatum,
1272 2061 1385 2118 undem

137 2156 232 2223 partes
256 2167 306 2222 per
334 2149 478 2206 arbitrium
505 2149 671 2205 arbitrorum
702 2165 751 2220 per
782 2149 885 2206 bunum
915 2149 1129 2222 deputatorum,
1156 2149 1285 2206 videlicet
1314 2149 1382 2204 Ivsn

139 2237 228 2294 tilium
247 2237 346 2305 Irirlsi,
364 2235 471 2304 Deduc,
489 2235 631 2307 tyburcij,
650 2236 836 2293 Oarechinum
848 2243 876 2292 66
889 2236 909 2291 J
910 2235 967 2291 uuk
989 2237 1118 2293 comitem
1133 2252 1217 2307 super
1234 2236 1297 2307 ipso
1310 2233 1384 2290 iacto

138 2331 229 2383 terrae
246 2326 318 2382 iuter
335 2324 441 2381 dictum
452 2323 566 2380 Petrum
578 2322 615 2378 eb
629 2339 693 2392 una,
706 2341 738 2379 ac
748 2323 918 2395 jobegicues
932 2329 959 2379 et
971 2329 1126 2380 castrenses
1143 2323 1227 2379 castri
1239 2327 1268 2378 et
1279 2321 1384 2378 eisdem

138 2417 272 2482 aetantes,
284 2412 437 2468 Murtinum
447 2415 603 2466 terrestrem
614 2411 751 2478 comitem,
763 2409 942 2467 Theodorum
950 2415 978 2466 66
989 2411 1008 2466 J
1009 2427 1128 2466 oannem
1141 2410 1239 2466 iratres
1252 2407 1384 2477 eiusdem,

139 2499 285 2566 Zoladum,
308 2497 446 2568 Budiuoy,
469 2497 563 2565 Petus,
588 2497 671 2566 Rutlr,
695 2497 878 2566 Dreuisleum,
901 2497 1076 2565 Otminluum‚
1103 2497 1193 2565 Tokk,
1219 2495 1385 2552 Michaelem

140 2587 330 2644 centurionem
349 2591 377 2642 et
396 2583 493 2641 Kunth
511 2601 544 2640 66
561 2585 660 2640 frames
678 2586 738 2640 eius
757 2585 829 2640 lilios
842 2583 969 2640 Radizlei
986 2601 1019 2640 66
1038 2585 1107 2640 61166
1117 2583 1283 2656 jobagiones
1296 2583 1386 2652 castri,

140 2679 169 2732 et
186 2681 342 2730 cestrenses
359 2672 395 2728 de
413 2671 546 2728 Kemuuk
565 2689 616 2743 pro
634 2672 736 2742 quibus
763 2673 896 2742 magister
921 2671 1055 2728 Nicoluus
1078 2686 1172 2726 comes
1197 2669 1232 2726 de
1256 2668 1388 2724 Kemuuk

140 2762 216 2818 stetit
233 2778 269 2817 ex
287 2766 365 2832 parte
390 2761 484 2828 alteru,
507 2760 598 2814 taliter
614 2759 705 2815 extitit
728 2758 899 2814 ordinatum:
920 2757 996 2829 quod
1021 2764 1111 2814 metue
1135 2764 1224 2813 terrae
1252 2755 1386 2828 praedicti

140 2849 216 2905 Petri
239 2865 256 2904 6
282 2853 354 2904 terre
380 2847 562 2918 jobagionum
591 2851 618 2901 66
645 2847 828 2902 castrensium
851 2845 905 2901 hoc
929 2844 1024 2900 ordine
1047 2843 1261 2914 distinguuntur.
1292 2843 1386 2898 Prima

139 2941 214 2992 metu
231 2935 308 2992 Petri
325 2935 423 3006 incipit
441 2935 469 2990 iu
487 2933 572 2990 fluvio
591 2933 686 2988 Benna
699 2932 826 3004 (Beduja)
845 2931 894 2986 ubi
912 2930 1013 2986 Rudilu
1031 2937 1058 2986 et
1076 2931 1210 2986 Nicolnus
1229 2935 1294 2986 suut
1312 2946 1385 2985 com·

140 3023 268 3079 metunei
288 3023 325 3078 Et
343 3039 393 3094 per
411 3022 501 3077 666166
522 3026 619 3088 metas,
639 3037 657 3075 6
674 3018 773 3075 dextre
791 3023 869 3088 perte
887 3019 978 3086 castri,
1006 3023 1077 3087 quae
1101 3015 1201 3073 dicitur
1225 3015 1385 3072 Alexandro

139 3109 214 3166 bsuo
232 3108 298 3164 6666
315 3108 410 3177 luisse,
429 3125 447 3163 6
464 3108 575 3163 sinistra
592 3109 676 3162 Petro
694 3111 860 3162 remuneute.
880 3105 917 3160 Et
929 3103 1072 3160 descendit
1083 3103 1119 3158 66
1132 3101 1247 3158 fluvium
1264 3101 1343 3157 Pela
1358 3107 1385 3158 et

139 3195 277 3252 66661666
295 3211 369 3262 eum,
386 3195 484 3265 incipit
500 3211 550 3266 per
568 3195 655 3249 ulium
672 3193 763 3248 risum
780 3197 877 3249 contre
896 3191 1027 3262 Oripsum
1046 3190 1186 3262 (Grynium
1193 3190 1215 3258 t)
1234 3188 1384 3246 ascendere

139 3299 190 3354 per
218 3281 297 3339 Gorh
314 3281 351 3337 66
368 3289 492 3338 montem
510 3281 660 3337 excelsum,
684 3281 738 3336 Per
764 3280 854 3336 666166
880 3283 968 3334 metae
995 3283 1024 3334 et
1047 3283 1148 3333 terrum
1173 3275 1384 3332 inhabitabilem

139 3369 176 3424 ud
194 3369 323 3426 verticem
341 3369 443 3424 montis
461 3368 528 3424 celsi
546 3373 573 3423 66
590 3372 772 3424 commetatur
784 3373 872 3422 terrae
885 3365 994 3422 comitis
1007 3364 1108 3420 Abrae.
1126 3363 1306 3420 Descendens
1332 3380 1381 3435 per

139 3462 241 3514 terram
258 3455 427 3513 Irdeuchiuu
451 3456 576 3528 pervenit
593 3453 629 3510 66
647 3453 798 3525 quemdam
815 3453 936 3509 rivulum
953 3457 981 3507 et
994 3457 1095 3508 terrem
1108 3451 1256 3508 Durnizlui
1275 3450 1384 3507 Deinde

139 3543 177 3600 ad
194 3549 296 3600 terram
313 3543 422 3602 comitis
440 3542 534 3598 Abrae
552 3541 664 3614 Zupoth
682 3546 805 3598 vocatae.
820 3539 929 3597 Deinde
947 3539 985 3595 ud
1003 3555 1134 3610 maguum
1147 3539 1220 3594 vium
1238 3543 1266 3594 et
1283 3543 1384 3592 terram

9 3659 25 3681 ‚.
139 3631 286 3688 Drusirlui.
315 3631 368 3688 Per
390 3629 680 3687 Prezecbinafluvium
701 3629 775 3685 venit
794 3628 923 3700 superius
942 3625 978 3682 66
997 3627 1229 3697 septemtrionem.
1250 3622 1295 3680 sd
1313 3624 1384 3680 occi·

139 3717 251 3774 dentem
269 3717 344 3775 cudit
363 3719 391 3774 in
409 3717 524 3772 fluvium
552 3717 678 3772 (166666,
702 3715 747 3772 Ad
773 3715 985 3787 septemliouem
1003 3721 1075 3770 terra
1093 3700 1220 3770 Otmirini
1240 3717 1269 3767 et
1285 3710 1321 3766 66
1339 3728 1384 3766 66-

139 3805 182 3876 pit
199 3805 278 3861 vallis
297 3805 417 3861 Felisua.
437 3805 521 3860 quta
538 3810 640 3860 terram
659 3803 732 3858 Follr
756 3809 783 3858 66
808 3803 923 3858 fratrum
951 3801 1026 3858 venit
1051 3801 1087 3856 66
1111 3806 1235 3856 montem
1260 3805 1288 3855 et
1311 3797 1386 3855 cadit

139 3891 168 3948 iu
186 3889 302 3947 flurium
319 3889 489 3962 Vogriucha,
509 3891 636 3962 superius
654 3889 690 3946 66
710 3891 934 3961 septemtrionem
954 3893 981 3944 et
997 3888 1112 3944 inferius
1130 3887 1300 3942 terminetur.

192 3979 242 4036 ue
259 3979 321 4036 coil.
340 3979 410 4048 dipl.
431 3977 558 4035 Tiscdcei
576 3979 658 4034 Ferit
676 3979 784 4035 comitis
802 3977 920 4034 curialis
937 3975 1059 4046 capituli
1070 3991 1146 4045 supr.
1158 3979 1256 4045 posteo
1274 3973 1306 4030 16
1324 3986 1385 4028 esea

140 4065 201 4122 coll.
219 4066 339 4123 veteteri.

192 4205 363 4263 ouxvm.
382 4211 458 4262 1266.
476 4209 518 4262 23.
537 4205 708 4262 Nemees.
726 4206 795 4261 Beln
812 4205 864 4262 1v.
882 4221 931 4260 rex
949 4211 1047 4260 uotum
1064 4203 1139 4270 fucit,
1151 4201 1226 4273 quod
1239 4217 1303 4257 cum
1317 4201 1384 4258 olim

138 4293 208 4352 unes
226 4309 259 4350 66
277 4293 387 4350 termini
403 4293 482 4364 regui
500 4309 550 4348 seu
567 4291 686 4348 ducatus
713 4292 863 4348 slavonice
886 4292 1026 4350 continuis
1049 4289 1268 4346 latrunculorum
1286 4293 1314 4344 66
1331 4286 1384 4343 fre·

139 4380 290 4453 questibus
307 4380 457 4436 insultibus
476 4381 662 4451 pulsarentur,
684 4396 733 4435 rex
751 4380 880 4452 propriae
905 4385 933 4436 et
957 4377 1132 4434 subditorum
1155 4373 1298 4433 securitati
1322 4391 1384 4445 pro·

140 4469 246 4540 spicere
264 4469 387 4540 cupiens,
408 4471 531 4524 cestrum
548 4467 578 4522 in
595 4471 690 4522 monte
708 4466 800 4522 Grech
818 4467 895 4522 iuxta
911 4465 1077 4536 Zegrabiam
1094 4463 1132 4520 ob
1149 4463 1294 4520 tuitionem
1317 4477 1384 4518 666·

139 4555 268 4612 finiorum
287 4554 410 4612 decrevit
427 4553 660 4614 constituendum.
679 4553 714 4608 lu
732 4553 812 4610 cuius
830 4553 913 4609 custri
924 4551 1157 4609 constructionem
1171 4549 1246 4605 cives
1258 4547 1384 4605 eiusdem

139 4641 223 4700 66666
238 4642 268 4699 16
284 4641 429 4700 arundo
446 4641 501 4698 sibi
517 4641 616 4700 domos
633 4639 737 4708 ibidem
754 4644 782 4696 et
800 4640 869 4696 61166
887 4638 971 4696 sedes
987 4639 1055 4696 illuc
1066 4635 1259 4694 mmsiemudo
1272 4642 1382 4692 sumtus

1261 4727 1282 4768 6
