3464 5382
370 365 430 427 toa
872 385 893 426 1.
917 370 1121 441 mommo,

366 549 450 605 Petro
467 546 503 604 de
515 547 642 619 Welyca3
660 551 689 604 et
705 547 781 603 venit
798 546 834 602 ed
851 547 943 602 locum
962 547 1011 602 ubi
1023 547 1149 603 Pucruch
1167 545 1242 602 cadit
1257 547 1287 601 iu
1304 545 1414 612 Pukur;
1433 551 1462 602 et
1479 546 1604 604 ascendit

367 651 417 707 per
438 633 552 690 fluvium
575 633 686 690 Wellka
712 633 817 706 pctoku
840 633 889 689 ubi
916 639 993 690 tenet
1018 639 1119 690 metum
1146 650 1210 689 cum
1233 632 1352 700 Nadihs,
1379 633 1444 690 inde
1470 635 1527 690 exit
1553 651 1603 705 per

366 721 534 793 Lyscowech
553 720 675 794 pothok3
694 727 722 778 et
739 720 863 777 ascendit
879 720 916 776 ad
933 729 1034 778 metam
1052 739 1116 778 cnm
1133 720 1272 776 cruciferis
1290 726 1319 776 et
1335 719 1399 776 inde
1423 739 1471 792 per
1489 727 1604 776 suatum

367 807 513 866 Oolomani
530 809 605 879 regis
630 809 755 882 pervenit
777 809 813 864 ad
829 815 932 864 metsm
949 808 1068 872 Nedibus,
1087 815 1114 864 et
1131 808 1170 864 ibi
1188 813 1332 880 separatur
1348 808 1384 864 de
1402 815 1489 866 strato
1507 825 1603 880 suprs-

365 895 448 952 dicto.
466 897 630 952 Prsesentes
652 903 745 964 ersut;
763 897 845 969 Opoy
863 896 961 965 banus,
980 897 1113 952 Nicoluus
1136 896 1267 966 magister
1290 896 1499 962 taveruicorum‚
1521 895 1604 950 Ladi-

366 981 441 1039 slaus
459 999 553 1039 comes
571 981 606 1039 ds
627 981 754 1055 Sumugh
778 987 807 1040 et
829 983 883 1038 elii
910 983 1016 1040 Datum
1039 999 1088 1056 per
1112 999 1211 1038 munus
1235 983 1358 1054 magistri
1377 983 1436 1038 File
1453 983 1605 1054 praepositi

365 1067 560 1140 ssgrsbieusis.

422 1157 543 1213 Wsnscl:
563 1157 629 1214 (lod.
646 1158 725 1228 Dipl.
743 1159 852 1228 Arpsd.
876 1157 948 1228 Vll,
966 1161 1008 1213 38.

418 1294 523 1352 OOOL.
541 1297 675 1368 Bsgusli,
693 1299 771 1351 123⁷.
795 1295 938 1353 Johuuuss
957 1296 1091 1368 Bogdsui,
1109 1295 1224 1352 Velcius
1242 1291 1394 1362 Vladimiri,
1420 1295 1602 1352 Martinusius

364 1383 473 1439 comitis
491 1381 624 1450 umuli,
643 1383 771 1440 consules
782 1381 897 1454 Ragusii
915 1401 979 1440 cum
997 1384 1125 1439 universo
1143 1383 1249 1455 populo
1266 1381 1409 1436 stabiliunt
1427 1381 1558 1450 bendum,
1571 1391 1603 1439 ut

364 1471 457 1526 nullus
474 1470 640 1542 Bagusseus
657 1487 721 1526 cum
738 1471 925 1527 mercatandia
942 1471 1001 1541 (sic)
1020 1469 1103 1525 vadet
1115 1471 1143 1525 in
1155 1469 1284 1538 Romam,
1303 1468 1391 1525 donec
1409 1469 1484 1524 missi
1504 1487 1601 1526 sorum

364 1557 464 1614 Petrus
481 1555 516 1614 de
534 1557 634 1614 Succos
652 1565 680 1614 st
697 1559 796 1616 Petrus
814 1559 909 1614 Sabini
930 1558 1030 1625 Tileril,
1054 1574 1125 1628 quos
1149 1558 1214 1612 illuc
1231 1557 1351 1624 mittunt,
1376 1557 1487 1611 veniant
1506 1558 1602 1629 Regu·

365 1645 445 1700 sinna
465 1645 632 1716 Quicunque
649 1644 743 1701 iecerit
760 1651 863 1712 contro,
889 1645 978 1700 solvet
1000 1643 1124 1700 bsndum
1142 1644 1177 1700 ds
1194 1646 1229 1700 50
1246 1644 1376 1716 perperis
1395 1644 1506 1700 Testes:
1530 1644 1602 1701 Gru-

364 1732 447 1788 bsssa
464 1731 621 1802 Gundulae,
639 1733 745 1787 iuratus
763 1732 847 1788 iudex
865 1739 893 1788 et
911 1731 1054 1804 presbyter
1071 1731 1193 1788 Pauculis
1211 1733 1343 1788 notarius.

416 1821 465 1877 us
482 1820 602 1876 Archiou
619 1822 687 1890 reip.
707 1822 882 1890 chsssoucc.
902 1823 983 1877 Fuso.
1002 1819 1049 1890 IL,
1069 1821 1106 1876 N.
1127 1825 1171 1874 63.

416 1959 537 2016 eccm.
555 1959 590 2014 Δ.
609 1963 687 2016 1237.
707 1957 877 2016 colomanus
895 1975 944 2015 rex
962 1965 989 2014 st
1006 1957 1064 2014 dux
1082 1959 1167 2014 totus
1185 1958 1332 2015 slavonice
1344 1959 1430 2019 donst
1441 1964 1552 2020 cuidam
1564 1965 1600 2020 N.

364 2045 505 2118 quandam
522 2046 727 2117 possessionem
744 2046 780 2102 de
797 2045 912 2102 consilio
933 2045 1025 2100 fratris
1043 2047 1086 2101 sui
1104 2047 1188 2102 Belae
1205 2048 1278 2117 regis
1296 2053 1324 2103 et
1337 2049 1519 2122 jobagionum
1538 2069 1601 2110 auo

363 2151 435 2202 rum,
453 2134 502 2206 qui
519 2140 587 2190 tunc
604 2139 763 2206 prseseutes
781 2139 867 2201 erent,
883 2133 1010 2189 videlicet
1027 2133 1109 2206 Opoy
1126 2133 1199 2197 bsni.
1217 2133 1326 2190 Nicolai
1343 2137 1468 2208 magistri
1485 2142 1602 2196 taverni-

364 2236 462 2277 corum
486 2237 609 2292 suorum,
632 2219 755 2276 Lsdislai
778 2221 886 2277 comitis
909 2219 946 2276 ds
963 2219 1072 2292 Sumug
1095 2225 1124 2276 et
1147 2221 1271 2278 oliorum.
1299 2221 1404 2280 Dstum
1430 2243 1478 2297 per
1502 2243 1601 2284 manus

363 2307 488 2394 megisti
507 2305 567 2366 Filo
584 2309 735 2385 praepositi
752 2307 947 2380 ssgrabiensis.

415 2385 511 2464 Fejlr:
531 2395 596 2452 (lod.
618 2395 696 2466 Dipl.
714 2395 810 2466 Hune.
830 2397 859 2452 Τ.
879 2395 941 2466 XL,
960 2397 1020 2449 398.

416 2533 553 2594 ocum.
572 2537 649 2591 sset.
668 2533 828 2606 Stephm
846 2535 994 2606 episcopus
1012 2534 1197 2604 sagrubieusis
1223 2535 1402 2606 petitionibus
1420 2537 1537 2594 fratrum
1555 2555 1600 2595 ca-

364 2623 647 2696 pitulimgrsltbus'm
655 2621 767 2693 saepius
780 2621 972 2689 commonitus,
985 2621 1140 2692 intelligens
1152 2621 1289 2692 quaedum
1301 2623 1361 2678 iura
1373 2631 1401 2679 et
1413 2627 1602 2695 possessiones

363 2711 488 2783 ipsogtsm
506 2710 547 2766 ab.
560 2707 728 2766 officialibus
744 2708 806 2780 ejus
823 2707 925 2762 iniuste
942 2707 1056 2764 detenta
1073 2723 1143 2776 esse,
1161 2709 1280 2764 restituit
1297 2711 1337 2764 eis
1349 2716 1449 2766 terrum
1462 2729 1511 2768 seu
1525 2729 1602 2785 prae·

363 2797 594 2870 &tn'l'opfleha
613 2795 693 2867 quud
707 2795 748 2852 eis
766 2795 897 2852 collatum
914 2795 1006 2850 fuerat
1022 2795 1059 2850 sb
1076 2795 1196 2866 antiquo,
1215 2796 1250 2851 ad
1264 2813 1327 2852 sum
1340 2815 1405 2854 vero
1417 2815 1468 2870 pro
1480 2799 1602 2870 quodem

366 2901 452 2958 parvo
470 2883 623 2941 concanbio
640 2883 810 2951 devolutum,
834 2883 863 2937 in
885 2899 942 2953 quo
966 2881 1038 2938 ultra
1061 2882 1205 2938 dimidium
1223 2883 1288 2938 iusti
1307 2887 1404 2955 praetii
1422 2901 1453 2941 se
1470 2885 1602 2957 deceptos

362 2979 547 3028 asseruerunt
573 2971 629 3027 Pro
646 2971 724 3042 Ugrs
747 2976 840 3024 autem
859 2976 887 3024 ct
905 2969 1008 3036 Zelina‚
1032 2967 1098 3040 quia
1121 2975 1150 3024 st
1172 2969 1226 3024 isto
1244 2969 1356 3042 prssdis
1374 2971 1414 3026 cis
1432 2973 1602 3028 restituenda

362 3065 447 3122 munt
476 3059 547 3123 sicut
574 3073 608 3114 ex
635 3057 783 3130 privilegiis
801 3073 899 3126 regum
923 3062 951 3112 et
967 3055 1223 3112 confirmationibus
1245 3074 1423 3114 romanorum
1440 3060 1602 3130 pontificum

361 3141 468 3203 Urbani
486 3149 514 3202 et
532 3133 658 3216 Gregorii
676 3143 906 3210 demonstrarunt,
932 3143 957 3198 ei
975 3148 1068 3198 sutem
1094 3142 1175 3198 vulde
1199 3145 1355 3200 necessaria
1379 3152 1464 3213 eram,
1488 3146 1516 3200 in
1535 3163 1599 3202 con-

361 3231 500 3289 cambium
517 3229 594 3287 dedit
611 3229 754 3303 praedium
772 3229 911 3300 Podgoris
928 3247 991 3286 cum
1010 3229 1139 3286 omnibus
1152 3231 1210 3286 suis
1222 3229 1342 3298 decimis,
1362 3237 1389 3287 et
1406 3231 1477 3288 duas
1496 3233 1601 3290 insulas

360 3320 439 3375 iuxta
455 3317 567 3386 Savum,
586 3335 656 3389 quss
674 3317 750 3384 ans
768 3323 796 3378 et
813 3317 946 3373 Albertus
965 3335 999 3372 ex
1020 3323 1097 3390 parte
1116 3335 1167 3373 sua
1185 3318 1370 3390 possidebant.
1388 3319 1426 3375 Et
1443 3321 1509 3392 quia
1526 3327 1601 3376 sute-

360 3423 454 3475 csssor
471 3406 532 3478 ejus
550 3405 709 3478 Stephanus
732 3406 772 3462 eis
788 3405 940 3462 donaverat
956 3403 1091 3460 ducentos
1108 3422 1207 3478 porcos
1225 3412 1253 3462 et
1270 3405 1385 3462 totidem
1409 3407 1525 3464 cubulos
1544 3407 1600 3462 vini

361 3493 397 3550 sd
415 3481 590 3553 communem
610 3510 736 3550 mensem
763 3493 879 3566 singulis
897 3493 984 3560 suuis,
1012 3493 1071 3548 vult
1097 3493 1173 3548 illam
1200 3492 1377 3550 donationem
1405 3495 1545 3550 observari
1572 3501 1601 3550 et

362 3582 476 3654 insuper
493 3581 660 3654 quingentos
677 3581 795 3638 cubulos
813 3582 869 3637 vini
887 3581 1029 3636 annuatim
1047 3581 1087 3636 eis
1105 3579 1172 3636 deri.
1197 3581 1290 3637 'litulo
1307 3579 1483 3638 detentorum
1500 3581 1601 3638 iniuste

361 3653 502 3724 fructuum
526 3668 683 3741 praedictus
706 3675 795 3724 terrae
820 3667 933 3724 donavit
959 3668 1012 3723 illis
1029 3674 1130 3723 terram
1149 3667 1301 3738 Zagrabise
1319 3667 1355 3723 sd
1373 3675 1492 3740 quatuor
1510 3675 1601 3724 aratrs

361 3761 393 3821 et,
407 3744 708 3828 quatuor'msnsiones
733 3771 883 3811 servorum.
907 3755 1027 3828 Insuper
1050 3755 1154 3811 curiam
1177 3756 1295 3810 vicinum
1320 3757 1452 3811 ecclesiae
1470 3773 1504 3810 ex
1522 3763 1600 3828 parte

361 3843 564 3916 septemtrionis
582 3859 645 3911 cum
673 3844 779 3916 piscius
802 3843 880 3898 iuxta
905 3841 1022 3898 eandem
1046 3841 1122 3898 dedit
1143 3841 1205 3910 illis,
1233 3847 1265 3897 ut
1289 3843 1398 3914 possint
1421 3841 1546 3898 aedilicia
1564 3841 1601 3896 sd

360 3915 520 3991 communes
539 3947 608 3987 usus
626 3931 742 3988 lrstrum
766 3931 904 3990 aedificari
928 3935 956 3986 et
980 3930 1080 4002 parari.
1105 3929 1230 3984 Contulit
1254 3931 1335 3986 etiam
1361 3929 1483 3986 decimus
1506 3947 1600 4002 sagra·

359 4018 469 4075 menses
487 4017 611 4092 pleusris¹
633 4035 698 4076 cum
721 4019 849 4076 omuibus
872 4017 994 4086 minutis,
1019 4017 1097 4088 agnis
1122 4015 1255 4084 videlicet,
1279 4017 1351 4072 mele
1376 4023 1404 4072 et
1427 4033 1497 4084 cers,
1528 4017 1600 4086 linis,

362 4105 490 4180 nucibus,
509 4105 581 4162 fabis
599 4112 628 4162 et
645 4121 827 4177 quaecunque
845 4105 935 4161 solent
950 4103 1093 4170 decimsri;
1117 4103 1230 4159 retentis
1258 4103 1309 4160 sibi
1327 4103 1416 4160 tribus
1433 4105 1554 4160 millibus
1573 4111 1602 4161 et

360 4193 518 4268 quingentis
536 4191 646 4250 subulis
663 4193 719 4248 vini
737 4199 765 4249 et
783 4193 940 4264 quingentis
959 4191 1159 4264 quinquaginta
1177 4193 1304 4262 capsulis,
1323 4199 1351 4248 et
1363 4193 1480 4249 recentis
1492 4192 1600 4262 galinis.

360 4275 479 4354 Excepit
496 4287 589 4348 aqtcm
607 4297 624 4338 a
641 4279 825 4336 decimatione
842 4279 948 4352 Ugram
961 4285 988 4336 et
1000 4279 1146 4336 Cassinsm
1164 4295 1308 4334 reservans
1326 4296 1373 4334 ess
1393 4279 1428 4336 ud
1447 4295 1529 4333 sunm
1547 4280 1602 4335 cel·

359 4355 469 4442 larium.¹
494 4365 648 4438 Confirmat
665 4367 718 4422 illis
743 4383 855 4439 quoque
878 4367 1015 4438 quaedam
1040 4365 1183 4437 privilegia
1206 4365 1300 4436 quoad
1324 4365 1483 4421 fucultatem
1507 4365 1601 4438 dispo·

360 4454 443 4528 uendi
461 4471 525 4511 cum
542 4455 625 4512 rebus
643 4453 709 4522 suis,
729 4459 756 4510 et
774 4455 867 4526 quoad
885 4454 1049 4511 descensum
1067 4451 1184 4508 liberum
1202 4454 1370 4526 populorum
1389 4453 1512 4525 capituli.

416 4541 543 4616 llscldidq:
560 4543 639 4602 Moe.
658 4544 740 4614 episc.
758 4560 834 4614 supr.
853 4545 884 4612 l.‚
900 4560 929 4612 p.
951 4547 994 4596 76.
