3464 5382
363 425 408 486 94
865 441 884 480 r.
910 425 1108 500 normanno,

413 606 613 661 CCCXXVII.
641 605 725 660 Circa
744 608 821 658 1235.
847 603 914 656 Bela
932 620 979 657 rex
1006 601 1205 672 primogenitus
1229 603 1302 671 regis
1321 603 1448 657 Andreae
1471 604 1602 670 notificat,

366 695 439 766 quod
460 711 521 748 cum
540 694 575 748 de
593 693 734 747 voluntate
758 691 843 761 patris
863 691 905 743 sui
925 696 952 743 et
970 689 1084 744 consilio
1110 690 1266 759 principum
1291 689 1453 743 donationes
1472 690 1603 744 inutiliter

365 783 452 836 factas
471 785 617 843 revocaret,
637 777 767 833 obtulerit
785 779 808 832 ai
829 777 934 831 Chama
946 777 1019 830 filius
1037 775 1098 830 Lob
1120 775 1221 831 nobilis
1245 776 1417 846 privilegium
1430 778 1513 832 Belae
1531 779 1603 848 regia

344 863 526 922 'concessum
546 883 629 936 super
658 865 807 920 donatione
837 880 935 918 novem
966 863 1182 934 possessionima
1213 861 1289 931 ‹puod
1320 863 1498 932 postmodnm
1527 863 1603 934 apud

362 970 456 1024 regem
475 961 517 1007 eat
544 953 690 1016 amissum
714 949 890 1006 considerans
916 967 981 1018 ergo
1006 949 1265 1004 excellentissimum
1289 949 1430 1003 servitium
1453 949 1519 1003 dieti
1542 950 1603 1004 Lob

362 1042 448 1112 patris
466 1041 555 1111 ipsius
574 1045 601 1093 et
618 1039 743 1093 Thomae
766 1038 857 1091 fratris
882 1035 1014 1096 eiusdem,
1039 1036 1113 1106 quod
1132 1036 1319 1090 exhibuerunt
1337 1036 1365 1088 in
1383 1033 1508 1100 Graecia,
1526 1035 1604 1090 dimi·

362 1127 452 1182 cando
472 1144 501 1182 ae
519 1127 600 1180 morti
619 1125 727 1180 tradere
752 1142 807 1179 nou
825 1123 1012 1188 formidantes,
1031 1139 1149 1192 quorum
1168 1123 1332 1192 probitatem
1351 1129 1378 1176 et
1394 1123 1513 1191 insignia
1532 1121 1603 1176 facta

365 1214 480 1268 fideliter
505 1213 627 1267 exhibita
651 1211 826 1282 Ompudinns
851 1217 916 1264 tunc
941 1211 1030 1264 banus
1049 1215 1076 1264 et
1099 1209 1282 1263 Leustachins
1306 1208 1438 1279 uayvoda
1461 1209 1496 1262 ad
1522 1225 1603 1262 aures

364 1301 448 1356 Belae
465 1301 547 1370 begis
575 1300 734 1364 retulerunt,
762 1313 824 1352 cum
852 1297 953 1365 quibus
980 1297 1045 1351 dicti
1072 1296 1200 1350 homines
1218 1297 1246 1348 in
1266 1294 1382 1349 Graecia
1409 1295 1601 1360 militaverunt,

364 1393 477 1458 propter
503 1385 577 1456 quod
606 1385 719 1440 donavit
746 1385 786 1438 eis
805 1383 872 1437 Bela
890 1401 938 1438 rex
957 1399 1025 1437 avus
1052 1383 1125 1451 regis
1154 1386 1329 1452 praenotatas
1353 1382 1548 1451 possessiones
1574 1383 1602 1434 in

363 1475 495 1528 comitatu
513 1472 549 1526 de
567 1471 695 1538 Doboka,
714 1488 798 1540 qnam
816 1470 994 1524 donationem
1011 1487 1060 1523 rex
1079 1469 1223 1523 coufirmat
1242 1485 1290 1537 per
1309 1484 1407 1520 manus
1426 1467 1547 1522 Mathiae
1559 1485 1602 1521 aa·

365 1559 519 1630 grabiensis
538 1559 688 1629 praepositi
706 1558 787 1612 aulae
805 1558 896 1626 regiae
914 1555 1075 1610 cancellarii.

417 1663 512 1731 cher:
535 1663 599 1717 Cod.
619 1662 698 1730 Dipl.
719 1663 811 1730 neap.
833 1662 861 1715 T.
888 1661 949 1714 VII.
967 1661 1019 1714 vol.
1041 1663 1074 1728 4.,
1092 1676 1119 1727 p.
1138 1662 1181 1712 32.

417 1816 632 1872 CCCXXVIII.
661 1818 800 1883 venetiis,
825 1817 870 1870 aa
889 1821 913 1868 6.
933 1816 1071 1870 Ianuarii
1089 1822 1114 1869 et
1133 1831 1220 1868 measa
1238 1815 1326 1869 Jaaa‘o
1347 1817 1424 1868 1236.
1451 1814 1603 1884 Bogdanus

366 1905 499 1974 Cojalavi,
518 1903 650 1958 Nicolaus
669 1903 792 1970 Maurus,
811 1901 961 1958 Gervasius
980 1903 1088 1968 Marini,
1107 1903 1206 1956 Petrus
1222 1902 1394 1966 Ballialavae‚
1414 1900 1521 1970 judices
1540 1902 1603 1956 civi·

364 1991 426 2045 talis
445 1991 584 2059 Ragusae,
603 1996 630 2042 et
642 1989 784 2044 Grubcssa
797 1989 953 2055 Gundulae,
973 1989 1154 2042 Martinusius
1173 1987 1305 2054 Gervasii‚
1325 1987 1466 2057 quondam
1488 1989 1602 2055 comitis,

367 2078 496 2132 Clemens
521 2076 614 2142 Sarsii,
642 2077 746 2130 Paulus
770 2077 899 2130 Damiani
923 2076 1056 2142 Bucinoli,
1085 2075 1178 2129 Micha
1203 2077 1302 2129 Petrus
1326 2075 1450 2139 Malussi,
1477 2074 1604 2130 Andreae

365 2166 510 2218 Domanae
528 2164 669 2233 Rapanas,
687 2163 842 2228 consiliarii,
865 2170 892 2216 et
909 2169 1025 2217 cunctus
1036 2163 1157 2232 populus
1177 2177 1332 2230 ragusanus
1351 2162 1526 2216 committunt
1543 2162 1603 2215 Ma-

364 2251 430 2306 theo
448 2250 582 2304 Bobatiae
601 2256 628 2303 et
638 2249 726 2303 Cerne
736 2249 857 2302 Vitatiae
875 2248 1013 2302 nobilibus
1026 2249 1091 2302 viris
1104 2249 1215 2318 plenam
1231 2253 1396 2318 potestatem
1407 2246 1550 2301 ordinandi
1569 2247 1604 2300 de

363 2353 436 2392 novo
461 2343 573 2407 pactum
597 2353 660 2390 cum
684 2335 755 2390 duce
773 2336 953 2390 venetiarum
976 2334 1084 2390 Jacobo
1108 2334 1235 2404 Teupolo
1254 2340 1361 2388 etcum
1380 2339 1438 2388 toto
1457 2335 1603 2388 communi.

365 2423 449 2490 (Vide
467 2429 579 2493 pactum
598 2439 621 2475 a
640 2423 716 2486 1232,
736 2423 769 2475 13
786 2421 912 2475 Januarii
931 2427 958 2474 et
976 2437 1070 2475 mense
1089 2421 1184 2489 Maio)

415 2509 531 2576 Matio:
550 2509 627 2563 Mon.
647 2507 721 2563 Sion.
740 2508 834 2562 merid.
854 2511 877 2560 Ι.
897 2512 938 2560 53.

417 2664 581 2719 CCCXXIX.
601 2665 734 2728 viterbii,
753 2669 796 2718 16.
815 2663 1047 2718 Jaaaarttraea
1073 2662 1224 2732 Gregorius
1243 2662 1286 2716 IX
1306 2679 1379 2732 papa
1403 2660 1496 2716 scribit
1520 2661 1603 2716 Belae

365 2751 415 2806 1v.
435 2753 500 2821 regi,
520 2751 595 2822 quod
608 2769 672 2806 cum
685 2751 841 2805 turbatione
854 2751 953 2804 mentis
966 2757 993 2803 et
1006 2756 1119 2820 stupore
1133 2749 1274 2814 audiverit,
1293 2746 1434 2817 quomodo
1446 2748 1492 2801 ille
1504 2763 1603 2800 manus

364 2856 430 2893 suas
449 2838 483 2892 ad
512 2839 689 2892 eeclesiarum
708 2843 735 2892 et
752 2838 942 2906 religiosorum
970 2837 1093 2891 locorum
1121 2851 1270 2904 gravamen
1298 2833 1464 2900 extenderit;
1492 2850 1605 2902 gravem

363 2925 499 2996 siquidem
519 2925 649 2994 Egrensis
668 2931 696 2978 et
714 2925 830 2978 aliorum
849 2923 981 2977 abbatum
994 2923 1175 2976 cisterciensis
1195 2921 1305 2986 ordinis,
1330 2920 1474 2990 hospitalis
1493 2935 1604 2988 quoque

363 3012 597 3076 Jerosolomitani,
617 3011 729 3064 militiae
747 3011 850 3081 templi,
870 3010 898 3066 S.
918 3010 1023 3076 Lazari,
1043 3009 1071 3064 S.
1091 3009 1224 3064 Santonis
1237 3007 1398 3076 inUngaria
1410 3007 1604 3074 magistrorum

364 3107 391 3155 et
409 3100 525 3153 fratrum
550 3098 654 3168 recepit
678 3099 858 3166 questionem,
884 3095 958 3166 quod
984 3115 1046 3151 cum
1066 3096 1219 3150 Aimericus
1243 3101 1270 3148 et
1288 3092 1414 3147 Andreas
1439 3099 1517 3162 pater
1535 3092 1603 3161 ejus,

364 3187 505 3256 UngarIae
523 3201 555 3238 ac
574 3184 721 3239 Slavoniae
739 3201 826 3254 reges,
854 3186 945 3238 etalii
965 3184 1066 3238 Christi
1091 3182 1186 3236 fideles
1210 3199 1258 3252 per
1284 3195 1399 3250 regnum
1418 3179 1557 3248 ngariae
1576 3187 1603 3231 et

364 3273 512 3328 Slavoniae
540 3271 690 3336 constituti,
719 3269 855 3339 quosdam
882 3271 1014 3335 redditus,
1042 3278 1136 3334 terras,
1164 3267 1355 3338 possessiones
1382 3273 1409 3320 et
1436 3281 1480 3318 res
1507 3281 1603 3319 eorum

366 3359 487 3412 ecclesiis
507 3363 535 3411 et
552 3356 681 3412 domibus
709 3357 899 3421 eontulissent,
926 3357 979 3423 ille,
1009 3355 1110 3410 oblitus
1138 3371 1234 3410 eorum
1261 3353 1410 3408 memoriae
1431 3349 1601 3414 recolendae,

363 3447 487 3515 ipsorum
505 3443 620 3512 vestigia
639 3443 803 3512 relinquens
824 3459 871 3497 eos
885 3443 1013 3512 predictis
1027 3443 1163 3508 omuibus,
1184 3459 1234 3512 pro
1247 3457 1315 3494 suae
1327 3439 1477 3494 voluntatis
1490 3437 1601 3490 arbitrio

364 3530 528 3600 spoliaverit.
559 3529 696 3582 Hortatur
723 3531 806 3598 igitur
833 3547 904 3597 eum,
933 3536 963 3584 ut
991 3530 1083 3584 ablata
1110 3531 1236 3584 restituat
1264 3535 1291 3583 et
1318 3527 1353 3581 de
1382 3525 1465 3580 illatis
1493 3523 1601 3577 damnis

362 3617 520 3670 satisfaciat.

416 3721 548 3776 tuane:
567 3722 641 3774 Mon.
660 3722 751 3789 Hnaq.
771 3724 792 3773 I.
812 3724 874 3775 142.
900 3722 1020 3775 Weaael:
1041 3721 1105 3775 Ood.
1126 3721 1226 3788 arpad.
1245 3721 1293 3788 11,
1309 3737 1338 3788 p.
1359 3723 1403 3771 37.

415 3879 572 3930 CCCXXX.
591 3877 727 3945 viterbii,
745 3879 785 3930 16.
808 3877 947 3932 Jaaaara·
971 3881 1051 3930 1236.
1070 3876 1220 3945 Gregorius
1233 3875 1276 3928 IX
1291 3891 1363 3944 papa
1382 3873 1506 3938 audieus,
1525 3872 1600 3941 quod

361 3981 410 4017 rex
429 3962 593 4030 Huugariae
611 3963 678 4016 Bela
697 3968 792 4017 contra
810 3966 1017 4033 progenitorum
1043 3981 1156 4018 suorum
1175 3960 1398 4018 consvetudiucm
1417 3975 1517 4014 manus
1536 3976 1601 4012 snas

362 4049 396 4103 ad
416 4047 594 4103 ecclesiarum
613 4055 640 4103 et
658 4050 847 4118 religiosorum
866 4050 989 4104 locorum
1008 4067 1154 4118 gravamen
1175 4047 1314 4113 extendat,
1342 4046 1490 4117 praecipue
1508 4045 1601 4099 cister-

362 4137 479 4190 nicensis
499 4134 610 4201 ordinis,
629 4136 773 4206 hospitalis
792 4153 904 4205 quoque
921 4137 1148 4190 Jerusolomitani
1167 4141 1194 4189 et
1206 4135 1319 4188 militiae
1331 4133 1426 4202 templi
1446 4131 1600 4201 spoliando,

361 4221 498 4291 quosdam
525 4222 638 4288 reditus,
665 4229 750 4276 terras
779 4230 806 4276 et
825 4225 1016 4292 possessiones
1036 4241 1138 4290 eorum,
1167 4239 1237 4292 quas
1266 4220 1408 4274 Emericua
1427 4225 1454 4272 et
1473 4217 1600 4272 Andreae

362 4315 439 4379 pater
467 4309 527 4379 ejus
546 4309 685 4378 Ungariae
704 4315 731 4363 et
749 4309 896 4364 Slavoniae
915 4311 1006 4379 Reges
1034 4317 1061 4364 et
1088 4310 1133 4363 alii
1155 4309 1256 4362 Christi
1285 4306 1379 4360 fideles
1407 4322 1456 4375 per
1483 4320 1601 4373 reguum

361 4395 501 4464 Ungariae
520 4402 547 4450 et
565 4395 712 4450 Slavoniae
730 4396 871 4450 constituti
897 4397 1018 4451 ecclesiis
1041 4397 1230 4462 eontulissent,
1255 4393 1369 4448 mandat
1386 4392 1524 4462 episcopis
1543 4391 1601 4444 Va·

360 4483 452 4548 cienai,
472 4483 602 4536 Nitriensi
622 4488 649 4536 et
668 4482 810 4548 Bosncusi,
830 4488 861 4535 nt
879 4483 913 4536 ad
932 4499 1025 4550 regem
1044 4483 1223 4560 personaliter
1240 4479 1380 4546 accedant,
1399 4479 1477 4532 illum
1496 4482 1600 4532 attente

360 4575 490 4623 moneant
508 4575 536 4622 et
554 4567 681 4623 inducere
700 4575 856 4638 procurent,
876 4575 907 4623 ut
924 4585 941 4622 a
959 4567 1105 4637 praedictis
1125 4567 1337 4638 spoliationibus
1357 4565 1500 4619 abstineat.

417 4675 548 4730 uniam
567 4675 644 4728 Moa.
655 4679 705 4728 vat.
715 4674 750 4729 R.
761 4675 854 4744 Haap.
865 4674 897 4743 1.,
915 4690 943 4743 p.
953 4677 1015 4728 143.
1035 4673 1130 4742 Fajer:
1151 4674 1215 4729 Occi.
1226 4673 1301 4741 Dipt.
1316 4671 1342 4724 T.
1354 4669 1404 4724 IV.
1414 4669 1466 4724 vol.
1477 4673 1508 4739 1.,
1518 4683 1547 4737 p.
1558 4673 1600 4723 33.
