3544 5344
690 477 838 520 mamas.
1342 455 1385 522 59

196 641 327 698 CXCVI.
355 643 386 695 A.
414 645 493 697 1226.
521 641 680 713 Stephanus
707 642 855 713 episcopus
881 641 1068 712 zagrabiensis
1094 642 1221 698 concedIt
1247 643 1386 700 cruciferis

143 747 165 785 s.
185 730 324 801 sepulchri
342 729 463 785 decimas
477 729 520 785 ”de
543 729 608 783 villa
629 729 780 784 eorundem
806 728 911 784 Caluch
933 729 1055 798 (Thalec)
1073 730 1154 797 dicta,
1176 746 1239 785 cum
1258 730 1385 786 omnibus

145 819 204 873 suis
223 817 402 889 pertinentiis.

195 905 245 960 ,aa
262 905 332 960 actis
350 905 410 960 Soc.
428 903 496 961 lesa
511 920 587 974 repr.
605 903 637 958 ia
655 904 768 959 archivo
786 919 861 974 eegr.
875 903 949 972 face.
974 904 1050 972 VIII,
1068 904 1107 960 N.
1125 907 1150 960 2.

191 1031 344 1090 CXCVII.
364 1036 398 1090 A.
416 1038 597 1090 1224-1226.
616 1033 743 1089 Andreas
761 1035 791 1088 11
809 1051 858 1089 rex
873 1033 1071 1104 jobagionibns
1089 1035 1146 1090 suis
1162 1035 1311 1104 Wegeslov
1323 1036 1385 1090 filiis

146 1121 296 1188 Welcbeta,
316 1121 379 1176 filiis
396 1121 502 1188 Beriov,
522 1127 550 1176 et
573 1121 692 1176 Dachuu
719 1121 776 1176 lilio
800 1121 905 1188 Vislov,
929 1127 956 1176 et
977 1122 1041 1176 filiis
1064 1121 1212 1177 Mortunus
1230 1123 1258 1176 in
1276 1123 1386 1177 Banatu

145 1209 334 1274 existentibus,
353 1225 387 1263 eo
405 1208 480 1278 quod
499 1225 616 1264 coronae
635 1209 727 1278 regiae
744 1208 772 1262 iu
789 1207 869 1262 solita
888 1207 1019 1264 fidelitate
1038 1225 1086 1264 eos
1104 1225 1295 1280 perseverasse
1313 1197 1386 1266 com'-

146 1297 252 1368 pererit,
271 1295 334 1350 illos
352 1294 535 1365 quadraginta
552 1295 624 1349 duos
642 1294 792 1362 basaticos,
811 1311 882 1364 quos
901 1313 952 1366 pro
970 1295 1089 1351 denariis
1107 1296 1332 1351 marturinalibus
1350 1296 1386 1351 de

146 1383 256 1453 populis
275 1383 333 1436 auis
352 1381 387 1437 de
405 1381 521 1451 singulis
539 1380 730 1435 mansionibus
754 1381 822 1435 fisco
840 1380 986 1448 debebant,
1013 1381 1177 1438 liberalitate
1194 1383 1270 1454 regia
1288 1384 1388 1438 allevat

145 1475 173 1522 et
189 1468 321 1540 disponit,
339 1469 416 1522 utin
435 1473 578 1538 posterum
595 1466 742 1522 duodecim
760 1467 952 1523 tantummodo
964 1468 1100 1524 srisaticos
1118 1469 1153 1524 de
1171 1469 1294 1539 qnalibet
1311 1487 1387 1524 man-

145 1557 221 1611 sione
252 1555 420 1626 populorum
450 1571 564 1610 suorum
588 1555 659 1609 siem
685 1561 810 1624 tempore
838 1554 911 1623 regis
936 1553 1081 1610 Colomaui
1107 1562 1269 1611 consuetum
1297 1555 1388 1611 iuerat

144 1643 207 1697 usui
224 1643 301 1712 regio
319 1641 386 1698 dare
397 1648 550 1696 teneantur.
563 1641 731 1712 Subscripti:
750 1640 872 1695 Thomas
885 1641 1082 1710 strigoniensis,
1096 1643 1218 1712 Ugriuus
1235 1643 1387 1698 calcoensis

146 1729 376 1800 archiepiscopus,
409 1729 481 1783 inter
505 1729 651 1799 episcopos
675 1727 834 1798 Stephanus
861 1729 1056 1798 zagrubieusis.
1084 1729 1216 1786 Solamen
1242 1729 1332 1785 banus
1360 1735 1388 1786 et

146 1833 238 1872 comes
256 1815 427 1872 saladiensis.
446 1815 551 1870 Datum
570 1832 620 1887 per
637 1831 737 1869 manus
761 1814 886 1883 magistri
909 1815 1052 1886 Stephani,
1071 1815 1097 1870 d.
1116 1833 1207 1888 papae
1225 1815 1388 1872 subdiaconi

148 1903 273 1959 stanles
291 1901 454 1958 cancellarii.
474 1901 675 1956 Confirmatum
693 1918 743 1971 per
760 1900 897 1956 Kmolum
913 1917 1008 1972 regem
1026 1919 1050 1956 a.
1070 1903 1145 1957 1326.

200 1990 345 2060 Mpiaale
362 1991 394 2044 ia
411 2005 471 2044 mea
489 1989 653 2044 collectione.

199 2101 360 2160 CXCVIII.
379 2105 417 2155 11.
435 2102 574 2158 ianuarii
591 2105 668 2158 1227.
693 2101 838 2158 Honorius
862 2102 908 2156 III
927 2119 1000 2174 papa
1018 2102 1159 2173 adjudicat
1177 2103 1284 2172 Ugrino
1302 2103 1389 2158 archi·

148 2190 280 2261 episcopo
298 2195 326 2244 et
343 2189 465 2260 capitulo
484 2189 621 2244 colocensi
639 2195 761 2244 castrum
772 2189 882 2258 Posega
894 2205 957 2244 cnm
970 2191 1028 2243 suis
1041 2189 1220 2258 pertinentiis,
1234 2191 1389 2260 specialiter

147 2293 197 2347 pro
214 2275 360 2332 haereticis
377 2275 413 2330 de
431 2275 532 2330 finibus
551 2275 603 2330 illis
623 2277 733 2346 penitus
752 2274 939 2346 proffigandis,
958 2276 1193 2332 consentientibus
1211 2293 1276 2346 rege
1294 2277 1388 2346 nga-

146 2363 202 2416 riae
220 2369 249 2416 et
265 2363 334 2416 Bela
352 2363 413 2434 ejus
431 2363 621 2434 primogenito.

200 2449 325 2504 I'kallil:
342 2451 463 2504 Monam.
481 2451 562 2518 episc.
580 2464 656 2518 repr.
674 2449 699 2518 I,
718 2453 763 2503 57.

199 2579 331 2635 CXCIX.
349 2579 490 2650 VenstIis,
511 2583 535 2633 9.
553 2579 704 2634 Februarii
721 2583 801 2636 1227.
821 2579 976 2636 Consilium
993 2587 1123 2636 venetum
1141 2580 1206 2636 iacit
1224 2581 1389 2637 recordatio·

146 2684 216 2734 nem,
236 2666 311 2736 quod
339 2665 466 2720 Andreas
492 2665 523 2719 II
549 2683 599 2720 rex
626 2666 766 2736 Ungariae
794 2684 843 2736 per
869 2667 974 2722 litteras
1002 2667 1202 2737 significaverit,
1221 2667 1389 2722 ablationem

145 2770 237 2808 rerum
255 2757 440 2808 mercatorum
457 2751 630 2808 Venetorum
647 2753 677 2806 in
694 2753 767 2807 illius
785 2759 858 2808 terra
869 2755 998 2822 ignorari,
1010 2754 1086 2808 dedit
1098 2759 1190 2809 tamen
1202 2755 1230 2808 in
1243 2753 1388 2821 mandatis,

147 2846 179 2895 ut
203 2857 252 2911 per
278 2839 441 2911 episcopum
467 2840 639 2908 georiensem
665 2839 740 2907 illos,
769 2857 817 2910 per
844 2857 915 2910 quos
942 2841 1044 2895 damna
1071 2847 1135 2895 sunt
1161 2841 1251 2908 illata,
1279 2841 1388 2912 plenius

147 2928 283 2982 intiment.

199 3013 316 3084 ejecit:
334 3013 412 3068 Mon.
431 3011 508 3068 Blae.
528 3011 622 3067 mata.
641 3013 664 3082 I,
680 3029 709 3080 p.
728 3016 771 3067 42.

200 3126 257 3181 CC.
286 3127 407 3195 Romae,
430 3125 579 3194 hamram,
607 3127 646 3180 15.
674 3125 813 3180 lanterii
839 3128 920 3180 1227.
950 3125 1094 3180 Honorius
1121 3125 1167 3180 III
1194 3143 1269 3196 papa
1295 3131 1390 3181 monet

147 3214 288 3268 Ioannem
307 3212 454 3279 (ulterioris
477 3211 569 3266 Sirmii
587 3211 740 3282 domiuum)
764 3217 792 3266 et
809 3218 905 3266 natum
924 3212 1091 3282 Margaritae
1112 3212 1253 3282 quondam
1271 3213 1387 3284 impera-

147 3301 222 3354 tricis
241 3298 566 3368 constantinopolitanae,
591 3297 626 3352 ad
645 3299 854 3368 implementum
872 3298 928 3353 voti
947 3298 1151 3369 expeditionem
1169 3315 1276 3354 sacram
1293 3305 1389 3354 contra

147 3387 300 3442 haereticos
325 3385 360 3440 de
383 3385 477 3440 Βοεηα
501 3385 676 3456 smcipiendi,
701 3403 765 3440 cum
792 3386 828 3440 ab
855 3386 1064 3456 archiepiscopo
1091 3386 1229 3440 colocensi
1255 3385 1389 3440 ducentas

148 3490 255 3528 marcas
272 3473 406 3544 receperit
432 3489 466 3527 eo
492 3473 555 3540 fine,
583 3478 615 3526 ut
638 3489 668 3527 se
686 3473 774 3526 crucia
798 3473 941 3543 sIgnacnlo
961 3473 1095 3542 insignet;
1113 3472 1162 3526 sed
1181 3471 1218 3526 ab
1236 3489 1269 3527 eo
1287 3471 1390 3543 pluries

147 3561 304 3630 requisitus,
322 3565 418 3614 contra
435 3559 590 3614 haereticos
616 3558 765 3629 procedere
789 3576 845 3613 non
869 3561 982 3614 curavit
1010 3558 1127 3613 Mandat
1144 3558 1256 3612 insimul
1274 3575 1390 3630 praepo·

147 3649 201 3702 sito
220 3655 248 3702 et
265 3647 397 3716 magistro
416 3646 539 3716 YpoIito,
558 3647 697 3700 canonicis
715 3645 884 3712 albensibns,
903 3645 1108 3716 vesprimiensis
1127 3644 1270 3712 dioecesis,
1283 3651 1315 3700 ut
1327 3661 1390 3700 eum

148 3734 184 3790 ad
203 3733 399 3805 complendum
417 3733 585 3803 promissum
603 3747 815 3803 percensuram
833 3733 1048 3788 ecclesiasticam
1066 3732 1241 3802 compellant.

202 3839 297 3906 Fajcr:
317 3838 382 3894 006.
401 3838 471 3906 dipl.
491 3838 585 3908 Hane.
605 3843 624 3892 t.
644 3840 699 3906 III,
716 3837 767 3892 ool.
788 3841 825 3907 II,
841 3855 871 3908 p.
890 3842 950 3892 101.
966 3838 1097 3892 Ihciner:
1116 3835 1295 3906 Moniliung.
1309 3837 1332 3905 Ι,
1348 3840 1390 3889 72.

202 3961 274 4016 CCI.
292 3961 434 4022 Venetiia
459 3975 547 4014 mense
571 3962 679 4015 Martio
704 3964 784 4014 1227.
810 3962 909 4015 Petrus
938 3961 1015 4015 Ziani
1039 3960 1096 4014 dux
1122 3959 1301 4014 venetiarum
1328 3976 1392 4014 cum

24 4045 32 4068 ’
150 4065 202 4103 suo
220 4047 343 4113 consilio,
362 4047 398 4101 ad
417 4047 577 4118 petitionem
595 4047 750 4116 legatorum
764 4047 937 4118 jadrensium
953 4047 1041 4101 Cerne
1053 4046 1088 4100 de
1107 4046 1230 4102 Carboro
1242 4051 1270 4101 et
1281 4046 1392 4100 Joanne

150 4135 242 4204 Regni
260 4151 295 4189 ex
314 4140 392 4204 parte
410 4134 518 4188 comitis
536 4141 564 4188 et
581 4134 734 4188 communis
746 4132 858 4199 Jadrae,
876 4133 1010 4199 coneedit,
1029 4133 1103 4201 quod
1122 4131 1209 4186 Jadra
1221 4133 1309 4202 possit
1327 4131 1392 4185 dare

150 4237 169 4275 a
186 4220 274 4275 tribus
292 4235 381 4289 usque
399 4237 449 4274 sex
468 4218 580 4274 obsides
603 4235 719 4274 romano
742 4219 909 4288 imperatori,
928 4220 951 4272 si
969 4221 1097 4286 evenerit,
1119 4219 1194 4288 quod
1212 4220 1273 4289 ipse
1290 4219 1393 4274 faceret

151 4322 200 4362 eos
219 4323 268 4377 per
285 4321 352 4361 suos
370 4306 482 4360 hundos
500 4305 603 4374 requiri
621 4321 672 4374 pro
691 4303 764 4360 sacto
782 4321 898 4374 guerrae
917 4304 1096 4360 Caciciorum.

203 4409 318 4478 Ljabil:
336 4410 414 4466 Mon.
432 4409 507 4465 Slac.
526 4409 622 4465 meriti.
644 4411 663 4478 l,
680 4425 709 4477 p.
730 4411 773 4462 42.

205 4546 292 4602 CCII.
311 4549 434 4618 Spalati,
454 4551 495 4600 u.
516 4548 723 4616 Aprilt's1227.
748 4546 932 4617 Temporibus
951 4545 1079 4602 Guncelli
1106 4545 1306 4615 archiepiscopi
1331 4561 1393 4614 spa·

24 4645 34 4664 ²
153 4635 274 4700 latensis,
302 4633 429 4703 Gregorii
456 4634 632 4688 illustrissimi
658 4634 779 4700 comitis,
808 4633 918 4687 Michae
945 4631 1041 4686 Zadaii
1065 4631 1165 4698 vicarii,
1193 4632 1292 4685 Petrus
1320 4630 1393 4684 filius

155 4719 297 4788 quondam
314 4721 415 4791 aupani
433 4721 523 4776 Ursici
541 4719 721 4789 recognoscit,
740 4717 814 4788 quod
840 4737 857 4772 a
875 4717 1009 4788 CragorIo
1027 4718 1127 4773 comite
1144 4723 1172 4772 et
1189 4722 1249 4772 tota
1273 4731 1394 4772 commu·
