3544 5344
711 445 858 490 1111111111.
1365 423 1408 492 39

165 613 317 680 bominum,
335 611 531 684 praecipiendo
549 611 628 668 dictis
647 611 802 682 comitibus,
815 629 850 669 ne
863 612 984 669 audeant
996 613 1143 669 molestare
1157 615 1312 686 praedictos
1324 617 1407 673 11111.

164 701 310 758 Praefatae
328 701 412 770 igitur
428 699 546 756 Pontius
563 699 599 756 de
616 715 704 766 cruce,
723 716 877 770 agnoscens
895 717 959 756 cum
977 701 1092 756 consilio
1105 701 1255 757 multorum
1272 704 1408 760 nobilium

165 791 332 846 Oroatorum
358 788 396 845 ibl
423 787 609 861 praesentium
636 787 741 843 dictum
760 789 933 859 privilegium
951 789 1066 858 regium,
1085 789 1228 845 confirmat
1246 791 1407 860 Tragurinie

165 878 370 951 possessiouem
388 879 512 933 omnium
529 885 663 932 terrarum
676 883 704 932 et
716 875 857 947 privilegia
869 877 985 932 illorum.
998 877 1175 934 Praesentes:
1193 877 1213 932 J
1215 893 1319 933 oannes
1335 879 1406 949 epis·

164 981 252 1038 copus
279 965 417 1032 nonensis,
445 981 538 1021 comes
556 964 693 1032 Bodemir,
712 979 804 1020 comes
823 963 974 1034 Gregorius
993 982 1056 1020 cum
1075 965 1133 1020 suis
1151 965 1289 1032 fratribus,
1313 983 1406 1022 comes

31 1087 48 1106 ··
163 1053 302 1124 Georgius
329 1053 452 1124 Desiroy
478 1053 513 1108 de
532 1052 610 1119 Like,
635 1053 738 1108 Bratko
765 1053 889 1108 etmulti
907 1053 961 1108 alii.
980 1053 1106 1108 Fuerunt
1128 1070 1240 1124 quoque
1258 1053 1296 1108 ibi
1323 1054 1406 1110 irater

163 1143 198 1200 G.
217 1141 386 1212 capellanus,
405 1140 488 1196 frater
504 1140 628 1196 Jacobue
646 1140 682 1198 de
701 1141 854 1208 Pecorarie,
873 1140 957 1196 frater
975 1139 1079 1196 Paulus
1098 1138 1133 1195 de
1151 1140 1227 1197 Oriol
1248 1147 1276 1196 et
1294 1140 1405 1197 Medius

158 1227 248 1301 judex
266 1228 301 1284 de
319 1228 443 1301 Spalato.

215 1317 334 1372 Lusias:
351 1315 484 1372 1111111111
501 1315 533 1370 di
553 1316 638 1372 111111.
654 1332 683 1385 p.
702 1321 748 1372 80.

198 1403 305 1460 CXIV.
323 1403 449 1476 spdau,
468 1407 512 1457 2⁴.
531 1403 602 1459 Nos.
621 1407 699 1458 1217.
723 1405 860 1476 Tempore
887 1405 988 1460 Slavici
1006 1405 1135 1474 (siurim)
1154 1404 1233 1460 electi
1257 1405 1404 1476 archiepis·

161 1491 227 1562 copi
245 1493 417 1562 spalatensis,
436 1491 567 1548 Domaldi
584 1493 692 1548 comitis
710 1497 740 1548 et
757 1491 908 1562 Mengaaza
920 1499 1021 1563 nepote
1033 1492 1227 1558 Maravenuae,
1240 1492 1319 1548 Talia
1331 1509 1402 1548 uxor

161 1578 324 1648 Dragoraui
350 1577 398 1634 dat
423 1578 566 1650 praedium
585 1578 713 1636 Deodato
731 1579 825 1634 abbati
843 1597 864 1634 s.
884 1579 1018 1650 Stephani
1037 1579 1090 1634 sub
1107 1579 1273 1645 conditione,
1295 1585 1327 1635 ut
1351 1579 1403 1636 sibi

161 1683 178 1721 1
196 1665 330 1722 coenobio
348 1666 479 1722 alimenta
496 1665 746 1738 suppeditarentur,
765 1667 851 1722 lilium
869 1672 963 1724 autem
981 1683 1064 1722 suum
1081 1666 1209 1724 monaehi
1227 1665 1403 1724 educandum

161 1757 248 1824 atque
267 1751 450 1810 erudiendum
468 1755 646 1825 susciperent

213 1839 348 1896 Forlots':
366 1841 447 1912 lllyr.
464 1857 537 1898 soor.
558 1843 587 1896 T.
606 1843 671 1912 111,
685 1860 716 1912 p.
735 1845 799 1897 211.

215 1927 305 1984 dxv.
332 1927 367 1984 A.
395 1929 470 1984 1217.
498 1928 625 1984 Andreas
651 1929 682 1984 11
708 1947 757 1986 rex
775 1929 905 1997 notificat,
924 1930 999 2000 quod
1018 1947 1082 1986 cum
1099 1936 1173 1986 esset
1190 1931 1218 1985 in
1237 1930 1403 2001 spalatensis

159 2015 279 2071 civitatis
297 2021 380 2086 portu
398 2015 434 2072 ad
452 2016 623 2088 implendum
641 2023 736 2072 votum
754 2025 914 2089 assumptae
932 2019 1029 2085 erneis,
1042 2019 1224 2089 supplicarint
1244 2036 1308 2074 eum
1320 2035 1402 2074 cano·

158 2103 214 2158 uici
234 2103 414 2174 spalatenses,
433 2110 465 2160 ut
476 2105 515 2160 eis
527 2110 635 2166 terram.
648 2121 706 2159 non
718 2105 837 2175 amplius
850 2122 934 2175 quam
946 2121 1042 2160 murus
1055 2105 1212 2160 destructae
1231 2113 1258 2160 et
1270 2107 1402 2176 autiquae

158 2189 278 2246 1111111111
297 2189 462 2246 Salonarum
480 2191 582 2258 circuit,
607 2190 703 2246 libenti
721 2192 814 2247 animo
832 2191 975 2256 conferret,
994 2208 1078 2261 quam
1095 2192 1149 2246 illia
1167 2209 1215 2247 rex
1235 2209 1285 2263 pro
1307 2193 1401 2248 remis·

158 2279 239 2334 sione
258 2285 434 2350 peccatorum
453 2295 567 2334 suorum
585 2278 704 2348 gratuite
722 2279 839 2334 contulit
856 2285 883 2332 et
901 2295 950 2349 per
969 2278 1119 2332 Martinum
1142 2279 1271 2334 comitem
1290 2279 1402 2336 tradidit

158 2365 366 2438 possidendam
391 2366 496 2421 Datum
521 2383 570 2438 per
594 2382 693 2420 manue
717 2366 841 2436 magistri
864 2365 963 2435 Ugriui
987 2365 1067 2419 aulae
1085 2366 1248 2432 cancellarii,
1267 2368 1401 2424 existente

155 2454 230 2508 inter
248 2458 371 2508 caeteros
390 2451 496 2508 Gaiano
514 2453 803 2523 quinqueecelesiensi,
822 2451 966 2523 Stephano
984 2451 1157 2522 aagrabiensi
1170 2453 1316 2524 episcopie,
1329 2454 1401 2508 Ban-

155 2557 229 2596 eone
247 2539 330 2607 bauo,
349 2539 444 2596 Ochuz
461 2540 557 2594 curiali
575 2540 676 2596 comite
694 2545 745 2596 111.

210 2627 345 2682 Furloti:
362 2617 447 2697 illyr.
465 2625 545 2682 Scor.
566 2628 595 2680 T.
614 2627 682 2696 HI,
699 2642 728 2695 p.
747 2629 810 2680 213.

211 2713 317 2770 cxvi.
348 2713 430 2770 Oireo
455 2717 638 2769 1217-1219.
665 2713 792 2768 Andreas
811 2713 841 2768 ΙΙ
862 2731 910 2769 rex
928 2715 1053 2770 notificat
1070 2715 1172 2769 11111111
1189 2715 1353 2783 traguriensi
1372 2719 1400 2769 et

156 2803 265 2874 populo
278 2801 402 2868 siccensi,
415 2800 490 2872 quod
503 2817 587 2874 super
599 2801 808 2872 quaestionibus
821 2819 843 2856 e.
855 2803 929 2857 Petri
941 2801 976 2856 de
988 2802 1126 2868 Clobicao,
1138 2802 1274 2856 territorio
1287 2801 1399 2856 Biachio

153 2895 186 2945 et
203 2907 226 2944 s.
244 2889 355 2956 Vitalis,
375 2905 426 2962 pro
444 2889 546 2960 quibus
565 2890 669 2945 electus
687 2888 911 2960 archiepiscopus
925 2889 1089 2960 spalatensis
1105 2895 1132 2943 et
1145 2889 1292 2960 episcopus
1311 2889 1400 2958 parati

152 2983 235 3032 erant
260 2976 376 3047 litigare,
403 2977 494 3031 omnis
511 2977 636 3046 quaestio
655 2976 747 3048 sopita
765 2975 808 3044 sit,
827 2983 855 3033 11
873 2982 903 3032 ut
920 2977 1086 3031 territorium
1110 2976 1181 3030 sicut
1202 2975 1335 3030 hactenus
1360 2975 1399 3031 ita

152 3080 172 3118 a
191 3063 276 3119 modo
295 3063 409 3134 pacifice
427 3063 595 3136 possideant.

208 3150 337 3205 Farloti:
354 3149 437 3221 illyr.
456 3165 527 3205 sacr.
549 3151 577 3204 T.
596 3151 657 3208 111.
673 3167 702 3220 p.
722 3154 785 3206 216.

210 3236 332 3292 CXVII.
350 3241 390 3291 13.
409 3237 546 3292 1111111111·
564 3241 642 3291 1218.
662 3238 735 3292 Cum
754 3237 870 3293 ecclesia
885 3238 1050 3310 spalatensis
1061 3237 1268 3308 archiepiscopo
1286 3241 1398 3302 careret,

151 3327 321 3396 'lheguanus
339 3325 486 3396 episcopus
505 3325 685 3394 tragurieneis
703 3341 720 3379 a
733 3325 859 3396 Grupcio
872 3323 1064 3379 archidiacono
1077 3329 1104 3378 11
1115 3325 1254 3378 canonicis
1267 3323 1397 3378 ecclesiae

150 3411 321 3484 spalatensis
340 3427 391 3466 nec
409 3427 464 3465 non
483 3427 500 3466 a
517 3410 647 3466 Deodato
666 3411 767 3467 abbate
789 3418 817 3467 et
834 3412 975 3466 monachia
994 3427 1014 3464 s.
1028 3410 1163 3481 Stephani
1175 3411 1323 3466 accersitus
1336 3410 1396 3476 suit,

149 3507 185 3556 ut
203 3499 324 3555 initiaret
341 3499 461 3569 primum
477 3497 599 3568 lapidem
618 3497 822 3569 subjiciendum
840 3497 1026 3552 fundamentis
1045 3497 1176 3551 ecclesiae
1195 3513 1216 3551 a.
1234 3496 1343 3551 Nicolai
1361 3495 1396 3550 de

149 3587 291 3655 Suranda,
309 3603 393 3657 quam
411 3601 474 3642 aere
492 3601 543 3640 suo
562 3585 763 3641 aedificandam
782 3591 916 3640 statuerat
937 3585 1033 3650 Racca,
1052 3585 1119 3639 civis
1138 3585 1245 3654 Spoleti
1263 3601 1327 3638 cum
1340 3584 1397 3638 Eli·

150 3675 274 3731 sabetha
300 3673 361 3746 ejas
388 3673 514 3745 conjuge,
542 3678 570 3728 11
596 3672 633 3727 ab
659 3673 712 3727 illis
737 3673 912 3744 percontatis,
937 3671 1003 3742 quid
1031 3679 1059 3726 et
1085 3679 1220 3741 quantum
1246 3673 1274 3725 in
1302 3670 1397 3726 dotem

149 3769 181 3818 et
200 3761 466 3818 administrationem
489 3759 615 3830 ejusdem
640 3761 771 3816 ecclesiae
789 3759 962 3815 contribuere
986 3758 1094 3824 vellent,
1120 3765 1235 3828 uterque
1252 3758 1397 3828 respondit

148 3865 251 3905 corum
269 3848 374 3904 clericis
392 3854 420 3904 et
436 3848 513 3903 laicis
532 3847 675 3918 utriusque
703 3863 793 3912 sexus,
813 3847 860 3916 qui
879 3861 946 3900 sane
964 3845 1179 3916 frequentissimi
1202 3849 1394 3911 convenerant,

149 3935 207 3991 sibi
225 3935 254 3990 in
272 3935 366 3991 animo
384 3949 446 3990 esse
463 3935 555 3990 locum
582 3935 659 3990 illum
684 3941 711 3989 et
729 3932 864 4004 quidquid
882 3933 941 4002 agri
959 3934 1030 3987 circa
1049 3937 1108 3986 erat
1125 3932 1223 3986 offerre
1242 3940 1270 3986 et
1287 3931 1395 3986 11111111

148 4039 205 4094 pro
224 4023 382 4093 expiatione
399 4021 508 4077 animae
526 4039 593 4076 suae
612 4027 639 4076 et
657 4039 771 4078 suorum
783 4027 943 4092 parentum;
962 4019 1091 4075 Deodato
1106 4019 1201 4074 abbati
1214 4025 1241 4073 et
1252 4017 1395 4072 monachis

147 4126 172 4164 a
193 4107 330 4180 Stephani
356 4113 497 4180 praeterea
514 4114 609 4174 terras,
629 4125 699 4179 quae
717 4107 899 4180 possidebant
916 4109 944 4162 in
962 4108 1108 4169 Marnano,
1127 4123 1190 4161 cum
1208 4112 1328 4176 quatuor
1346 4105 1395 4160 bo-

147 4195 235 4252 vibus
254 4194 290 4250 ad
317 4194 492 4250 excutiendas
519 4201 605 4250 terras
624 4209 720 4251 omnes
738 4195 893 4265 frugiferas,
912 4212 975 4250 cum
999 4211 1082 4263 grege
1100 4193 1283 4248 ducentorum
1301 4192 1395 4246 ovium

147 4301 185 4339 ac
204 4283 302 4339 decem
319 4283 437 4353 apiariis.
456 4281 645 4338 Decreverunt
668 4283 750 4338 etiarn
775 4283 920 4337 cisternam
944 4281 982 4335 ibi
1000 4281 1103 4347 fodere,
1122 4287 1150 4335 et
1166 4281 1235 4336 haee
1253 4279 1347 4334 omnia
1365 4295 1394 4332 se

147 4371 277 4425 facturos
295 4367 408 4440 polliciti
426 4375 492 4424 suut
510 4369 563 4424 sub
582 4387 616 4426 ea
627 4370 791 4434 conditione,
805 4376 837 4423 ut
848 4369 976 4423 monachi
991 4375 1046 4422 tres
1065 4368 1178 4422 clericos
1190 4373 1239 4421 aut
1250 4366 1394 4420 minimum

147 4455 225 4510 duos
243 4455 450 4522 constituerent,
478 4457 526 4526 qui
553 4463 687 4528 perpetuo
714 4457 804 4511 eidem
822 4457 954 4511 ecelesiae
972 4454 1171 4510 custodiendae
1189 4459 1350 4524 praeessent
1367 4458 1395 4505 et

146 4541 253 4597 divinis
271 4541 407 4613 mysteriis
426 4559 540 4614 operam
557 4543 661 4598 darent
676 4543 785 4610 Quibus
805 4541 906 4598 auditis
923 4543 1071 4613 epiecopus
1084 4539 1203 4611 lapidem
1216 4539 1393 4594 consecravit.

147 4631 265 4685 Teates:
284 4628 412 4685 Andreae
431 4636 459 4684 et
476 4630 576 4685 Petrus
594 4629 734 4684 diaconus.

207 4716 439 4788 Forlots':1ilyr.
458 4733 530 4772 socr.
552 4715 581 4770 Τ.
599 4714 660 4786 IV,
674 4733 705 4786 p.
724 4721 785 4770 336.
