3464 5382
184 2163 394 2220 cccxnvm.
413 2165 446 2220 A.
465 2168 542 2219 1237.
569 2164 739 2222 Oolomsnus
756 2183 805 2222 rex
823 2171 851 2222 et
867 2165 926 2222 dux
944 2167 1031 2223 totins
1048 2165 1179 2224 Slsvonie
1196 2167 1363 2236 mmifeeist,

130 2252 290 2323 quodcum
307 2253 438 2323 mnffl'stro
462 2253 542 2308 Phile
559 2269 611 2309 eno
632 2253 795 2309 cancellario
813 2259 841 2309 et
858 2253 1017 2326 praeposito
1040 2253 1212 2324 regrebiensi
1235 2271 1287 2310 nec
1310 2272 1367 2310 non

129 2357 194 2395 cum
211 2339 320 2394 Thome
331 2341 430 2395 nomine
441 2339 477 2394 de
490 2339 568 2411 Chry
585 2340 669 2397 fratre
687 2355 738 2397 suo
756 2357 841 2412 super
858 2347 937 2409 terre,
956 2359 1040 2413 quem
1061 2343 1150 2414 primo
1168 2343 1236 2414 ipsis
1253 2341 1368 2398 dederet

128 2429 158 2481 in
176 2427 293 2481 Wernns
311 2425 346 2481 ed
365 2427 461 2497 viginti
482 2433 581 2496 arens,
614 2435 643 2484 ei.
666 2445 750 2500 snper
773 2435 874 2483 terrem
895 2429 1007 2500 Kylisni
1031 2447 1103 2500 quse
1127 2435 1170 2484 est
1197 2430 1276 2486 inxts
1298 2446 1368 2498 enm,

128 2531 215 2585 quem
232 2515 286 2586 ipsi
305 2521 435 2582 emerant,
454 2521 482 2571 et
499 2531 583 2586 super
608 2521 682 2571 terre
705 2515 789 2571 Musd
807 2521 901 2588 empta
927 2517 1084 2572 sMsriino
1110 2515 1168 2571 filio
1195 2516 1307 2572 Martini
1333 2515 1368 2572 de

126 2601 219 2672 Lipoy
237 2608 266 2656 et
282 2600 392 2656 dnebus
409 2602 497 2657 vineis
514 2601 627 2658 Fereesi
645 2602 693 2657 filii
706 2602 805 2670 Cebes,
822 2603 878 2658 teis
896 2603 990 2658 fecerit
1008 2603 1208 2670 concambium,
1226 2602 1303 2674 quod
1316 2619 1368 2675 pro

125 2688 345 2744 commutatione
353 2687 443 2746 dietae
452 2689 636 2759 possessionis
644 2688 751 2744 dederit
767 2696 869 2744 terrem
887 2705 967 2744 suem
984 2689 1078 2745 Lnder
1095 2696 1123 2744 et
1140 2695 1242 2746 terram
1253 2689 1369 2761 Heyreh

125 2775 201 2830 sient
219 2791 282 2830 enm
299 2775 386 2846 Botyz
403 2791 496 2830 comes
515 2775 683 2846 possederat,
706 2792 770 2831 enm
784 2776 873 2832 tribus
895 2777 1048 2848 meneipiis,
1066 2778 1094 2831 in
1113 2777 1214 2847 quibus
1232 2783 1298 2832 sunt
1315 2783 1368 2833 tre·

125 2860 220 2918 decim
237 2862 381 2917 hominum
398 2861 498 2933 capite

185 2949 305 3004 Wcmi:
325 2948 391 3004 Ood.
410 2949 488 3019 Dipl.
506 2949 617 3018 Arpad.
641 2950 714 3018 VIL,
730 2967 759 3020 p.
780 2955 824 3004 40.

180 3085 357 3142 COOXLIX.
375 3088 410 3142 A„
429 3091 509 3142 1237.
528 3087 698 3144 Oolomsnns
715 3106 764 3144 rex
782 3095 810 3144 et
827 3089 884 3144 dux
902 3091 986 3144 tetius
997 3087 1143 3145 Slsvoniae
1155 3087 1287 3154 notificet,
1300 3104 1364 3143 cum

123 3173 195 3229 Bele
211 3191 261 3229 rex
278 3173 362 3229 irater
378 3175 452 3228 iliius
470 3175 575 3246 etipse
598 3174 655 3230 dux
673 3175 709 3231 de
735 3177 874 3233 communi
898 3175 1013 3232 consilio
1036 3176 1114 3246 regni
1137 3175 1280 3231 universes
1303 3191 1365 3246 per-

122 3263 292 3335 petualitees
310 3261 448 3334 superflue
466 3269 494 3316 et
510 3261 642 3318 inutiliter
658 3263 746 3318 incias
769 3263 937 3320 revocandae
962 3263 1134 3330 decrevisset,
1160 3267 1188 3317 et
1204 3267 1364 3318 revocasset

122 3351 164 3405 sb
180 3349 318 3416 omnibns,
336 3349 491 3421 specialiter
509 3349 592 3404 etism
612 3349 649 3404 sb
667 3349 790 3406 Abreem
816 3352 916 3408 comice
934 3351 991 3408 filio
1009 3350 1133 3406 Marcelli
1151 3350 1259 3406 comitis
1277 3355 1365 3405 terres

123 3453 201 3505 suns,
219 3454 292 3508 quse
309 3436 419 3492 inerant
436 3436 508 3492 ultre
525 3437 656 3504 Brevem,
674 3445 836 3509 receperunt
852 3443 959 3510 praeter
984 3443 1083 3502 verrem
1100 3437 1204 3504 Puknr‚
1224 3453 1288 3492 eum
1306 3437 1364 3492 suis

122 3525 305 3596 pertinentiis,
324 3541 408 3595 quem
425 3524 451 3578 ei
469 3529 497 3579 et
514 3524 573 3580 snis
590 3524 755 3580 haeredibus
774 3532 908 3597 perpetuo
918 3531 1073 3582 statuerunt
1086 3523 1292 3596 possidendam,
1312 3541 1362 3595 pro

122 3612 183 3666 suis
200 3611 281 3666 terris
298 3611 426 3666 omnibus
444 3611 586 3682 empticiis,
611 3629 683 3683 quse
700 3611 812 3668 fuerent
829 3613 869 3670 eis
890 3613 1068 3680 necessariae,
1093 3617 1121 3667 et
1144 3627 1214 3682 ques
1239 3609 1363 3665 Abrssm

1 3717 8 3738 ·
121 3713 218 3754 comes
235 3698 270 3754 de
288 3698 363 3754 bone
379 3699 521 3754 voluntate
545 3715 597 3754 sun
620 3717 671 3772 pro
695 3698 769 3756 bono
787 3701 892 3771 greiiee
915 3700 1026 3756 illorum
1051 3697 1234 3770 possidendas
1252 3697 1364 3768 reliquii

123 3786 353 3858 Conscriptnrum
369 3792 505 3841 metarum
522 3792 612 3842 terrae
629 3786 725 3842 Puirur
743 3805 792 3860 per
803 3787 944 3844 hominem
955 3787 1062 3856 regium
1074 3785 1247 3852 Fabimium,
1266 3784 1363 3856 incipit

122 3874 214 3944 prims
232 3890 315 3945 snper
332 3873 447 3928 fluvium
455 3873 558 3942 Pnkur‚
578 3874 624 3930 ubi
643 3879 719 3930 tenet
736 3881 838 3930 metam
855 3891 919 3930 eum
930 3871 1054 3939 Nonne
1072 3871 1138 3928 inde
1154 3873 1233 3926 iuris
1248 3869 1363 3927 fluvium

122 3959 213 4015 Irene
231 3960 267 4015 sb
284 3961 389 4016 oriente
411 3977 502 4031 neque
520 3961 555 4016 nd
572 3969 675 4018 mecam
693 3961 812 4017 filiorum
836 3959 931 4016 Bodur
954 3959 1061 4017 comitis
1086 3964 1114 4014 et
1130 3958 1205 4013 venit
1222 3956 1259 4013 sd
1276 3963 1362 4028 ceput

122 4047 278 4105 Mechinice
295 4049 416 4116 minoris,
434 4047 577 4103 descendit
594 4065 643 4119 per
660 4049 778 4104 rivulum
789 4048 926 4118 Ohrcenig
943 4047 979 4102 sd
991 4053 1093 4102 terrem
1105 4045 1259 4114 Dobrosig;
1272 4049 1300 4099 ec
1312 4060 1361 4115 per

122 4136 223 4192 siivsm
241 4139 270 4188 et
285 4133 385 4189 vellem
402 4134 437 4190 nd
456 4134 570 4190 fluvium
588 4134 742 4191 Meehinics
767 4134 962 4192 descendendo
980 4140 1056 4190 tenet
1073 4139 1257 4188 mecanicum
1275 4129 1361 4200 Gerig

122 4229 151 4279 et
168 4221 295 4294 pervenit
312 4220 360 4276 nbi
377 4221 511 4278 Kemenio
528 4221 635 4294 pothok
652 4221 794 4278 deecendit
810 4224 839 4278 in
858 4221 1041 4278 Mechinicem
1058 4227 1093 4298 etv
1104 4237 1153 4292 per
1170 4219 1290 4274 rivulum
1308 4217 1363 4272 On·

4 4318 9 4332 ·
120 4309 229 4365 chenur
250 4313 278 4363 et
300 4308 414 4363 fluvium
438 4309 601 4381 Mechynioa
624 4308 660 4364 ed
682 4309 796 4365 fluvium
814 4310 980 4382 Soplonice;
999 4315 1027 4364 et
1044 4307 1132 4364 tendit
1150 4306 1185 4362 sd
1203 4306 1296 4362 locum
1314 4303 1363 4360 ubi

119 4395 198 4452 cedit
214 4395 352 4466 Mogorov
370 4396 476 4468 pothok
493 4398 521 4451 in
539 4396 723 4468 Soplonieem,
748 4403 776 4454 et
792 4397 831 4452 ibi
849 4395 1030 4467 relinquendo
1054 4400 1142 4450 meins
1161 4393 1247 4464 Gerig
1265 4392 1364 4464 incipit
1444 4399 1445 4404 ’

117 4491 217 4540 tenere
233 4488 338 4539 metam
355 4501 420 4540 cum
437 4489 510 4539 terra
528 4483 705 4553 Greseniehs,
724 4491 752 4542 et
769 4502 819 4557 per
836 4483 1014 4556 Soplonicem
1026 4483 1055 4538 in
1068 4499 1170 4552 magno
1183 4481 1275 4552 spatio
1288 4480 1363 4536 venit

2 4635 4 4642 ‚
118 4573 148 4626 in
166 4577 281 4643 portum
298 4572 386 4643 ipsius
409 4571 528 4626 fluminis
547 4578 575 4626 e‘c
592 4573 649 4628 exit
666 4589 716 4644 per
733 4573 830 4628 silvam
853 4587 984 4641 megnam
1001 4569 1037 4625 nd
1054 4569 1170 4624 fluvium
1186 4567 1293 4637 Pukur,
1311 4566 1362 4622 ubi

118 4657 335 4716 Muncsdbnrne
358 4666 479 4716 vocetur.
504 4659 542 4715 Et
558 4676 608 4732 per
631 4659 751 4716 eundem
773 4659 862 4716 tendit
879 4657 1008 4732 superine
1026 4663 1054 4713 et
1070 4662 1148 4713 tenet
1171 4660 1275 4712 metam
1298 4671 1362 4710 enm

1256 4749 1274 4807 7
