3464 5382
654 427 801 479 mure.
1293 405 1356 477 lte

111 597 223 666 propter
240 593 317 650 varia
332 593 411 666 regni
432 593 548 667 nepotis
559 593 641 650 tuerit
653 592 785 662 dilutum
803 609 880 652 nunc
896 609 963 654 rere
981 593 1132 653 muniet
1151 592 1370 665 praemortuo.

112 688 139 740 et
156 681 266 740 iiddom
284 699 369 740 suum
394 682 571 755 Stephanum
595 682 701 740 bauum
723 684 810 742 coeo
834 681 991 752 slavonice,
1013 699 1097 754 qoem
1122 683 1249 756 proiecto
1267 684 1358 742 mmm

115 770 269 828 secuudum
286 786 335 828 cor
352 771 414 842 ejus
431 771 544 838 inuenit,
562 769 598 826 ad
616 776 709 842 partes
727 772 887 839 maritimos,
905 769 1018 828 dunsei
1034 772 1147 846 plenum
1164 771 1358 832 auctoritatem

111 860 155 914 cni
176 863 324 930 tamquam
340 859 400 932 regi
420 860 450 914 in
471 858 601 915 omuibus
619 864 743 931 pereant
768 859 836 930 Ipse
856 875 906 914 rex
924 858 1058 930 promittit
1075 857 1112 916 sd
1134 863 1227 931 pestes
1245 858 1358 916 confinii

111 945 195 1002 huius
211 962 319 1004 morsm
336 945 454 1014 trahere,
472 951 504 1002 ut
521 945 665 1018 conequi
679 963 758 1004 nuuc
775 945 941 1004 aedificandi
962 951 991 1001 st
1008 945 1154 1018 plectendi
1170 946 1304 1005 honestos
1323 961 1356 1002 sc

112 1033 225 1105 probos,
242 1033 377 1105 reprobes
395 1049 461 1092 vero
478 1031 639 1090 destruendi
661 1032 767 1104 gaudet
783 1033 956 1102 auctoritem,
974 1037 1003 1088 et
1020 1031 1120 1094 iisdem
1138 1031 1309 1104 Tugurinie,
1326 1036 1359 1090 ut

14 1155 15 1158 κ
115 1119 276 1194 expediere,
294 1125 425 1194 pergae
442 1119 568 1177 sumtus
586 1119 716 1178 exuens
736 1121 834 1192 pon

161 1207 288 1266 Mus.-
305 1209 436 1264 Henort'e
452 1207 484 1264 di
504 1208 589 1276 state,
610 1210 652 1263 ⁷1.
673 1231 677 1236 ·

163 1343 355 1404 num.
373 1347 516 1418 venetiis,
538 1351 583 1402 30.
608 1345 718 1417 Apellis
735 1349 817 1402 1250.
835 1345 962 1403 ldmiuus
985 1347 1173 1404 Meurcceuus
1191 1343 1250 1401 dux
1266 1343 1357 1400 Vene-

111 1435 214 1490 tierum
231 1433 347 1490 mandat
363 1433 501 1491 Bulduiuo
520 1434 638 1503 Quirino
649 1434 744 1491 comiti
762 1433 874 1502 Jadrae,
893 1439 925 1490 ut
941 1434 1127 1492 commonitus
1139 1432 1244 1490 Jadree
1255 1431 1358 1490 Jounni

112 1521 252 1590 michaeli,
271 1521 413 1594 quondum
430 1523 523 1580 comiti
539 1521 652 1591 Jedroe,
670 1522 783 1579 exolvat
799 1520 907 1578 debitae
924 1521 964 1576 illi
983 1519 1184 1594 praestationes
1200 1520 1230 1576 iu
1248 1536 1359 1576 summa

14 1687 16 1700 Ι
111 1625 151 1666 cc
176 1609 356 1667 denariorum
371 1611 561 1666 veneticorum
578 1625 736 1682 parvorum.

165 1697 281 1766 ῑόκὺίέε
299 1699 421 1754 Menum.
439 1695 515 1755 Eleo.
533 1698 630 1754 meld.
647 1699 673 1754 L
689 1713 719 1768 p.
740 1701 783 1752 79.

164 1836 347 1894 DLXXXV.
380 1839 528 1911 hudpuuh
552 1841 595 1894 23.
620 1839 697 1896 Muti
714 1840 797 1892 1250.
821 1836 1001 1906 Innocentius
1025 1835 1173 1907 1V.pspa
1190 1833 1285 1892 Salvio
1301 1833 1359 1905 epi·

113 1941 203 1998 scopo
226 1925 404 1982 Tribuniensl
428 1927 536 1984 scribit:
559 1943 625 1982 cum
649 1925 876 1997 archiepiscopus
900 1923 1061 1995 ltcpusiuus
1078 1924 1108 1978 iu
1125 1937 1179 1978 sue
1203 1920 1361 1994 paesentis

113 2015 301 2086 proposuerit,
325 2013 401 2086 quod
425 2018 541 2070 vecorde
565 2015 631 2070 olim
656 2012 835 2070 Antibareuci
859 2012 984 2080 ecclesia,
1009 2010 1063 2066 sibi
1080 2009 1282 2081 metropolitico
1300 2009 1361 2064 iure

112 2099 251 2170 sublecta,
268 2101 357 2172 ipsius
375 2101 529 2173 capitulum
546 2101 660 2158 stenem
681 2101 822 2157 Joauucm
838 2099 875 2155 ds
893 2098 989 2156 ordine
1013 2097 1242 2155 Praedicelorum
1259 2095 1314 2150 ribi
1331 2095 1360 2153 iu

113 2186 277 2259 pontificem
300 2187 446 2260 eligendo,
469 2205 503 2245 ac
526 2187 750 2261 contempnendo
773 2187 866 2260 ipsum
890 2185 943 2242 sibi
967 2184 1197 2253 confirmandum,
1223 2188 1308 2255 prout
1324 2181 1362 2238 sd

114 2290 180 2330 sum
197 2275 326 2347 pertinet,
345 2282 529 2348 praesentare,
549 2276 584 2333 ad
602 2276 742 2348 pontilicis
758 2290 891 2331 romanas
908 2272 1041 2332 ecclesius
1065 2271 1252 2344 praesentiam
1269 2284 1361 2326 acces·

14 2351 15 2376 ³
115 2363 189 2430 serit,
207 2363 289 2418 culus
305 2379 357 2434 per
374 2379 438 2420 eum
456 2364 591 2420 electione
615 2368 733 2432 mesula,
757 2363 864 2419 iustitie
889 2362 1026 2432 exigente,
1050 2363 1164 2430 sugente
1186 2358 1265 2414 sier
1283 2360 1362 2428 perte

114 2449 207 2522 ipsius
225 2451 349 2522 espituli,
367 2451 443 2522 qnod
461 2451 679 2523 metropolitane
696 2449 777 2507 sedes
795 2449 870 2506 dicta
886 2447 1071 2504 antibarensis
1089 2447 1206 2504 ecclesis
1223 2445 1362 2511 existeret,

114 2537 269 2594 obtinuerit
292 2537 382 2595 eidem
406 2539 537 2596 ecclesias
560 2539 596 2594 ds
619 2543 698 2610 patre
721 2537 840 2606 Jcanoe,
864 2536 910 2592 cui
934 2534 1150 2592 consecrationis
1173 2549 1276 2588 munus
1301 2531 1362 2603 ipse

14 2623 15 2626 '
115 2643 192 2697 pepe
209 2626 354 2698 impendit,
373 2642 424 2698 per
442 2625 537 2682 sedem
549 2626 733 2698 apostolicam
750 2623 901 2696 providem
920 2624 970 2694 qui
988 2639 1045 2678 uon
1057 2622 1149 2678 solum
1167 2619 1257 2677 eidem
1275 2618 1362 2675 erchi-

116 2714 252 2786 episcopo
269 2715 402 2786 regusiuo
420 2709 542 2780 obedire,
560 2727 657 2770 verum
680 2713 764 2771 etism
787 2717 911 2768 coeteros
934 2710 1069 2766 ecclesiee
1091 2708 1241 2779 ragrmiuac
1265 2705 1362 2762 suffre-

115 2817 231 2872 gancce,
250 2803 323 2872 regie
342 2801 455 2859 Seruios
472 2803 552 2866 ritus,
570 2808 601 2858 ut
613 2801 713 2858 dicitur
726 2799 907 2866 Graecorum,
923 2803 1060 2868 tenentes,
1078 2795 1218 2860 suffultus,
1236 2809 1305 2851 susc
1321 2791 1362 2847 di·

116 2889 187 2944 tioni
205 2888 332 2958 subiecit,
350 2891 396 2946 cui
413 2887 480 2946 dicti
498 2889 676 2960 suffraganei,
696 2885 856 2944 euaefobliti
868 2883 975 2952 salutis,
994 2875 1031 2942 ab
1044 2882 1204 2940 obedientis
1216 2881 1365 2953 ragusinae

116 2976 252 3032 ecclesiae
269 2976 430 3033 recedentes
448 2976 590 3033 obediunt
616 2977 735 3048 Propter
758 2973 835 3047 quod
856 2971 1010 3045 postulavit
1027 2987 1139 3043 pepum,
1157 2973 1190 3026 ut
1207 2969 1260 3024 sibi
1278 2982 1363 3038 super

115 3061 171 3118 hiis
196 3063 341 3122 exhiberet
364 3065 486 3120 iustitiae
512 3063 755 3135 complimeutum;
783 3059 899 3117 mandet
922 3059 1007 3130 igitur
1034 3055 1196 3132 supradicto
1223 3055 1365 3127 episeopo,

14 3161 15 3218 l
116 3156 258 3222 quatenus
276 3153 383 3210 vocetis
401 3151 589 3223 Autibsrensi,
608 3156 637 3206 et
652 3149 798 3218 Bosuensi‚
817 3145 1005 3214 Buduaneusi,
1019 3143 1201 3210 Dulciniensl‚
1220 3141 1363 3209 duacensi,

117 3237 308 3308 Scodriuensi,
319 3239 502 3308 Driuestcusi‚
515 3243 544 3295 ct
555 3237 697 3295 Polstensi
715 3235 863 3309 episcopis,
882 3232 1018 3306 praefigat
1035 3229 1140 3288 eisdem
1151 3235 1180 3288 et
1191 3227 1266 3285 dicto
1277 3227 1366 3284 urchi·

117 3325 253 3398 episcopo
270 3325 417 3398 Bagnsiuc
434 3327 583 3382 tenniuum
601 3329 664 3381 octo
682 3323 903 3392 mensiumque
922 3337 972 3392 per
989 3336 1020 3377 ss
1044 3319 1089 3376 vel
1105 3333 1156 3390 per
1180 3331 1247 3372 suos
1265 3330 1363 3388 procu·

116 3417 226 3470 ratores
244 3429 360 3470 canem
376 3414 468 3486 ipsum
485 3413 647 3486 conspectui
664 3410 804 3484 pontilicis
822 3411 1007 3482 praesentent

171 3501 222 3558 Ex
241 3500 431 3574 hiemumpte
448 3501 582 3558 Bullaric
600 3499 709 3556 arcbtcs'
726 3497 873 3569 sapeco
893 3494 952 3552 MS.
967 3511 998 3566 p.
1016 3497 1058 3549 15.
1075 3493 1107 3550 tn
1120 3507 1180 3549 meu
1198 3489 1365 3552 masmim.

176 3624 372 3684 DLXXXVI.
401 3630 479 3684 1250.
496 3630 540 3682 23.
558 3625 649 3682 seete.
677 3622 745 3678 Bele
762 3620 816 3678 IV.
833 3635 883 3676 rex
904 3617 1001 3676 volens
1019 3615 1226 3689 possessiouem
1244 3613 1368 3680 melosa,

120 3729 208 3785 quam
226 3731 244 3769 a
262 3718 354 3771 caeno
373 3713 531 3770 Zaladicnsi
552 3713 591 3782 (iu
616 3710 760 3778 Elaeunta)
778 3706 898 3772 cendum
915 3710 1074 3777 exemptam
1091 3707 1171 3776 petor
1188 3701 1276 3774 ipsius
1293 3699 1367 3769 regis

117 3801 258 3858 Joschino
282 3807 350 3858 tuuc
371 3801 466 3858 comiti
489 3799 673 3873 Scybluienel,
697 3797 788 3854 bonae
805 3793 955 3851 memoriae
979 3792 1037 3849 filio
1061 3791 1169 3848 comitis
1193 3787 1295 3856 Geche,
1313 3801 1365 3859 prc

118 3891 179 3945 suis
208 3889 410 3961 multiplicibus
440 3889 558 3944 servitiis
588 3885 760 3953 contulerat,
796 3883 860 3938 filiis
890 3887 918 3938 et
946 3879 1116 3937 haeredibus
1146 3875 1271 3934 eiusdem
1300 3891 1365 3932 ccu-

118 3976 303 4046 ssrvcudem;
320 3981 435 4049 propter
456 3991 529 4046 quse
547 3974 660 4046 quidem
682 3971 793 4029 servitis
813 3971 903 4043 ipsius
923 3967 1052 4026 Jeschlni
1073 3965 1182 4022 comitis
1200 3969 1279 4036 pater
1300 3961 1367 4018 dicti

117 4065 205 4122 Bolas
222 4065 297 4136 regis
316 4063 407 4121 eidem
429 4063 533 4120 dictum
557 4062 764 4136 possessiouem
786 4058 893 4115 Zolena
917 4059 1026 4129 (postes
1043 4052 1170 4124 Slarlnja
1186 4051 1215 4106 in
1233 4048 1366 4106 comitatu

118 4151 254 4208 Orisiensi
278 4151 333 4208 sub
357 4151 465 4207 Mathia
484 4149 572 4220 1436.)
596 4152 625 4205 ln
646 4149 692 4204 ius
716 4150 884 4220 perpetuum
911 4143 1070 4210 donauerat
1098 4145 1197 4212 postea
1223 4152 1290 4194 sero
1316 4150 1367 4190 rex

14 4235 21 4256 '
117 4239 189 4297 Bela
206 4240 334 4312 praefato
351 4245 444 4296 csshc
462 4239 591 4307 restitnit,
610 4243 639 4294 et
656 4253 673 4292 c
690 4235 754 4290 filiis
772 4231 902 4292 Jocchini
926 4233 1081 4302 receperet;
1105 4227 1202 4284 voleus
1226 4239 1293 4293 ergo
1311 4235 1366 4278 ser·

117 4329 187 4384 titis
210 4327 295 4384 etism
321 4327 442 4384 filiorum
466 4327 527 4384 eius
550 4339 764 4397 recompensare
790 4319 906 4378 trudidit
923 4317 959 4374 sd
977 4315 1140 4390 petitionem
1158 4311 1245 4385 patris
1263 4307 1367 4378 Philipi

118 4417 246 4488 episcopi
262 4415 458 4487 ngrsbieusis
476 4421 504 4472 et
519 4415 647 4472 Thomas
655 4411 763 4468 comitis
776 4409 812 4465 de
824 4408 940 4476 Grecos,
959 4405 1080 4462 illiorum
1097 4398 1235 4469 Jcechini,
1247 4395 1282 4453 de
1292 4409 1366 4452 novo

117 4505 224 4562 dimum
242 4505 449 4578 possesiionem
466 4503 496 4560 iu
515 4507 682 4576 perpetuum
694 4495 900 4572 possidendam.

178 4593 299 4650 werel:
319 4591 386 4650 (lod.
404 4591 476 4663 dipl.
494 4591 605 4663 Arpacl.
627 4587 692 4646 vm
711 4591 773 4643 309.
