3376 5350
285 307 350 372 444
785 314 803 355 1.
824 298 1033 366 aasumensi,

280 501 395 564 raverat,
413 502 440 551 et
465 495 578 567 quidem
603 511 653 564 pro
678 493 775 564 viginti
802 499 907 564 septem
930 491 1039 562 marnis,
1064 491 1180 562 singulis
1203 507 1268 546 oum
1287 491 1412 562 quinque
1437 490 1538 562 pensis

281 585 457 640 denariorum
475 583 702 656 Zagrabiensium
722 581 897 651 computatis.

334 670 464 726 Thateso.-
483 671 562 725 Mou.
583 669 659 723 Hist.
683 669 710 726 Τ.
731 670 755 722 Ι.
774 685 801 739 p.
819 670 878 722 234.

334 811 499 866 MDLVIII.
527 813 603 864 1294.
634 807 795 880 Capitulum
822 787 955 864 ecclesiae
984 809 1289 880 Quinqueeoclesiensis
1316 809 1427 876 latetur,
1455 807 1537 880 qnod

281 900 417 972 Aegidius
435 899 509 954 lilius
533 897 661 968 Gregorii
681 895 715 952 de
733 911 834 966 genere
858 896 981 951 Thomas
1003 895 1077 962 bani,
1101 896 1185 952 tratre
1209 914 1260 952 sno
1287 895 1371 952 Petro
1396 897 1536 968 episeopo

281 986 489 1042 Transilvaniae
509 991 652 1056 praesente
676 989 704 1038 et
729 984 926 1048 consentiente,
950 984 991 1037 nti
1017 983 1137 1038 delectui
1161 985 1314 1054 proximus,
1344 984 1535 1054 possessionis

279 1091 345 1130 suae
364 1073 462 1144 Ogona
480 1079 535 1128 tres
554 1071 725 1141 Vyanioatus
743 1087 792 1124 seu
806 1071 993 1140 possessiones
1012 1070 1101 1141 Gagy‚
1121 1070 1235 1126 Odroha
1253 1077 1281 1126 et
1298 1071 1452 1139 Domolob‚
1473 1070 1533 1126 Mi·

279 1161 367 1217 chaeli
386 1161 543 1230 praeposito
562 1158 694 1213 ecclesiae
719 1159 965 1214 Transilranieusis
991 1167 1019 1214 et
1043 1159 1126 1214 Petro
1154 1160 1248 1215 comiti
1268 1158 1435 1227 Siculorum,
1460 1159 1532 1214 liliis

279 1250 389 1304 comitis
408 1247 540 1318 Stephani
560 1245 609 1300 lilii
628 1247 711 1300 Diers
730 1246 764 1300 de
782 1263 882 1316 genere
900 1247 985 1316 regio,
1010 1249 1068 1301 suis
1095 1248 1124 1302 in
1151 1247 1273 1302 secundo
1297 1246 1386 1318 grsdu
1410 1263 1532 1302 consan-

278 1337 395 1408 guineis,
413 1335 544 1404 bisceque
563 1335 591 1389 in
610 1333 708 1388 iratres
726 1333 871 1404 adoptivos
889 1335 1014 1404 receptis,
1033 1350 1184 1406 eorumque
1202 1334 1368 1390 haeredibus
1385 1335 1449 1406 jure
1467 1351 1533 1406 per·

279 1431 364 1494 petuo
383 1423 531 1478 contulerit
549 1427 577 1476 et
594 1421 781 1490 resignaverit.

334 1511 382 1564 Ex
400 1496 471 1563 actis
489 1525 537 1579 per
556 1509 659 1562 bunum
677 1507 961 1576 Kbueu-Hcdcrvsirp
979 1525 1013 1562 eu:
1031 1509 1142 1562 archien
1161 1509 1240 1580 repat
1259 1509 1369 1565 ablatis
1389 1509 1426 1564 Ν.
1443 1509 1478 1564 R.
1494 1511 1532 1564 A.

279 1597 361 1652 Fasc.
381 1600 456 1650 1504.
476 1597 513 1652 N.
533 1599 573 1650 19.

332 1718 467 1774 MDLIX.
486 1719 620 1790 Raguali.
639 1721 714 1772 1294.
736 1717 860 1773 Marinus
879 1717 1032 1774 Badoerius
1050 1736 1143 1774 eomes
1167 1719 1280 1774 Racusb
1300 1735 1363 1774 eum
1383 1720 1532 1776 voluntate

281 1809 394 1862 minoris
413 1813 441 1861 ct
458 1807 571 1860 maioris
590 1805 697 1860 consilii
716 1809 840 1860 statuunt
859 1813 887 1859 et
905 1807 1023 1873 firmant,
1047 1807 1121 1877 quod
1140 1808 1217 1862 nulla
1236 1823 1353 1880 persona
1372 1807 1473 1862 debeat
1496 1809 1534 1864 de

281 1896 420 1966 aliquibus
439 1894 564 1964 partibus
583 1893 682 1947 ducere
701 1894 729 1946 in
747 1891 898 1946 &ensium
918 1909 969 1948 nec
987 1894 1046 1948 eius
1065 1892 1220 1949 districtum
1238 1893 1351 1949 follares
1370 1894 1455 1950 falsos
1475 1896 1534 1950 sub

282 1997 371 2052 poena
389 1986 417 2035 et
434 1981 526 2034 banno
544 1982 752 2051 ipperperorum
771 1987 882 2034 eentum
902 1997 952 2050 pro
971 1980 1095 2052 quolibet
1113 1989 1140 2037 et
1158 1981 1282 2053 qualibet
1294 1983 1361 2038 vice.
1381 1981 1435 2038 Pro
1449 1982 1533 2039 lirlsis

282 2085 345 2123 vero
365 2067 480 2122 tollariis
499 2069 751 2138 cognoscebantur:
771 2067 894 2122 Stameni
919 2067 954 2122 de
978 2069 1118 2138 Dyracbio
1142 2075 1171 2124 et
1195 2069 1338 2126 Romania.
1367 2069 1470 2125 Follsri
1496 2071 1535 2128 de

282 2156 413 2212 Armenia
432 2163 459 2210 et
477 2155 603 2220 Tarchia,
622 2156 686 2210 novi
706 2161 733 2210 et
751 2162 864 2209 veteres.
883 2153 987 2232 Follari
1000 2156 1066 2210 faeti
1079 2156 1113 2210 de
1127 2159 1208 2227 petiis
1222 2157 1257 2211 de
1268 2173 1344 2212 rame
1356 2158 1415 2212 sine
1426 2157 1536 2216 litteris

283 2251 311 2298 et
329 2244 432 2312 liguris.
451 2241 554 2297 Follari
574 2243 659 2296 incisi.
680 2241 782 2296 Follari
802 2243 849 2312 qui
869 2242 1000 2298 dicrrntur
1018 2243 1165 2314 Capuoiae.

337 2332 438 2384 l'usdd:
458 2334 632 2397 t'uomeuuuu
653 2331 760 2398 Cpt'cuu
780 2332 816 2384 ll.
836 2333 894 2383 169.

339 2470 460 2526 MDLX.
481 2473 557 2526 1295.
577 2474 601 2525 5.
621 2471 766 2524 ianuarii.
785 2469 929 2525 Jobannss
947 2472 1095 2542 episcopus
1119 2472 1312 2541 Zagrabiensis
1331 2479 1360 2527 et
1377 2474 1535 2546 capitulum

286 2560 451 2631 significant,
470 2558 546 2629 quod
565 2575 657 2612 comes
676 2557 776 2612 Nicola
794 2559 951 2613 castelanus
969 2561 1041 2629 regis
1060 2559 1094 2613 de
1113 2558 1229 2626 Medus,
1247 2568 1275 2615 et
1301 2559 1421 2615 Janinus
1446 2561 1537 2618 frater

284 2651 343 2704 eius
362 2647 396 2702 ab
414 2664 470 2702 una
487 2653 573 2716 parte,
592 2647 628 2701 ab
647 2647 733 2700 altera
751 2655 843 2702 autem
861 2645 988 2702 Andreas
1002 2647 1088 2701 maior
1100 2647 1181 2701 villae
1200 2653 1227 2702 et
1246 2649 1410 2704 universitas
1428 2650 1536 2706 eiviunr

286 2737 467 2790 Grecensium
485 2734 667 2804 personaliter
685 2735 835 2800 constituti,
855 2734 983 2788 omnibus
1001 2735 1104 2798 litibus,
1124 2735 1336 2790 adversitatibus
1354 2743 1384 2792 et
1400 2737 1538 2792 inimiciis

288 2827 360 2879 inter
378 2840 425 2878 eos
443 2825 548 2878 ratione
568 2822 715 2877 occisionis
734 2820 851 2876 Petrilce
871 2821 919 2876 filii
939 2821 1016 2876 Benlr
1042 2822 1162 2876 subortis
1180 2823 1241 2892 paci
1261 2825 1437 2878 consulentes
1455 2825 1539 2880 iuxta

287 2913 450 2968 mandatum
469 2912 549 2978 regis,
568 2910 768 2976 renuntiarunt,
788 2911 826 2963 ita
845 2909 920 2978 quod
939 2907 1029 2964 dictus
1049 2925 1141 2963 comes
1160 2909 1260 2966 Nicola
1272 2917 1300 2966 et
1311 2909 1431 2966 Janinu
1449 2910 1539 2967 irater

288 3005 432 3072 praetextu
460 2997 619 3052 hrrinsmodi
654 2998 828 3051 adversitatis
857 2996 898 3051 vel
930 2997 1095 3052 detentionis
1119 3013 1297 3068 personarum
1327 2995 1428 3053 amodo
1458 3000 1540 3054 nulla

291 3089 412 3158 dampna
429 3086 473 3141 vel
491 3087 605 3140 iniurias
629 3085 745 3155 aliquas,
763 3085 923 3154 praesertim
948 3085 1037 3140 donee
1054 3085 1127 3140 idem
1154 3101 1246 3140 comes
1265 3085 1300 3140 N.
1320 3093 1349 3140 et
1365 3083 1449 3140 frater
1467 3103 1540 3142 suus

288 3175 444 3229 custodiam
463 3173 677 3228 conservationis
696 3173 778 3226 castri
797 3171 906 3226 Medus
924 3172 1073 3240 habebunt,
1093 3175 1250 3228 memoratis
1269 3173 1375 3228 civibus
1393 3181 1421 3229 et
1433 3175 1470 3228 ad
1488 3191 1540 3230 eoa

288 3263 491 3334 pertinentibus
509 3261 642 3316 inferrent
659 3267 708 3315 aut
726 3260 818 3314 inferri
832 3259 935 3314 facient
947 3260 1091 3316 manifeste
1104 3262 1147 3316 vel
1160 3262 1305 3328 occultate,
1318 3261 1353 3316 ad
1365 3262 1441 3333 quod
1453 3265 1541 3318 tactis

289 3352 472 3406 sacrosanctis
488 3349 611 3419 reliqniis
624 3349 817 3419 praestiterunt
831 3349 1027 3419 juramentum.
1040 3349 1064 3403 Ε
1078 3365 1209 3405 converso
1223 3351 1350 3420 promisit
1361 3351 1434 3406 idem
1447 3353 1542 3408 maior

287 3437 368 3492 villae
388 3443 415 3492 et
433 3437 599 3492 universitas
618 3437 718 3490 civium
737 3437 870 3506 praestito
895 3439 1058 3491 iuramento.
1078 3437 1107 3492 Si
1127 3454 1190 3492 vero
1210 3453 1303 3492 comes
1321 3437 1422 3493 Nicola
1440 3444 1469 3493 et
1485 3437 1539 3495 Ja-

287 3527 370 3580 ninus
389 3532 590 3594 trangressores
609 3524 672 3577 fidei
692 3525 791 3593 reperti
810 3523 919 3592 fuerint,
939 3527 1128 3594 possessiones
1152 3541 1217 3578 suas
1235 3526 1308 3580 intra
1327 3531 1355 3581 et
1373 3533 1451 3581 extra
1470 3527 1540 3582 civi-

287 3621 372 3668 tatem
391 3611 559 3666 Grecensem
578 3613 742 3665 ammittant.

344 3699 471 3755 Tlalcic':
490 3699 570 3753 ilica.
589 3699 665 3752 Hist.
689 3699 717 3752 Τ.
737 3699 761 3752 Ι.
777 3715 807 3766 p.
826 3701 885 3751 235.

340 3839 473 3894 llDLXl.
492 3842 569 3892 1295.
588 3843 612 3892 9.
631 3839 742 3894 illcrrtiv'.
762 3840 888 3894 Andreas
913 3839 964 3893 ΙΙΙ.
987 3857 1035 3893 rex
1058 3846 1154 3895 notum
1179 3841 1254 3907 lacit,
1279 3841 1354 3912 quod
1380 3841 1539 3913 capitulum

288 3929 353 3983 eccl.
373 3927 571 4004 Zagrabieneis
583 3927 737 3996 significare
756 3928 868 3994 eruant,
888 3927 1038 3997 quodcum
1057 3927 1214 3998 Stephanus
1233 3929 1308 3983 lilius
1326 3929 1541 3998 Mladucheuez,

288 4014 428 4084 quondam
442 4013 557 4082 jobagio
576 4015 656 4068 castri
676 4015 802 4085 Zagrab„
820 4016 980 4070 imminente
999 4016 1051 4070 sibi
1075 4016 1171 4070 mortis
1196 4017 1313 4072 articulo
1338 4025 1438 4072 terram
1457 4035 1539 4074 suam

289 4101 380 4155 Casus
399 4105 533 4166 vocatam,
554 4102 581 4154 in
600 4101 691 4156 medio
709 4109 842 4156 terrarum
863 4103 976 4172 capituli
1002 4102 1081 4173 Zagr.
1106 4104 1231 4159 similiter
1250 4105 1343 4160 Oasna
1362 4105 1539 4173 existentem,

288 4188 368 4258 cujus
386 4187 501 4242 alteram
520 4189 673 4257 portionem
692 4190 832 4259 quondum
857 4191 935 4244 Vulk
954 4190 1045 4245 fratris
1071 4193 1221 4261 capitulum
1242 4209 1276 4247 ex
1294 4193 1442 4248 collatione
1460 4195 1541 4264 regia

284 4275 342 4346 jam
362 4275 493 4345 possidet,
513 4276 595 4328 simul
614 4292 676 4329 cum
696 4293 746 4330 sno
765 4277 880 4346 parvulo
899 4278 963 4345 tilio,
987 4295 1080 4332 coram
1098 4282 1257 4334 testimonio
1277 4281 1377 4336 civium
1396 4279 1540 4338 (ireohen—

289 4363 361 4416 sium
380 4363 580 4417 conservationi
600 4369 627 4417 et
645 4365 757 4417 tuicioni
777 4364 842 4418 dieti
862 4366 975 4435 capituli
1000 4366 1157 4436 reliquisset
1175 4368 1224 4422 tali
1242 4368 1335 4435 modo,
1360 4375 1393 4424 ut
1418 4370 1441 4423 si
1467 4386 1541 4440 puer

287 4452 442 4520 perveniret
460 4451 495 4504 ad
514 4456 632 4504 aetatem
652 4451 803 4519 legitimam
823 4458 926 4508 extunc
943 4471 999 4508 una
1018 4471 1081 4508 cum
1101 4456 1308 4510 successoribus
1327 4457 1384 4511 suis
1404 4455 1439 4511 de
1457 4473 1539 4528 prae·

290 4537 365 4591 dicta
382 4545 455 4591 terra
481 4553 557 4590 more
583 4539 763 4606 praerlialiruu
788 4541 909 4610 capitulo
934 4542 1034 4595 servire
1062 4547 1208 4597 teneretur.
1233 4542 1262 4598 Si
1287 4561 1352 4598 vero
1376 4561 1446 4615 puer
1472 4553 1539 4602 ante

289 4631 399 4695 ternpus
418 4626 461 4680 vel
481 4627 538 4679 sine
557 4625 649 4680 liberis
673 4626 825 4696 decederet,
851 4635 916 4683 tunc
941 4628 1039 4684 eadem
1064 4635 1135 4685 terra
1161 4632 1188 4686 in
1214 4632 1397 4702 propietatem
1421 4633 1539 4706 capiuli
