3544 5344
699 408 845 454 aaoasra.
1352 387 1395 455 49

202 571 304 630 CLVI.
323 574 447 646 SpalatI,
466 589 554 629 mense
572 575 676 630 Martio
699 578 774 630 1223.
798 575 943 630 Existente
963 572 1088 630 Gonoelo
1106 575 1314 648 archiepiscopo
1333 593 1396 648 spa·

150 662 258 728 latensi,
277 661 408 732 Bnyscno
426 661 534 728 comite,
553 659 688 732 Gregorio
706 667 816 734 nepote,
842 661 972 732 Vangigo
991 661 1188 732 (Vanlegluol)
1206 664 1316 730 vicario,
1335 663 1396 719 Ste-

150 749 260 822 phanus
280 748 410 804 Gaazetta
427 749 587 816 vicecomes,
605 748 710 804 iudices
728 749 824 819 Drago
842 749 878 804 de
896 749 1006 816 Pinosa,
1019 749 1145 804 Lucarus
1158 750 1252 817 Stresi,
1265 751 1395 806 consules

150 835 282 892 BanoIIns
300 835 413 903 Jornae,
431 835 556 891 Luearus
575 836 726 902 Michaelis,
744 836 865 890 Duimus
883 837 1017 892 Peecetae
1035 853 1099 891 oum
1110 843 1170 892 toto
1183 837 1288 909 populo
1304 853 1395 893 sacra-

151 928 275 978 mentum
294 929 429 994 perpetuo
448 923 602 978 conservari
627 923 778 990 firmarunt,
804 923 878 993 quod
904 941 920 978 a
944 922 1028 979 modo
1046 923 1140 978 nullus
1159 925 1226 978 civis
1244 925 1288 978 vel
1306 930 1395 980 extra·

151 1027 221 1065 neus
238 1009 334 1064 vinum
352 1008 504 1082 Spalatum,
523 1027 574 1065 nec
593 1026 643 1080 per
666 1026 741 1064 mare
759 1027 849 1080 neque
867 1027 916 1080 per
934 1015 1043 1076 terrem,
1062 1015 1205 1082 apportet;
1224 1028 1240 1066 e
1258 1011 1395 1066 contrafa-

151 1095 288 1152 cientibus
306 1097 395 1152 solvet
413 1101 560 1151 extraneus
579 1097 718 1152 communi
737 1096 771 1151 de
790 1114 846 1152 uno
864 1097 1022 1152 centenario
1040 1096 1136 1152 decem
1148 1113 1307 1168 yperperos,
1326 1092 1394 1152 civis

151 1189 244 1238 autem
263 1183 387 1238 bannum
405 1182 553 1238 duodecim
571 1191 790 1250 romanatorum;
815 1185 843 1238 in
861 1182 1006 1239 vindemiis
1024 1184 1118 1238 nullus
1139 1191 1247 1255 partem
1265 1185 1309 1238 sni
1328 1184 1395 1240 socii

151 1277 234 1338 emat,
253 1287 334 1325 snam
352 1277 459 1342 partem
478 1271 574 1326 aderat
591 1277 619 1326 et
642 1277 749 1343 partem
774 1271 841 1326 socii
860 1271 1045 1342 derebnquat;
1065 1271 1190 1326 similiter
1208 1272 1255 1342 qui
1274 1271 1394 1326 frumen-

151 1365 212 1412 tum
230 1358 359 1424 attulerit,
378 1357 423 1413 hic
440 1357 541 1412 vendat
560 1363 587 1412 et
610 1365 689 1412 extra
706 1375 761 1414 non
789 1363 889 1429 portet,
908 1359 955 1428 qui
974 1357 1052 1412 aliter
1069 1357 1164 1413 fecerit
1181 1357 1272 1412 solvat
1289 1357 1395 1412 barrum

151 1445 186 1500 12
204 1451 370 1500 romanatos.
389 1445 528 1500 Preshiter
546 1444 675 1500 Sobanue
693 1447 816 1501 notanus
834 1445 951 1517 scripsit

204 1531 518 1586 Lucius:h1emoriedi
538 1532 622 1588 ilau-
640 1549 660 1601 p
679 1535 737 1587 191.

205 1636 320 1692 (lLVII.
339 1638 467 1708 SipnIae,
486 1641 528 1690 10.
541 1637 616 1692 Julil
628 1641 708 1691 1223.
722 1637 866 1693 Honorius
878 1637 925 1691 III
937 1653 1012 1708 papa
1023 1635 1210 1705 PrImogenito
1222 1634 1394 1690 subdiacono

152 1727 180 1778 et
196 1725 356 1794 praeposito
374 1723 553 1794 ragrahiensi,
573 1729 672 1778 exusta
690 1724 806 1779 eeclesia
823 1723 974 1778 cathedrali
992 1728 1020 1777 et
1037 1727 1150 1792 propter
1162 1722 1248 1777 exilee
1260 1722 1319 1776 eius
1332 1739 1395 1792 pro-

151 1898 283 1953 cultatem
301 1897 424 1968 largitu.

204 1985 335 2040 Kalena:
355 1986 462 2040 notor.
481 1986 543 2039 ers't.
567 1983 597 2054 V,
618 1988 675 2041 410.
692 1983 789 2052 Fey'er:
809 1983 875 2040 Ood.
893 1983 1007 2052 dt'plom.
1026 1986 1082 2052 III,
1098 2001 1128 2053 p.
1148 1986 1210 2046 416,

205 2088 336 2144 CLVIII.
361 2089 491 2161 Siculae,
515 2093 554 2144 11.
579 2089 653 2142 ιΙιιῑὶί
676 2091 754 2143 1223.
779 2087 924 2144 Honorius
948 2087 994 2142 III
1019 2105 1095 2159 papa
1117 2093 1231 2158 accepto
1255 2087 1393 2142 nuntios

151 2177 284 2246 magistro
303 2176 490 2246 Primogenito
508 2175 678 2231 subdiacono
696 2193 748 2230 suo
766 2183 794 2231 et
812 2176 971 2247 praeposito
989 2175 1161 2245 aagrabiensi
1179 2192 1212 2229 ac
1224 2173 1346 2246 capitulo
1358 2172 1395 2228 de

152 2264 281 2330 Chesma,
299 2264 376 2334 quod
393 2264 579 2333 aagrabieusis
604 2265 752 2335 episeopus
780 2263 960 2334 (Stephanus)
984 2263 1129 2318 ecclesiam
1152 2262 1243 2332 ipsam
1264 2259 1392 2315 incendio

152 2351 331 2417 devastasset,
355 2349 534 2406 homicidium
559 2357 751 2422 perpetrasset,
771 2357 799 2405 et
816 2367 867 2422 pro
890 2351 1037 2405 iniectione
1054 2365 1189 2404 manuum
1206 2349 1235 2402 in
1256 2347 1394 2418 quosdam

151 2439 240 2509 ipsius
258 2438 390 2494 eeclesiae
408 2438 556 2492 canonicos
574 2438 702 2504 violenta,
720 2438 832 2493 viuculo
844 2437 1136 2492 excommunicationis
1148 2436 1286 2502 astrIotus,
1299 2433 1394 2488 divina

151 2531 255 2581 amere
273 2525 459 2591 celebraverit,
477 2524 660 2579 absolutionis
685 2525 819 2579 beneficio
843 2541 900 2579 non
919 2525 1040 2590 obtento,
1059 2523 1209 2593 multisque
1227 2522 1288 2576 aliis
1306 2521 1396 2575 orimi-

152 2611 236 2666 nibua
265 2613 403 2680 irretitus,
434 2611 579 2668 committit
610 2611 757 2666 abbatibus
785 2627 807 2664 s.
835 2610 941 2680 Egidii,
972 2626 993 2664 s.
1022 2609 1123 2665 Jacobi
1152 2615 1180 2664 et
1204 2625 1225 2662 s.
1249 2609 1324 2663 Petri
1349 2606 1395 2675 (de

151 2699 270 2769 Posega)
288 2699 493 2770 vesprimiensis
512 2705 540 2753 et
557 2698 853 2769 quinqueeeclesiensis
871 2698 1006 2754 dioecesis
1025 2713 1110 2769 super
1127 2696 1287 2767 praemissis
1304 2695 1395 2764 inqui·

152 2787 287 2842 altionem.
307 2785 362 2842 Sed
381 2787 453 2840 sicut
469 2785 560 2840 dictus
584 2785 759 2857 praepositus
783 2801 872 2856 nuper
890 2785 1027 2855 exposuit,
1048 2783 1112 2838 linet
1136 2783 1253 2854 praefati
1275 2781 1391 2836 abbates

151 2875 179 2928 ia
207 2874 320 2943 negotio
347 2872 492 2943 diligenter
519 2873 710 2944 processerint,
738 2871 886 2927 referentes
914 2871 1031 2926 fideliter
1048 2869 1107 2924 sedi
1126 2869 1302 2940 apostolicae,
1324 2883 1396 2938 quae

152 2961 331 3028 invenerunt,
362 2959 545 3031 praefigentes
575 2959 702 3031 partibus
730 2960 892 3026 terminum,
922 2974 979 3027 quo
1009 2973 1039 3011 se
1068 2955 1230 3026 conspectui
1257 2955 1396 3026 pontificis

152 3053 331 3118 praesentare
353 3046 515 3102 debuissent
522 3066 529 3114 ς
554 3047 701 3102 accedente
726 3047 884 3118 praeposito
908 3061 972 3100 cum
990 3042 1158 3113 quibusdam
1182 3042 1240 3095 suis
1259 3057 1395 3095 concano-

152 3135 222 3188 nicis
240 3134 276 3188 ad
295 3133 390 3190 aedem
408 3135 597 3206 apostolicam,
615 3141 784 3190 memoratus
802 3141 894 3188 tamen
911 3133 1066 3203 epiecopus,
1085 3136 1183 3200 utpote
1201 3128 1255 3182 sibi
1267 3127 1396 3182 conscius

151 3237 204 3276 nec
222 3222 298 3276 venit
314 3237 366 3276 nec
383 3223 458 3275 misit
482 3221 602 3292 aliquem
620 3221 822 3292 responsalem3
846 3219 962 3273 mandat
979 3219 1062 3288 igitur
1079 3216 1161 3271 dictis
1185 3213 1342 3280 abbatibus,
1364 3217 1396 3266 ut

150 3309 246 3380 Ipsum
264 3309 425 3379 episcopum
450 3315 558 3380 cogant,
577 3315 609 3362 ut
625 3309 653 3362 in
672 3309 743 3363 festo
758 3307 908 3362 nativitatis
926 3305 1081 3361 dominicae
1100 3303 1224 3374 proxima
1240 3302 1334 3356 intuo
1347 3315 1396 3370 per

152 3411 183 3449 se
194 3396 240 3450 vel
251 3411 301 3466 per
313 3394 444 3451 idoneum
456 3396 644 3466 responsalem
664 3411 715 3451 suo
728 3411 758 3451 se
776 3394 936 3465 conspectui
954 3397 1118 3464 praesentet

204 3485 321 3538 Kalena
339 3483 357 3538 l.
376 3500 398 3539 c.
413 3501 445 3554 p.
464 3487 528 3537 408.
547 3481 645 3547 Fater:
666 3484 756 3539 Oodec
773 3482 843 3552 dipl.
861 3481 920 3548 III,
937 3497 965 3550 p.
987 3483 1045 3532 116.
1064 3477 1192 3534 Forlati:
1217 3475 1300 3546 Illyr.
1323 3489 1396 3530 sacr.

155 3570 187 3637 V,
210 3575 273 3625 εει.

205 3693 306 3750 CLIX.
325 3695 452 3766 Signiae,
472 3697 516 3748 27.
534 3693 609 3750 luzis·
625 3697 702 3750 1223.
721 3691 865 3747 Honorius
883 3689 930 3745 111
948 3707 1022 3762 papa
1037 3687 1173 3744 Guneello
1186 3685 1394 3756 archiepiscopo

151 3781 274 3850 mandat,
294 3789 325 3836 ut
342 3782 472 3837 abbatem
490 3781 649 3836 monasterii
667 3797 688 3833 s.
708 3779 843 3849 Stephani
861 3777 896 3832 de
915 3776 1031 3848 Spalato
1049 3794 1084 3832 ex
1103 3792 1145 3842 eo,
1164 3771 1240 3844 quod
1258 3771 1306 3826 illo
1319 3769 1394 3842 apud

153 3871 249 3926 sedem
272 3870 453 3941 apostolicam
475 3869 634 3934 constituto,
660 3883 709 3938 per
732 3866 885 3936 capitulum
908 3865 969 3934 ejus
994 3863 1231 3919 confirmationem
1256 3857 1396 3913 electionis

153 3958 311 4014 obtinuerat
328 3963 356 4012 et
375 3973 425 4028 per
443 3957 633 4025 suffraganeos
652 3954 782 4008 ecclesiae
801 3952 965 4024 spalatensis
983 3967 1085 4006 munus
1107 3947 1306 4004 benedictionis
1319 3959 1396 3999 acce·

18 4090 38 4118 ,
153 4045 225 4116 pen‘t
241 4061 299 4099 non
316 4043 452 4110 molestet,
470 4044 536 4115 qma
554 4042 583 4097 id
599 4042 628 4096 in
647 4045 836 4110 contemptum
854 4040 914 4094 eius
932 4037 1036 4094 factum
1055 4055 1111 4094 non
1130 4036 1227 4092 extitit

8 4687 49 4726 ν

204 4131 344 4186 Farlolta':
363 4131 445 4201 Illyr.
462 4146 532 4185 socr.
554 4129 583 4184 Τ.
601 4129 657 4196 ΙΙΙ,
672 4145 703 4198 p.
722 4131 783 4181 254.

205 4237 292 4291 CLII.
311 4237 440 4308 SIpniaa,
458 4239 502 4291 27.
521 4235 596 4290 lotii
608 4237 684 4290 1223.
696 4233 840 4288 Honorius
852 4231 897 4286 III
911 4247 984 4302 papa
996 4229 1120 4283 notificat
1131 4227 1264 4296 magistro
1276 4221 1395 4277 Acontio

153 4323 297 4395 capellano
316 4329 350 4378 et
361 4323 454 4393 legato
478 4339 538 4388 auo,
562 4322 638 4391 quod
664 4339 713 4392 per
737 4319 904 4376 Guneellum
923 4319 1038 4374 electum
1058 4317 1124 4372 olim
1142 4315 1329 4386 spalatensem
1346 4325 1396 4380 per

154 4413 257 4484 scripta
275 4428 326 4466 sua
343 4409 521 4476 mandaverit,
541 4409 623 4476 utel,
642 4425 724 4479 quem
742 4408 869 4462 restituta
887 4406 938 4460 sibi
957 4405 1044 4474 gratia
1057 4420 1116 4467 sua,
1135 4401 1240 4457 remisit
1258 4397 1293 4453 ad
1310 4395 1396 4452 eccle·

153 4499 222 4554 siam
240 4499 435 4570 spalatensem,
453 4497 568 4569 pallium
592 4495 698 4550 dudum
720 4495 913 4549 transmissum
931 4493 990 4546 sine
1017 4507 1095 4546 mora
1121 4487 1220 4554 madet,
1248 4501 1305 4540 una
1332 4500 1396 4540 cum

153 4585 230 4642 bulla
247 4587 407 4658 pontificali,
425 4593 452 4639 et
467 4586 656 4652 juramentum
673 4582 812 4636 fidelitatis
831 4581 867 4636 ab
886 4597 919 4635 eo
937 4579 1058 4649 recipiat.

204 4675 337 4731 Farlotl:
355 4673 436 4744 illyr.
456 4689 527 4728 sacr.
550 4673 577 4725 Τ.
598 4671 657 4741 ΠΙ,
677 4674 739 4722 251.
1271 4749 1293 4811 4
