<?xml version="1.0" encoding="UTF-8"?>
<!DOCTYPE html PUBLIC "-//W3C//DTD XHTML 1.0 Transitional//EN"
    "http://www.w3.org/TR/xhtml1/DTD/xhtml1-transitional.dtd">
<html xmlns="http://www.w3.org/1999/xhtml" xml:lang="en" lang="en">
 <head>
  <title>
</title>
<meta http-equiv="Content-Type" content="text/html;charset=utf-8" />
  <meta name='ocr-system' content='tesseract 3.04.00' />
  <meta name='ocr-capabilities' content='ocr_page ocr_carea ocr_par ocr_line ocrx_word'/>
</head>
<body>
  <div class='ocr_page' id='page_1' title='image "./regestadocument00sakcgoog_0399.png"; bbox 0 0 3376 5350; ppageno 0'>
   <div class='ocr_carea' id='block_1_1' title="bbox 686 371 1384 436">
    <p class='ocr_par' dir='ltr' id='par_1_1' title="bbox 686 371 1384 436">
     <span class='ocr_line' id='line_1_1' title="bbox 686 371 1384 436; baseline -0.001 -16"><span class='ocrx_word' id='word_1_1' title='bbox 686 379 833 422; x_wconf 78' lang='lat' dir='ltr'><strong>assuens.</strong></span> <span class='ocrx_word' id='word_1_2' title='bbox 1320 371 1384 436; x_wconf 78' lang='lat'><strong>395</strong></span> 
     </span>
    </p>
   </div>
   <div class='ocr_carea' id='block_1_2' title="bbox 139 558 1388 2292">
    <p class='ocr_par' dir='ltr' id='par_1_2' title="bbox 139 558 1388 2292">
     <span class='ocr_line' id='line_1_2' title="bbox 141 558 1385 632; baseline 0 -18"><span class='ocrx_word' id='word_1_3' title='bbox 141 575 251 614; x_wconf 88' lang='lat' dir='ltr'><strong>cursum</strong></span> <span class='ocrx_word' id='word_1_4' title='bbox 277 561 399 614; x_wconf 88' lang='lat' dir='ltr'><strong>eiusdem</strong></span> <span class='ocrx_word' id='word_1_5' title='bbox 424 558 500 614; x_wconf 79' lang='lat' dir='ltr'><strong>fluvii</strong></span> <span class='ocrx_word' id='word_1_6' title='bbox 519 565 672 614; x_wconf 85' lang='lat' dir='ltr'><strong>cometatur</strong></span> <span class='ocrx_word' id='word_1_7' title='bbox 689 563 778 614; x_wconf 88' lang='lat' dir='ltr'><strong>terrae</strong></span> <span class='ocrx_word' id='word_1_8' title='bbox 797 559 948 614; x_wconf 76' lang='lat' dir='ltr'><strong>Alexandri</strong></span> <span class='ocrx_word' id='word_1_9' title='bbox 963 559 1015 614; x_wconf 73' lang='lat' dir='ltr'><strong>‘filii</strong></span> <span class='ocrx_word' id='word_1_10' title='bbox 1035 559 1138 614; x_wconf 85' lang='lat' dir='ltr'><strong>Obrsni</strong></span> <span class='ocrx_word' id='word_1_11' title='bbox 1158 565 1185 614; x_wconf 90' lang='lat' dir='ltr'><strong>et</strong></span> <span class='ocrx_word' id='word_1_12' title='bbox 1203 560 1385 632; x_wconf 87' lang='lat' dir='ltr'><strong>perlongum</strong></span> 
     </span>
     <span class='ocr_line' id='line_1_3' title="bbox 141 645 1387 718; baseline 0 -16"><span class='ocrx_word' id='word_1_13' title='bbox 141 649 261 718; x_wconf 87' lang='lat' dir='ltr'><strong>spatium</strong></span> <span class='ocrx_word' id='word_1_14' title='bbox 272 648 347 702; x_wconf 89' lang='lat' dir='ltr'><strong>cadit</strong></span> <span class='ocrx_word' id='word_1_15' title='bbox 358 649 386 702; x_wconf 92' lang='lat' dir='ltr'><strong>in</strong></span> <span class='ocrx_word' id='word_1_16' title='bbox 400 646 487 702; x_wconf 89' lang='lat' dir='ltr'><strong>alium</strong></span> <span class='ocrx_word' id='word_1_17' title='bbox 500 647 614 702; x_wconf 83' lang='lat' dir='ltr'><strong>flurium</strong></span> <span class='ocrx_word' id='word_1_18' title='bbox 628 647 788 702; x_wconf 86' lang='lat' dir='ltr'><strong>Lascouech</strong></span> <span class='ocrx_word' id='word_1_19' title='bbox 802 647 848 701; x_wconf 90' lang='lat' dir='ltr'><strong>ubi</strong></span> <span class='ocrx_word' id='word_1_20' title='bbox 861 651 926 702; x_wconf 91' lang='lat' dir='ltr'><strong>sunt</strong></span> <span class='ocrx_word' id='word_1_21' title='bbox 940 645 1016 701; x_wconf 92' lang='lat' dir='ltr'><strong>dumi</strong></span> <span class='ocrx_word' id='word_1_22' title='bbox 1030 647 1224 715; x_wconf 77' lang='lat' dir='ltr'><strong>avellanarum,</strong></span> <span class='ocrx_word' id='word_1_23' title='bbox 1239 665 1256 702; x_wconf 89' lang='lat' dir='ltr'><strong>a</strong></span> <span class='ocrx_word' id='word_1_24' title='bbox 1268 649 1387 703; x_wconf 88' lang='lat' dir='ltr'><strong>sinistris</strong></span> 
     </span>
     <span class='ocr_line' id='line_1_4' title="bbox 140 735 1388 806; baseline 0.001 -17"><span class='ocrx_word' id='word_1_25' title='bbox 140 742 212 790; x_wconf 88' lang='lat' dir='ltr'><strong>terra</strong></span> <span class='ocrx_word' id='word_1_26' title='bbox 224 735 434 805; x_wconf 78' lang='lat' dir='ltr'><strong>generationum</strong></span> <span class='ocrx_word' id='word_1_27' title='bbox 447 735 652 790; x_wconf 89' lang='lat' dir='ltr'><strong>Varatimiriehi</strong></span> <span class='ocrx_word' id='word_1_28' title='bbox 671 740 699 788; x_wconf 92' lang='lat' dir='ltr'><strong>et</strong></span> <span class='ocrx_word' id='word_1_29' title='bbox 717 751 766 805; x_wconf 89' lang='lat' dir='ltr'><strong>per</strong></span> <span class='ocrx_word' id='word_1_30' title='bbox 783 735 898 806; x_wconf 83' lang='lat' dir='ltr'><strong>longum</strong></span> <span class='ocrx_word' id='word_1_31' title='bbox 912 735 1035 806; x_wconf 79' lang='lat' dir='ltr'><strong>spacium</strong></span> <span class='ocrx_word' id='word_1_32' title='bbox 1055 735 1130 792; x_wconf 83' lang='lat' dir='ltr'><strong>cadit</strong></span> <span class='ocrx_word' id='word_1_33' title='bbox 1146 736 1174 788; x_wconf 90' lang='lat' dir='ltr'><strong>in</strong></span> <span class='ocrx_word' id='word_1_34' title='bbox 1193 735 1308 790; x_wconf 87' lang='lat' dir='ltr'><strong>fltrvium</strong></span> <span class='ocrx_word' id='word_1_35' title='bbox 1327 735 1388 790; x_wconf 86' lang='lat' dir='ltr'><strong>Ru·</strong></span> 
     </span>
     <span class='ocr_line' id='line_1_5' title="bbox 141 821 1387 894; baseline 0 -18"><span class='ocrx_word' id='word_1_36' title='bbox 141 823 198 878; x_wconf 81' lang='lat' dir='ltr'><strong>t‘oin</strong></span> <span class='ocrx_word' id='word_1_37' title='bbox 217 830 245 878; x_wconf 89' lang='lat' dir='ltr'><strong>et</strong></span> <span class='ocrx_word' id='word_1_38' title='bbox 263 823 312 893; x_wconf 83' lang='lat' dir='ltr'><strong>per</strong></span> <span class='ocrx_word' id='word_1_39' title='bbox 330 824 419 878; x_wconf 76' lang='lat' dir='ltr'><strong>vanas</strong></span> <span class='ocrx_word' id='word_1_40' title='bbox 438 830 525 878; x_wconf 87' lang='lat' dir='ltr'><strong>metas</strong></span> <span class='ocrx_word' id='word_1_41' title='bbox 543 823 578 877; x_wconf 91' lang='lat' dir='ltr'><strong>ad</strong></span> <span class='ocrx_word' id='word_1_42' title='bbox 597 822 722 894; x_wconf 90' lang='lat' dir='ltr'><strong>primam.</strong></span> <span class='ocrx_word' id='word_1_43' title='bbox 741 823 841 876; x_wconf 80' lang='lat' dir='ltr'><strong>Terrae</strong></span> <span class='ocrx_word' id='word_1_44' title='bbox 860 829 952 877; x_wconf 87' lang='lat' dir='ltr'><strong>autem</strong></span> <span class='ocrx_word' id='word_1_45' title='bbox 972 821 1124 894; x_wconf 86' lang='lat' dir='ltr'><strong>Thoplicha</strong></span> <span class='ocrx_word' id='word_1_46' title='bbox 1137 823 1165 876; x_wconf 90' lang='lat' dir='ltr'><strong>in</strong></span> <span class='ocrx_word' id='word_1_47' title='bbox 1179 822 1326 893; x_wconf 86' lang='lat' dir='ltr'><strong>Podgorya</strong></span> <span class='ocrx_word' id='word_1_48' title='bbox 1347 825 1387 878; x_wconf 91' lang='lat' dir='ltr'><strong>in·</strong></span> 
     </span>
     <span class='ocr_line' id='line_1_6' title="bbox 142 905 1385 980; baseline 0 -16"><span class='ocrx_word' id='word_1_49' title='bbox 142 909 208 980; x_wconf 84' lang='lat' dir='ltr'><strong>cipit</strong></span> <span class='ocrx_word' id='word_1_50' title='bbox 228 917 300 964; x_wconf 88' lang='lat' dir='ltr'><strong>meta</strong></span> <span class='ocrx_word' id='word_1_51' title='bbox 319 925 515 980; x_wconf 87' lang='lat' dir='ltr'><strong>superaquam</strong></span> <span class='ocrx_word' id='word_1_52' title='bbox 528 909 690 979; x_wconf 86' lang='lat' dir='ltr'><strong>Tboplicha,</strong></span> <span class='ocrx_word' id='word_1_53' title='bbox 715 909 762 964; x_wconf 91' lang='lat' dir='ltr'><strong>ubi</strong></span> <span class='ocrx_word' id='word_1_54' title='bbox 780 909 956 979; x_wconf 82' lang='lat' dir='ltr'><strong>coniungitur</strong></span> <span class='ocrx_word' id='word_1_55' title='bbox 968 925 1041 979; x_wconf 90' lang='lat' dir='ltr'><strong>aqua</strong></span> <span class='ocrx_word' id='word_1_56' title='bbox 1061 905 1335 976; x_wconf 85' lang='lat' dir='ltr'><strong>Rascha‚&#39;declinans</strong></span> <span class='ocrx_word' id='word_1_57' title='bbox 1357 911 1385 964; x_wconf 91' lang='lat' dir='ltr'><strong>in</strong></span> 
     </span>
     <span class='ocr_line' id='line_1_7' title="bbox 142 995 1386 1068; baseline 0 -16"><span class='ocrx_word' id='word_1_58' title='bbox 142 1003 231 1068; x_wconf 89' lang='lat' dir='ltr'><strong>portu,</strong></span> <span class='ocrx_word' id='word_1_59' title='bbox 245 997 320 1052; x_wconf 87' lang='lat' dir='ltr'><strong>venit</strong></span> <span class='ocrx_word' id='word_1_60' title='bbox 328 995 364 1052; x_wconf 89' lang='lat' dir='ltr'><strong>ad</strong></span> <span class='ocrx_word' id='word_1_61' title='bbox 374 998 458 1062; x_wconf 84' lang='lat' dir='ltr'><strong>viam;</strong></span> <span class='ocrx_word' id='word_1_62' title='bbox 470 995 621 1052; x_wconf 84' lang='lat' dir='ltr'><strong>ascendens</strong></span> <span class='ocrx_word' id='word_1_63' title='bbox 634 997 661 1050; x_wconf 91' lang='lat' dir='ltr'><strong>in</strong></span> <span class='ocrx_word' id='word_1_64' title='bbox 674 1001 796 1052; x_wconf 90' lang='lat' dir='ltr'><strong>montem</strong></span> <span class='ocrx_word' id='word_1_65' title='bbox 807 996 919 1050; x_wconf 85' lang='lat' dir='ltr'><strong>Vidoua</strong></span> <span class='ocrx_word' id='word_1_66' title='bbox 929 996 1043 1065; x_wconf 83' lang='lat' dir='ltr'><strong>goricha</strong></span> <span class='ocrx_word' id='word_1_67' title='bbox 1052 997 1099 1051; x_wconf 94' lang='lat' dir='ltr'><strong>ubi</strong></span> <span class='ocrx_word' id='word_1_68' title='bbox 1112 1015 1129 1050; x_wconf 90' lang='lat' dir='ltr'><strong>a</strong></span> <span class='ocrx_word' id='word_1_69' title='bbox 1141 996 1257 1051; x_wconf 90' lang='lat' dir='ltr'><strong>meridie</strong></span> <span class='ocrx_word' id='word_1_70' title='bbox 1267 1013 1386 1052; x_wconf 88' lang='lat' dir='ltr'><strong>comme-</strong></span> 
     </span>
     <span class='ocr_line' id='line_1_8' title="bbox 141 1082 1386 1155; baseline 0 -17"><span class='ocrx_word' id='word_1_71' title='bbox 141 1091 215 1138; x_wconf 86' lang='lat' dir='ltr'><strong>tatur</strong></span> <span class='ocrx_word' id='word_1_72' title='bbox 224 1089 312 1138; x_wconf 82' lang='lat' dir='ltr'><strong>terrae</strong></span> <span class='ocrx_word' id='word_1_73' title='bbox 322 1083 437 1154; x_wconf 84' lang='lat' dir='ltr'><strong>Bogdan</strong></span> <span class='ocrx_word' id='word_1_74' title='bbox 448 1091 476 1138; x_wconf 91' lang='lat' dir='ltr'><strong>et</strong></span> <span class='ocrx_word' id='word_1_75' title='bbox 485 1085 596 1155; x_wconf 84' lang='lat' dir='ltr'><strong>Dragos</strong></span> <span class='ocrx_word' id='word_1_76' title='bbox 613 1083 731 1137; x_wconf 87' lang='lat' dir='ltr'><strong>filiorum</strong></span> <span class='ocrx_word' id='word_1_77' title='bbox 744 1082 877 1150; x_wconf 85' lang='lat' dir='ltr'><strong>Radizlai,</strong></span> <span class='ocrx_word' id='word_1_78' title='bbox 891 1090 918 1138; x_wconf 89' lang='lat' dir='ltr'><strong>et</strong></span> <span class='ocrx_word' id='word_1_79' title='bbox 930 1083 1020 1138; x_wconf 90' lang='lat' dir='ltr'><strong>tendit</strong></span> <span class='ocrx_word' id='word_1_80' title='bbox 1032 1083 1068 1138; x_wconf 91' lang='lat' dir='ltr'><strong>ad</strong></span> <span class='ocrx_word' id='word_1_81' title='bbox 1080 1086 1302 1154; x_wconf 85' lang='lat' dir='ltr'><strong>promontorium</strong></span> <span class='ocrx_word' id='word_1_82' title='bbox 1315 1085 1386 1139; x_wconf 89' lang='lat' dir='ltr'><strong>eius·</strong></span> 
     </span>
     <span class='ocr_line' id='line_1_9' title="bbox 141 1170 1386 1243; baseline 0 -17"><span class='ocrx_word' id='word_1_83' title='bbox 141 1171 203 1226; x_wconf 86' lang='lat' dir='ltr'><strong>dem</strong></span> <span class='ocrx_word' id='word_1_84' title='bbox 217 1171 318 1226; x_wconf 90' lang='lat' dir='ltr'><strong>montis</strong></span> <span class='ocrx_word' id='word_1_85' title='bbox 331 1177 358 1226; x_wconf 88' lang='lat' dir='ltr'><strong>et</strong></span> <span class='ocrx_word' id='word_1_86' title='bbox 370 1189 387 1226; x_wconf 88' lang='lat' dir='ltr'><strong>a</strong></span> <span class='ocrx_word' id='word_1_87' title='bbox 400 1171 516 1226; x_wconf 88' lang='lat' dir='ltr'><strong>meridie</strong></span> <span class='ocrx_word' id='word_1_88' title='bbox 527 1177 710 1226; x_wconf 81' lang='lat' dir='ltr'><strong>commutatur</strong></span> <span class='ocrx_word' id='word_1_89' title='bbox 722 1179 809 1226; x_wconf 88' lang='lat' dir='ltr'><strong>terrae</strong></span> <span class='ocrx_word' id='word_1_90' title='bbox 822 1171 930 1226; x_wconf 87' lang='lat' dir='ltr'><strong>comitis</strong></span> <span class='ocrx_word' id='word_1_91' title='bbox 942 1170 1075 1240; x_wconf 84' lang='lat' dir='ltr'><strong>deizlai,</strong></span> <span class='ocrx_word' id='word_1_92' title='bbox 1089 1189 1172 1242; x_wconf 90' lang='lat' dir='ltr'><strong>quam</strong></span> <span class='ocrx_word' id='word_1_93' title='bbox 1187 1173 1357 1243; x_wconf 86' lang='lat' dir='ltr'><strong>comparavit</strong></span> <span class='ocrx_word' id='word_1_94' title='bbox 1370 1190 1386 1226; x_wconf 93' lang='lat' dir='ltr'><strong>a</strong></span> 
     </span>
     <span class='ocr_line' id='line_1_10' title="bbox 141 1257 1385 1330; baseline 0.001 -16"><span class='ocrx_word' id='word_1_95' title='bbox 141 1257 308 1328; x_wconf 82' lang='lat' dir='ltr'><strong>Vechedrag</strong></span> <span class='ocrx_word' id='word_1_96' title='bbox 323 1259 362 1314; x_wconf 90' lang='lat' dir='ltr'><strong>de</strong></span> <span class='ocrx_word' id='word_1_97' title='bbox 379 1257 498 1325; x_wconf 80' lang='lat' dir='ltr'><strong>Rnscha,</strong></span> <span class='ocrx_word' id='word_1_98' title='bbox 517 1265 545 1313; x_wconf 91' lang='lat' dir='ltr'><strong>et</strong></span> <span class='ocrx_word' id='word_1_99' title='bbox 563 1260 688 1330; x_wconf 86' lang='lat' dir='ltr'><strong>pervenit</strong></span> <span class='ocrx_word' id='word_1_100' title='bbox 705 1259 739 1314; x_wconf 86' lang='lat' dir='ltr'><strong>ad</strong></span> <span class='ocrx_word' id='word_1_101' title='bbox 759 1259 908 1330; x_wconf 87' lang='lat' dir='ltr'><strong>quemdam</strong></span> <span class='ocrx_word' id='word_1_102' title='bbox 927 1265 1058 1328; x_wconf 90' lang='lat' dir='ltr'><strong>montem,</strong></span> <span class='ocrx_word' id='word_1_103' title='bbox 1073 1267 1100 1314; x_wconf 91' lang='lat' dir='ltr'><strong>et</strong></span> <span class='ocrx_word' id='word_1_104' title='bbox 1114 1275 1210 1314; x_wconf 84' lang='lat' dir='ltr'><strong>versus</strong></span> <span class='ocrx_word' id='word_1_105' title='bbox 1227 1260 1385 1329; x_wconf 77' lang='lat' dir='ltr'><strong>aquilonem</strong></span> 
     </span>
     <span class='ocr_line' id='line_1_11' title="bbox 141 1345 1385 1402; baseline 0.002 -2"><span class='ocrx_word' id='word_1_106' title='bbox 141 1345 285 1400; x_wconf 87' lang='lat' dir='ltr'><strong>descendit</strong></span> <span class='ocrx_word' id='word_1_107' title='bbox 302 1346 331 1400; x_wconf 92' lang='lat' dir='ltr'><strong>in</strong></span> <span class='ocrx_word' id='word_1_108' title='bbox 350 1345 448 1402; x_wconf 83' lang='lat' dir='ltr'><strong>vallem</strong></span> <span class='ocrx_word' id='word_1_109' title='bbox 469 1346 506 1400; x_wconf 90' lang='lat' dir='ltr'><strong>ad</strong></span> <span class='ocrx_word' id='word_1_110' title='bbox 525 1346 640 1400; x_wconf 85' lang='lat' dir='ltr'><strong>fluvium</strong></span> <span class='ocrx_word' id='word_1_111' title='bbox 659 1345 777 1400; x_wconf 86' lang='lat' dir='ltr'><strong>Raacha.</strong></span> <span class='ocrx_word' id='word_1_112' title='bbox 796 1346 945 1400; x_wconf 83' lang='lat' dir='ltr'><strong>Transians</strong></span> <span class='ocrx_word' id='word_1_113' title='bbox 964 1347 1078 1402; x_wconf 86' lang='lat' dir='ltr'><strong>fluvium</strong></span> <span class='ocrx_word' id='word_1_114' title='bbox 1103 1347 1178 1402; x_wconf 85' lang='lat' dir='ltr'><strong>vadit</strong></span> <span class='ocrx_word' id='word_1_115' title='bbox 1203 1347 1239 1402; x_wconf 90' lang='lat' dir='ltr'><strong>ad</strong></span> <span class='ocrx_word' id='word_1_116' title='bbox 1262 1352 1385 1402; x_wconf 87' lang='lat' dir='ltr'><strong>montem</strong></span> 
     </span>
     <span class='ocr_line' id='line_1_12' title="bbox 139 1421 1385 1505; baseline 0 -17"><span class='ocrx_word' id='word_1_117' title='bbox 139 1421 278 1500; x_wconf 77' lang='lat' dir='ltr'><strong>(lacliclra,</strong></span> <span class='ocrx_word' id='word_1_118' title='bbox 296 1441 324 1488; x_wconf 90' lang='lat' dir='ltr'><strong>et</strong></span> <span class='ocrx_word' id='word_1_119' title='bbox 342 1451 425 1504; x_wconf 89' lang='lat' dir='ltr'><strong>super</strong></span> <span class='ocrx_word' id='word_1_120' title='bbox 444 1433 529 1488; x_wconf 87' lang='lat' dir='ltr'><strong>alimn</strong></span> <span class='ocrx_word' id='word_1_121' title='bbox 552 1440 675 1488; x_wconf 88' lang='lat' dir='ltr'><strong>montem</strong></span> <span class='ocrx_word' id='word_1_122' title='bbox 694 1450 872 1489; x_wconf 88' lang='lat' dir='ltr'><strong>nemorosum</strong></span> <span class='ocrx_word' id='word_1_123' title='bbox 896 1440 924 1488; x_wconf 88' lang='lat' dir='ltr'><strong>et</strong></span> <span class='ocrx_word' id='word_1_124' title='bbox 942 1434 1124 1504; x_wconf 83' lang='lat' dir='ltr'><strong>perlongum</strong></span> <span class='ocrx_word' id='word_1_125' title='bbox 1148 1436 1274 1505; x_wconf 76' lang='lat' dir='ltr'><strong>spacium</strong></span> <span class='ocrx_word' id='word_1_126' title='bbox 1292 1433 1327 1488; x_wconf 86' lang='lat' dir='ltr'><strong>ad</strong></span> <span class='ocrx_word' id='word_1_127' title='bbox 1347 1435 1385 1488; x_wconf 87' lang='lat' dir='ltr'><strong>la-</strong></span> 
     </span>
     <span class='ocr_line' id='line_1_13' title="bbox 141 1519 1385 1592; baseline 0.002 -18"><span class='ocrx_word' id='word_1_128' title='bbox 141 1519 234 1591; x_wconf 89' lang='lat' dir='ltr'><strong>pidem</strong></span> <span class='ocrx_word' id='word_1_129' title='bbox 263 1523 386 1588; x_wconf 90' lang='lat' dir='ltr'><strong>rubrum,</strong></span> <span class='ocrx_word' id='word_1_130' title='bbox 414 1521 563 1592; x_wconf 74' lang='lat' dir='ltr'><strong>vulgariter</strong></span> <span class='ocrx_word' id='word_1_131' title='bbox 590 1523 702 1576; x_wconf 82' lang='lat' dir='ltr'><strong>cantani</strong></span> <span class='ocrx_word' id='word_1_132' title='bbox 731 1521 838 1576; x_wconf 88' lang='lat' dir='ltr'><strong>Kamen</strong></span> <span class='ocrx_word' id='word_1_133' title='bbox 868 1521 981 1576; x_wconf 89' lang='lat' dir='ltr'><strong>dictum.</strong></span> <span class='ocrx_word' id='word_1_134' title='bbox 1009 1522 1045 1576; x_wconf 92' lang='lat' dir='ltr'><strong>Et</strong></span> <span class='ocrx_word' id='word_1_135' title='bbox 1069 1539 1164 1576; x_wconf 86' lang='lat' dir='ltr'><strong>versus</strong></span> <span class='ocrx_word' id='word_1_136' title='bbox 1189 1523 1323 1576; x_wconf 84' lang='lat' dir='ltr'><strong>orientem</strong></span> <span class='ocrx_word' id='word_1_137' title='bbox 1350 1523 1385 1576; x_wconf 88' lang='lat' dir='ltr'><strong>ad</strong></span> 
     </span>
     <span class='ocr_line' id='line_1_14' title="bbox 141 1607 1383 1680; baseline 0 -18"><span class='ocrx_word' id='word_1_138' title='bbox 141 1607 281 1680; x_wconf 84' lang='lat' dir='ltr'><strong>qtmndam</strong></span> <span class='ocrx_word' id='word_1_139' title='bbox 300 1610 372 1664; x_wconf 71' lang='lat' dir='ltr'><strong>nam</strong></span> <span class='ocrx_word' id='word_1_140' title='bbox 391 1625 529 1678; x_wconf 85' lang='lat' dir='ltr'><strong>magnam,</strong></span> <span class='ocrx_word' id='word_1_141' title='bbox 548 1616 576 1664; x_wconf 87' lang='lat' dir='ltr'><strong>et</strong></span> <span class='ocrx_word' id='word_1_142' title='bbox 594 1625 643 1680; x_wconf 87' lang='lat' dir='ltr'><strong>per</strong></span> <span class='ocrx_word' id='word_1_143' title='bbox 661 1609 774 1680; x_wconf 87' lang='lat' dir='ltr'><strong>longum</strong></span> <span class='ocrx_word' id='word_1_144' title='bbox 793 1608 914 1679; x_wconf 87' lang='lat' dir='ltr'><strong>spatium</strong></span> <span class='ocrx_word' id='word_1_145' title='bbox 933 1608 1076 1664; x_wconf 87' lang='lat' dir='ltr'><strong>descendit</strong></span> <span class='ocrx_word' id='word_1_146' title='bbox 1095 1611 1123 1662; x_wconf 93' lang='lat' dir='ltr'><strong>in</strong></span> <span class='ocrx_word' id='word_1_147' title='bbox 1142 1609 1251 1673; x_wconf 88' lang='lat' dir='ltr'><strong>vallem,</strong></span> <span class='ocrx_word' id='word_1_148' title='bbox 1275 1615 1302 1664; x_wconf 89' lang='lat' dir='ltr'><strong>et</strong></span> <span class='ocrx_word' id='word_1_149' title='bbox 1322 1627 1383 1680; x_wconf 91' lang='lat' dir='ltr'><strong>per·</strong></span> 
     </span>
     <span class='ocr_line' id='line_1_15' title="bbox 140 1689 1385 1768; baseline 0 -18"><span class='ocrx_word' id='word_1_150' title='bbox 140 1697 216 1752; x_wconf 88' lang='lat' dir='ltr'><strong>veuit</strong></span> <span class='ocrx_word' id='word_1_151' title='bbox 234 1696 269 1752; x_wconf 90' lang='lat' dir='ltr'><strong>ad</strong></span> <span class='ocrx_word' id='word_1_152' title='bbox 288 1697 402 1750; x_wconf 85' lang='lat' dir='ltr'><strong>fluvium</strong></span> <span class='ocrx_word' id='word_1_153' title='bbox 421 1695 511 1766; x_wconf 88' lang='lat' dir='ltr'><strong>Zyuin</strong></span> <span class='ocrx_word' id='word_1_154' title='bbox 530 1703 558 1751; x_wconf 88' lang='lat' dir='ltr'><strong>et</strong></span> <span class='ocrx_word' id='word_1_155' title='bbox 571 1696 675 1750; x_wconf 87' lang='lat' dir='ltr'><strong>directe</strong></span> <span class='ocrx_word' id='word_1_156' title='bbox 693 1696 846 1766; x_wconf 78' lang='lat' dir='ltr'><strong>procedens</strong></span> <span class='ocrx_word' id='word_1_157' title='bbox 865 1696 938 1750; x_wconf 90' lang='lat' dir='ltr'><strong>cadit</strong></span> <span class='ocrx_word' id='word_1_158' title='bbox 955 1697 984 1750; x_wconf 91' lang='lat' dir='ltr'><strong>in</strong></span> <span class='ocrx_word' id='word_1_159' title='bbox 1003 1713 1104 1766; x_wconf 88' lang='lat' dir='ltr'><strong>aquam</strong></span> <span class='ocrx_word' id='word_1_160' title='bbox 1123 1696 1277 1768; x_wconf 83' lang='lat' dir='ltr'><strong>Thoplicba</strong></span> <span class='ocrx_word' id='word_1_161' title='bbox 1295 1703 1325 1752; x_wconf 89' lang='lat' dir='ltr'><strong>et</strong></span> <span class='ocrx_word' id='word_1_162' title='bbox 1335 1689 1385 1768; x_wconf 78' lang='lat' dir='ltr'><strong>per</strong></span> 
     </span>
     <span class='ocr_line' id='line_1_16' title="bbox 141 1783 1382 1856; baseline 0.001 -17"><span class='ocrx_word' id='word_1_163' title='bbox 141 1785 258 1840; x_wconf 87' lang='lat' dir='ltr'><strong>eandem</strong></span> <span class='ocrx_word' id='word_1_164' title='bbox 278 1784 439 1856; x_wconf 76' lang='lat' dir='ltr'><strong>procedens,</strong></span> <span class='ocrx_word' id='word_1_165' title='bbox 457 1785 602 1840; x_wconf 87' lang='lat' dir='ltr'><strong>revertitur</strong></span> <span class='ocrx_word' id='word_1_166' title='bbox 619 1783 655 1837; x_wconf 94' lang='lat' dir='ltr'><strong>ad</strong></span> <span class='ocrx_word' id='word_1_167' title='bbox 674 1784 808 1854; x_wconf 82' lang='lat' dir='ltr'><strong>angulum</strong></span> <span class='ocrx_word' id='word_1_168' title='bbox 829 1784 956 1854; x_wconf 82' lang='lat' dir='ltr'><strong>primum,</strong></span> <span class='ocrx_word' id='word_1_169' title='bbox 976 1784 1023 1838; x_wconf 90' lang='lat' dir='ltr'><strong>ubi</strong></span> <span class='ocrx_word' id='word_1_170' title='bbox 1042 1801 1115 1854; x_wconf 89' lang='lat' dir='ltr'><strong>aqua</strong></span> <span class='ocrx_word' id='word_1_171' title='bbox 1133 1783 1243 1838; x_wconf 86' lang='lat' dir='ltr'><strong>Rascha</strong></span> <span class='ocrx_word' id='word_1_172' title='bbox 1261 1783 1336 1838; x_wconf 91' lang='lat' dir='ltr'><strong>cadit</strong></span> <span class='ocrx_word' id='word_1_173' title='bbox 1354 1786 1382 1840; x_wconf 88' lang='lat' dir='ltr'><strong>in</strong></span> 
     </span>
     <span class='ocr_line' id='line_1_17' title="bbox 140 1871 1385 1945; baseline 0 -19"><span class='ocrx_word' id='word_1_174' title='bbox 140 1889 242 1942; x_wconf 82' lang='lat' dir='ltr'><strong>oqrram</strong></span> <span class='ocrx_word' id='word_1_175' title='bbox 260 1871 413 1942; x_wconf 84' lang='lat' dir='ltr'><strong>Thoplicha</strong></span> <span class='ocrx_word' id='word_1_176' title='bbox 432 1879 459 1926; x_wconf 90' lang='lat' dir='ltr'><strong>et</strong></span> <span class='ocrx_word' id='word_1_177' title='bbox 478 1873 517 1928; x_wconf 86' lang='lat' dir='ltr'><strong>sie</strong></span> <span class='ocrx_word' id='word_1_178' title='bbox 535 1871 697 1926; x_wconf 88' lang='lat' dir='ltr'><strong>terminatur</strong></span> <span class='ocrx_word' id='word_1_179' title='bbox 716 1887 813 1924; x_wconf 87' lang='lat' dir='ltr'><strong>cursus</strong></span> <span class='ocrx_word' id='word_1_180' title='bbox 831 1877 975 1925; x_wconf 86' lang='lat' dir='ltr'><strong>metarum.</strong></span> <span class='ocrx_word' id='word_1_181' title='bbox 995 1871 1219 1945; x_wconf 75' lang='lat' dir='ltr'><strong>Ileambulationi</strong></span> <span class='ocrx_word' id='word_1_182' title='bbox 1237 1871 1303 1926; x_wconf 89' lang='lat' dir='ltr'><strong>huic</strong></span> <span class='ocrx_word' id='word_1_183' title='bbox 1320 1873 1385 1926; x_wconf 87' lang='lat' dir='ltr'><strong>asti-</strong></span> 
     </span>
     <span class='ocr_line' id='line_1_18' title="bbox 141 1957 1386 2030; baseline 0 -16"><span class='ocrx_word' id='word_1_184' title='bbox 141 1967 233 2014; x_wconf 90' lang='lat' dir='ltr'><strong>terunt</strong></span> <span class='ocrx_word' id='word_1_185' title='bbox 252 1960 433 2030; x_wconf 75' lang='lat' dir='ltr'><strong>personaliter</strong></span> <span class='ocrx_word' id='word_1_186' title='bbox 451 1960 533 2014; x_wconf 84' lang='lat' dir='ltr'><strong>vicini</strong></span> <span class='ocrx_word' id='word_1_187' title='bbox 553 1965 581 2014; x_wconf 88' lang='lat' dir='ltr'><strong>et</strong></span> <span class='ocrx_word' id='word_1_188' title='bbox 600 1959 794 2014; x_wconf 87' lang='lat' dir='ltr'><strong>commetanci:</strong></span> <span class='ocrx_word' id='word_1_189' title='bbox 814 1958 973 2013; x_wconf 85' lang='lat' dir='ltr'><strong>Alexander</strong></span> <span class='ocrx_word' id='word_1_190' title='bbox 992 1957 1065 2012; x_wconf 86' lang='lat' dir='ltr'><strong>filius</strong></span> <span class='ocrx_word' id='word_1_191' title='bbox 1084 1958 1195 2024; x_wconf 86' lang='lat' dir='ltr'><strong>Obrani‚</strong></span> <span class='ocrx_word' id='word_1_192' title='bbox 1215 1959 1293 2013; x_wconf 87' lang='lat' dir='ltr'><strong>Leulr</strong></span> <span class='ocrx_word' id='word_1_193' title='bbox 1313 1960 1386 2017; x_wconf 82' lang='lat' dir='ltr'><strong>illius</strong></span> 
     </span>
     <span class='ocr_line' id='line_1_19' title="bbox 141 2034 1386 2116; baseline -0.003 -14"><span class='ocrx_word' id='word_1_194' title='bbox 141 2047 280 2112; x_wconf 87' lang='lat' dir='ltr'><strong>Velezlao,</strong></span> <span class='ocrx_word' id='word_1_195' title='bbox 300 2047 381 2100; x_wconf 80' lang='lat' dir='ltr'><strong>Maris</strong></span> <span class='ocrx_word' id='word_1_196' title='bbox 401 2045 474 2100; x_wconf 86' lang='lat' dir='ltr'><strong>filius</strong></span> <span class='ocrx_word' id='word_1_197' title='bbox 493 2045 586 2102; x_wconf 81' lang='lat' dir='ltr'><strong>Cherlr</strong></span> <span class='ocrx_word' id='word_1_198' title='bbox 605 2053 632 2102; x_wconf 88' lang='lat' dir='ltr'><strong>et</strong></span> <span class='ocrx_word' id='word_1_199' title='bbox 651 2047 722 2116; x_wconf 87' lang='lat' dir='ltr'><strong>Byta</strong></span> <span class='ocrx_word' id='word_1_200' title='bbox 740 2045 813 2100; x_wconf 87' lang='lat' dir='ltr'><strong>filius</strong></span> <span class='ocrx_word' id='word_1_201' title='bbox 837 2034 980 2100; x_wconf 78' lang='lat' dir='ltr'><strong>Thordosa</strong></span> <span class='ocrx_word' id='word_1_202' title='bbox 999 2045 1033 2100; x_wconf 87' lang='lat' dir='ltr'><strong>de</strong></span> <span class='ocrx_word' id='word_1_203' title='bbox 1056 2061 1155 2114; x_wconf 81' lang='lat' dir='ltr'><strong>genere</strong></span> <span class='ocrx_word' id='word_1_204' title='bbox 1181 2045 1386 2100; x_wconf 88' lang='lat' dir='ltr'><strong>Varatimiriehi</strong></span> 
     </span>
     <span class='ocr_line' id='line_1_20' title="bbox 142 2132 1385 2204; baseline -0.002 -14"><span class='ocrx_word' id='word_1_205' title='bbox 142 2141 169 2190; x_wconf 87' lang='lat' dir='ltr'><strong>et</strong></span> <span class='ocrx_word' id='word_1_206' title='bbox 187 2134 290 2204; x_wconf 84' lang='lat' dir='ltr'><strong>Wllroy</strong></span> <span class='ocrx_word' id='word_1_207' title='bbox 309 2134 382 2187; x_wconf 87' lang='lat' dir='ltr'><strong>filius</strong></span> <span class='ocrx_word' id='word_1_208' title='bbox 402 2133 498 2188; x_wconf 89' lang='lat' dir='ltr'><strong>Vrbau</strong></span> <span class='ocrx_word' id='word_1_209' title='bbox 513 2133 678 2204; x_wconf 78' lang='lat' dir='ltr'><strong>jobagiones</strong></span> <span class='ocrx_word' id='word_1_210' title='bbox 697 2134 779 2187; x_wconf 85' lang='lat' dir='ltr'><strong>castri</strong></span> <span class='ocrx_word' id='word_1_211' title='bbox 799 2132 833 2186; x_wconf 89' lang='lat' dir='ltr'><strong>de</strong></span> <span class='ocrx_word' id='word_1_212' title='bbox 851 2132 1001 2202; x_wconf 78' lang='lat' dir='ltr'><strong>Podgorya</strong></span> <span class='ocrx_word' id='word_1_213' title='bbox 1023 2149 1074 2202; x_wconf 89' lang='lat' dir='ltr'><strong>pro</strong></span> <span class='ocrx_word' id='word_1_214' title='bbox 1099 2133 1233 2188; x_wconf 85' lang='lat' dir='ltr'><strong>universis</strong></span> <span class='ocrx_word' id='word_1_215' title='bbox 1252 2132 1385 2204; x_wconf 76' lang='lat' dir='ltr'><strong>proximis</strong></span> 
     </span>
     <span class='ocr_line' id='line_1_21' title="bbox 142 2217 1008 2292; baseline -0.006 -16"><span class='ocrx_word' id='word_1_216' title='bbox 142 2229 170 2276; x_wconf 93' lang='lat' dir='ltr'><strong>et</strong></span> <span class='ocrx_word' id='word_1_217' title='bbox 188 2222 313 2292; x_wconf 85' lang='lat' dir='ltr'><strong>cognatis</strong></span> <span class='ocrx_word' id='word_1_218' title='bbox 332 2221 380 2290; x_wconf 93' lang='lat' dir='ltr'><strong>qui</strong></span> <span class='ocrx_word' id='word_1_219' title='bbox 399 2217 585 2275; x_wconf 87' lang='lat' dir='ltr'><strong>venditionem</strong></span> <span class='ocrx_word' id='word_1_220' title='bbox 604 2235 741 2274; x_wconf 84' lang='lat' dir='ltr'><strong>consensu</strong></span> <span class='ocrx_word' id='word_1_221' title='bbox 760 2236 811 2274; x_wconf 86' lang='lat' dir='ltr'><strong>suo</strong></span> <span class='ocrx_word' id='word_1_222' title='bbox 830 2219 1008 2274; x_wconf 86' lang='lat' dir='ltr'><strong>ratificamnt.</strong></span> 
     </span>
    </p>
   </div>
   <div class='ocr_carea' id='block_1_3' title="bbox 197 2313 1211 2396">
    <p class='ocr_par' dir='ltr' id='par_1_3' title="bbox 197 2313 1211 2396">
     <span class='ocr_line' id='line_1_22' title="bbox 197 2313 1211 2396; baseline -0.005 -13"><span class='ocrx_word' id='word_1_223' title='bbox 197 2313 347 2396; x_wconf 54' lang='lat' dir='ltr'><strong>Oripinole&#39;</strong></span> <span class='ocrx_word' id='word_1_224' title='bbox 359 2327 428 2380; x_wconf 87' lang='lat' dir='ltr'><strong>Duc.</strong></span> <span class='ocrx_word' id='word_1_225' title='bbox 448 2325 478 2379; x_wconf 81' lang='lat' dir='ltr'><strong>ia</strong></span> <span class='ocrx_word' id='word_1_226' title='bbox 497 2341 601 2396; x_wconf 70' lang='lat' dir='ltr'><strong>acapna</strong></span> <span class='ocrx_word' id='word_1_227' title='bbox 621 2329 701 2378; x_wconf 79' lang='lat' dir='ltr'><strong>carra</strong></span> <span class='ocrx_word' id='word_1_228' title='bbox 719 2341 899 2396; x_wconf 68' lang='lat' dir='ltr'><strong>perpunieneu</strong></span> <span class='ocrx_word' id='word_1_229' title='bbox 918 2325 950 2378; x_wconf 83' lang='lat' dir='ltr'><strong>ia</strong></span> <span class='ocrx_word' id='word_1_230' title='bbox 969 2341 1027 2382; x_wconf 76' lang='lat' dir='ltr'><strong>naeu</strong></span> <span class='ocrx_word' id='word_1_231' title='bbox 1046 2322 1211 2378; x_wconf 79' lang='lat' dir='ltr'><strong>collectione.</strong></span> 
     </span>
    </p>
   </div>
   <div class='ocr_carea' id='block_1_4' title="bbox 140 2481 1387 4476">
    <p class='ocr_par' dir='ltr' id='par_1_4' title="bbox 140 2481 1387 4476">
     <span class='ocr_line' id='line_1_23' title="bbox 194 2481 1387 2555; baseline -0.001 -17"><span class='ocrx_word' id='word_1_232' title='bbox 194 2483 391 2540; x_wconf 73' lang='lat' dir='ltr'><strong>MOCCLXII.</strong></span> <span class='ocrx_word' id='word_1_233' title='bbox 410 2483 544 2554; x_wconf 73' lang='lat' dir='ltr'><strong>Rapusii.</strong></span> <span class='ocrx_word' id='word_1_234' title='bbox 563 2486 638 2536; x_wconf 68' lang='lat'><strong>1234.</strong></span> <span class='ocrx_word' id='word_1_235' title='bbox 659 2487 699 2536; x_wconf 81' lang='grc'><strong>18.</strong></span> <span class='ocrx_word' id='word_1_236' title='bbox 714 2481 831 2552; x_wconf 83' lang='lat' dir='ltr'><strong>Aprilis.</strong></span> <span class='ocrx_word' id='word_1_237' title='bbox 845 2481 943 2537; x_wconf 85' lang='lat' dir='ltr'><strong>Frater</strong></span> <span class='ocrx_word' id='word_1_238' title='bbox 955 2482 1149 2555; x_wconf 66' lang='lat' dir='ltr'><strong>bonaventura</strong></span> <span class='ocrx_word' id='word_1_239' title='bbox 1162 2482 1387 2554; x_wconf 87' lang='lat' dir='ltr'><strong>archiepiscopus</strong></span> 
     </span>
     <span class='ocr_line' id='line_1_24' title="bbox 140 2569 1387 2643; baseline -0.002 -15"><span class='ocrx_word' id='word_1_240' title='bbox 140 2575 301 2643; x_wconf 73' lang='lat' dir='ltr'><strong>Ragusinus</strong></span> <span class='ocrx_word' id='word_1_241' title='bbox 319 2573 346 2628; x_wconf 91' lang='lat' dir='ltr'><strong>in</strong></span> <span class='ocrx_word' id='word_1_242' title='bbox 368 2571 523 2643; x_wconf 87' lang='lat' dir='ltr'><strong>praesentia</strong></span> <span class='ocrx_word' id='word_1_243' title='bbox 543 2571 655 2642; x_wconf 89' lang='lat' dir='ltr'><strong>capituli</strong></span> <span class='ocrx_word' id='word_1_244' title='bbox 674 2571 701 2624; x_wconf 91' lang='lat' dir='ltr'><strong>in</strong></span> <span class='ocrx_word' id='word_1_245' title='bbox 722 2570 781 2625; x_wconf 89' lang='lat' dir='ltr'><strong>sala</strong></span> <span class='ocrx_word' id='word_1_246' title='bbox 799 2569 1025 2640; x_wconf 88' lang='lat' dir='ltr'><strong>archiepiscopali</strong></span> <span class='ocrx_word' id='word_1_247' title='bbox 1050 2570 1220 2625; x_wconf 81' lang='lat' dir='ltr'><strong>subdiacono</strong></span> <span class='ocrx_word' id='word_1_248' title='bbox 1244 2570 1331 2624; x_wconf 85' lang='lat' dir='ltr'><strong>Juuio</strong></span> <span class='ocrx_word' id='word_1_249' title='bbox 1353 2571 1387 2626; x_wconf 90' lang='lat' dir='ltr'><strong>de</strong></span> 
     </span>
     <span class='ocr_line' id='line_1_25' title="bbox 142 2657 1384 2732; baseline -0.004 -15"><span class='ocrx_word' id='word_1_250' title='bbox 142 2661 309 2717; x_wconf 87' lang='lat' dir='ltr'><strong>Prodanello</strong></span> <span class='ocrx_word' id='word_1_251' title='bbox 329 2662 468 2732; x_wconf 84' lang='lat' dir='ltr'><strong>praecepit</strong></span> <span class='ocrx_word' id='word_1_252' title='bbox 488 2661 540 2714; x_wconf 91' lang='lat' dir='ltr'><strong>sub</strong></span> <span class='ocrx_word' id='word_1_253' title='bbox 559 2675 649 2730; x_wconf 87' lang='lat' dir='ltr'><strong>poena</strong></span> <span class='ocrx_word' id='word_1_254' title='bbox 667 2659 969 2724; x_wconf 84' lang='lat' dir='ltr'><strong>excommunicationis,</strong></span> <span class='ocrx_word' id='word_1_255' title='bbox 995 2665 1028 2712; x_wconf 92' lang='lat' dir='ltr'><strong>ut</strong></span> <span class='ocrx_word' id='word_1_256' title='bbox 1050 2673 1140 2728; x_wconf 87' lang='lat' dir='ltr'><strong>usque</strong></span> <span class='ocrx_word' id='word_1_257' title='bbox 1157 2657 1193 2713; x_wconf 89' lang='lat' dir='ltr'><strong>ad</strong></span> <span class='ocrx_word' id='word_1_258' title='bbox 1213 2657 1286 2711; x_wconf 91' lang='lat' dir='ltr'><strong>diem</strong></span> <span class='ocrx_word' id='word_1_259' title='bbox 1304 2657 1384 2714; x_wconf 81' lang='lat' dir='ltr'><strong>Jovis</strong></span> 
     </span>
     <span class='ocr_line' id='line_1_26' title="bbox 143 2731 1387 2821; baseline -0.005 -17"><span class='ocrx_word' id='word_1_260' title='bbox 143 2747 268 2821; x_wconf 82' lang='lat' dir='ltr'><strong>proxime&#39;</strong></span> <span class='ocrx_word' id='word_1_261' title='bbox 287 2755 433 2804; x_wconf 85' lang='lat' dir='ltr'><strong>venturum</strong></span> <span class='ocrx_word' id='word_1_262' title='bbox 452 2747 603 2802; x_wconf 68' lang='lat' dir='ltr'><strong>satisfaciat</strong></span> <span class='ocrx_word' id='word_1_263' title='bbox 621 2731 828 2816; x_wconf 80' lang='lat' dir='ltr'><strong>archiepiscopo</strong></span> <span class='ocrx_word' id='word_1_264' title='bbox 841 2745 964 2816; x_wconf 90' lang='lat' dir='ltr'><strong>plenarie</strong></span> <span class='ocrx_word' id='word_1_265' title='bbox 977 2745 1011 2800; x_wconf 89' lang='lat' dir='ltr'><strong>de</strong></span> <span class='ocrx_word' id='word_1_266' title='bbox 1024 2752 1135 2800; x_wconf 89' lang='lat' dir='ltr'><strong>centnm</strong></span> <span class='ocrx_word' id='word_1_267' title='bbox 1154 2746 1297 2816; x_wconf 88' lang='lat' dir='ltr'><strong>yperperis</strong></span> <span class='ocrx_word' id='word_1_268' title='bbox 1315 2746 1387 2798; x_wconf 90' lang='lat' dir='ltr'><strong>sicut</strong></span> 
     </span>
     <span class='ocr_line' id='line_1_27' title="bbox 143 2831 1387 2905; baseline -0.006 -13"><span class='ocrx_word' id='word_1_269' title='bbox 143 2839 171 2892; x_wconf 91' lang='lat' dir='ltr'><strong>in</strong></span> <span class='ocrx_word' id='word_1_270' title='bbox 191 2837 327 2892; x_wconf 84' lang='lat' dir='ltr'><strong>sententia</strong></span> <span class='ocrx_word' id='word_1_271' title='bbox 346 2836 402 2889; x_wconf 84' lang='lat' dir='ltr'><strong>lata</strong></span> <span class='ocrx_word' id='word_1_272' title='bbox 421 2851 470 2905; x_wconf 90' lang='lat' dir='ltr'><strong>per</strong></span> <span class='ocrx_word' id='word_1_273' title='bbox 489 2835 608 2888; x_wconf 88' lang='lat' dir='ltr'><strong>eundem</strong></span> <span class='ocrx_word' id='word_1_274' title='bbox 627 2835 790 2898; x_wconf 84' lang='lat' dir='ltr'><strong>continetur,</strong></span> <span class='ocrx_word' id='word_1_275' title='bbox 809 2832 914 2886; x_wconf 87' lang='lat' dir='ltr'><strong>scilieet</strong></span> <span class='ocrx_word' id='word_1_276' title='bbox 936 2833 971 2886; x_wconf 83' lang='lat'><strong>50</strong></span> <span class='ocrx_word' id='word_1_277' title='bbox 998 2832 1032 2886; x_wconf 88' lang='lat' dir='ltr'><strong>de</strong></span> <span class='ocrx_word' id='word_1_278' title='bbox 1058 2833 1138 2886; x_wconf 90' lang='lat' dir='ltr'><strong>bonis</strong></span> <span class='ocrx_word' id='word_1_279' title='bbox 1163 2831 1334 2901; x_wconf 81' lang='lat' dir='ltr'><strong>pignoribus,</strong></span> <span class='ocrx_word' id='word_1_280' title='bbox 1359 2837 1387 2884; x_wconf 92' lang='lat' dir='ltr'><strong>et</strong></span> 
     </span>
     <span class='ocr_line' id='line_1_28' title="bbox 142 2918 1384 2978; baseline -0.005 0"><span class='ocrx_word' id='word_1_281' title='bbox 142 2926 178 2978; x_wconf 77' lang='lat'><strong>60</strong></span> <span class='ocrx_word' id='word_1_282' title='bbox 196 2923 230 2978; x_wconf 90' lang='lat' dir='ltr'><strong>de</strong></span> <span class='ocrx_word' id='word_1_283' title='bbox 249 2923 473 2978; x_wconf 85' lang='lat' dir='ltr'><strong>fideiussionibus</strong></span> <span class='ocrx_word' id='word_1_284' title='bbox 485 2921 649 2976; x_wconf 81' lang='lat' dir='ltr'><strong>valentibus.</strong></span> <span class='ocrx_word' id='word_1_285' title='bbox 668 2921 807 2974; x_wconf 84' lang='lat' dir='ltr'><strong>Antonius</strong></span> <span class='ocrx_word' id='word_1_286' title='bbox 827 2919 861 2974; x_wconf 89' lang='lat' dir='ltr'><strong>de</strong></span> <span class='ocrx_word' id='word_1_287' title='bbox 881 2920 998 2974; x_wconf 84' lang='lat' dir='ltr'><strong>Oarletis</strong></span> <span class='ocrx_word' id='word_1_288' title='bbox 1017 2921 1085 2973; x_wconf 86' lang='lat' dir='ltr'><strong>civis</strong></span> <span class='ocrx_word' id='word_1_289' title='bbox 1104 2919 1262 2972; x_wconf 83' lang='lat' dir='ltr'><strong>Parmensis</strong></span> <span class='ocrx_word' id='word_1_290' title='bbox 1279 2918 1384 2972; x_wconf 88' lang='lat' dir='ltr'><strong>archic-</strong></span> 
     </span>
     <span class='ocr_line' id='line_1_29' title="bbox 146 3007 1387 3082; baseline -0.005 -16"><span class='ocrx_word' id='word_1_291' title='bbox 146 3011 253 3082; x_wconf 86' lang='lat' dir='ltr'><strong>piscopi</strong></span> <span class='ocrx_word' id='word_1_292' title='bbox 273 3011 397 3078; x_wconf 84' lang='lat' dir='ltr'><strong>notarius</strong></span> <span class='ocrx_word' id='word_1_293' title='bbox 416 3011 533 3080; x_wconf 87' lang='lat' dir='ltr'><strong>scripsit.</strong></span> <span class='ocrx_word' id='word_1_294' title='bbox 550 3010 681 3064; x_wconf 84' lang='lat' dir='ltr'><strong>Termino</strong></span> <span class='ocrx_word' id='word_1_295' title='bbox 699 3008 840 3079; x_wconf 89' lang='lat' dir='ltr'><strong>praedicto</strong></span> <span class='ocrx_word' id='word_1_296' title='bbox 854 3008 933 3078; x_wconf 91' lang='lat' dir='ltr'><strong>petiit</strong></span> <span class='ocrx_word' id='word_1_297' title='bbox 946 3008 1036 3062; x_wconf 89' lang='lat' dir='ltr'><strong>dictus</strong></span> <span class='ocrx_word' id='word_1_298' title='bbox 1048 3007 1065 3062; x_wconf 91' lang='lat' dir='ltr'>J</span> <span class='ocrx_word' id='word_1_299' title='bbox 1068 3007 1134 3061; x_wconf 89' lang='lat' dir='ltr'><strong>unio</strong></span> <span class='ocrx_word' id='word_1_300' title='bbox 1148 3007 1254 3060; x_wconf 82' lang='lat' dir='ltr'><strong>veniam</strong></span> <span class='ocrx_word' id='word_1_301' title='bbox 1267 3013 1295 3060; x_wconf 88' lang='lat' dir='ltr'><strong>et</strong></span> <span class='ocrx_word' id='word_1_302' title='bbox 1307 3007 1387 3060; x_wconf 90' lang='lat' dir='ltr'><strong>mise-</strong></span> 
     </span>
     <span class='ocr_line' id='line_1_30' title="bbox 145 3094 1386 3168; baseline -0.004 -16"><span class='ocrx_word' id='word_1_303' title='bbox 145 3098 289 3152; x_wconf 90' lang='lat' dir='ltr'><strong>ricordiam</strong></span> <span class='ocrx_word' id='word_1_304' title='bbox 302 3098 337 3150; x_wconf 86' lang='lat' dir='ltr'><strong>ab</strong></span> <span class='ocrx_word' id='word_1_305' title='bbox 356 3097 563 3168; x_wconf 85' lang='lat' dir='ltr'><strong>archiepiscopo</strong></span> <span class='ocrx_word' id='word_1_306' title='bbox 576 3112 669 3150; x_wconf 86' lang='lat' dir='ltr'><strong>coram</strong></span> <span class='ocrx_word' id='word_1_307' title='bbox 682 3101 850 3166; x_wconf 87' lang='lat' dir='ltr'><strong>congregato</strong></span> <span class='ocrx_word' id='word_1_308' title='bbox 863 3095 985 3165; x_wconf 85' lang='lat' dir='ltr'><strong>capitulo</strong></span> <span class='ocrx_word' id='word_1_309' title='bbox 998 3100 1026 3148; x_wconf 92' lang='lat' dir='ltr'><strong>et</strong></span> <span class='ocrx_word' id='word_1_310' title='bbox 1038 3095 1118 3164; x_wconf 89' lang='lat' dir='ltr'><strong>petiit</strong></span> <span class='ocrx_word' id='word_1_311' title='bbox 1134 3094 1386 3164; x_wconf 84' lang='lat' dir='ltr'><strong>promtdgationem</strong></span> 
     </span>
     <span class='ocr_line' id='line_1_31' title="bbox 141 3180 1386 3252; baseline -0.003 -12"><span class='ocrx_word' id='word_1_312' title='bbox 141 3187 258 3242; x_wconf 89' lang='lat' dir='ltr'><strong>termini.</strong></span> <span class='ocrx_word' id='word_1_313' title='bbox 278 3185 416 3252; x_wconf 70' lang='lat' dir='ltr'><strong>(Pandam</strong></span> <span class='ocrx_word' id='word_1_314' title='bbox 442 3185 487 3238; x_wconf 91' lang='lat' dir='ltr'><strong>die</strong></span> <span class='ocrx_word' id='word_1_315' title='bbox 512 3186 554 3238; x_wconf 87' lang='grc'><strong>17.</strong></span> <span class='ocrx_word' id='word_1_316' title='bbox 579 3183 709 3238; x_wconf 85' lang='lat' dir='ltr'><strong>Octobris</strong></span> <span class='ocrx_word' id='word_1_317' title='bbox 733 3182 857 3237; x_wconf 88' lang='lat' dir='ltr'><strong>eiusdem</strong></span> <span class='ocrx_word' id='word_1_318' title='bbox 883 3184 946 3236; x_wconf 92' lang='lat' dir='ltr'><strong>anni</strong></span> <span class='ocrx_word' id='word_1_319' title='bbox 969 3183 997 3236; x_wconf 91' lang='lat' dir='ltr'><strong>in</strong></span> <span class='ocrx_word' id='word_1_320' title='bbox 1023 3181 1178 3252; x_wconf 88' lang='lat' dir='ltr'><strong>praesentia</strong></span> <span class='ocrx_word' id='word_1_321' title='bbox 1197 3180 1223 3234; x_wconf 95' lang='lat' dir='ltr'><strong>d.</strong></span> <span class='ocrx_word' id='word_1_322' title='bbox 1242 3181 1386 3236; x_wconf 85' lang='lat' dir='ltr'><strong>Michaelis</strong></span> 
     </span>
     <span class='ocr_line' id='line_1_32' title="bbox 147 3269 1387 3342; baseline -0.003 -16"><span class='ocrx_word' id='word_1_323' title='bbox 147 3273 308 3328; x_wconf 87' lang='lat' dir='ltr'><strong>Mauroceni</strong></span> <span class='ocrx_word' id='word_1_324' title='bbox 336 3273 444 3326; x_wconf 86' lang='lat' dir='ltr'><strong>comitis</strong></span> <span class='ocrx_word' id='word_1_325' title='bbox 469 3271 592 3342; x_wconf 69' lang='lat' dir='ltr'><strong>Ragusii</strong></span> <span class='ocrx_word' id='word_1_326' title='bbox 612 3270 723 3324; x_wconf 87' lang='lat' dir='ltr'><strong>Martini</strong></span> <span class='ocrx_word' id='word_1_327' title='bbox 748 3279 775 3326; x_wconf 90' lang='lat' dir='ltr'><strong>et</strong></span> <span class='ocrx_word' id='word_1_328' title='bbox 795 3271 903 3324; x_wconf 83' lang='lat' dir='ltr'><strong>Nicolai</strong></span> <span class='ocrx_word' id='word_1_329' title='bbox 927 3286 1041 3324; x_wconf 90' lang='lat' dir='ltr'><strong>suorum</strong></span> <span class='ocrx_word' id='word_1_330' title='bbox 1066 3270 1193 3334; x_wconf 89' lang='lat' dir='ltr'><strong>militum,</strong></span> <span class='ocrx_word' id='word_1_331' title='bbox 1213 3269 1327 3324; x_wconf 84' lang='lat' dir='ltr'><strong>Antonii</strong></span> <span class='ocrx_word' id='word_1_332' title='bbox 1353 3269 1387 3322; x_wconf 89' lang='lat' dir='ltr'><strong>de</strong></span> 
     </span>
     <span class='ocr_line' id='line_1_33' title="bbox 143 3355 1386 3431; baseline -0.003 -17"><span class='ocrx_word' id='word_1_333' title='bbox 143 3359 273 3431; x_wconf 85' lang='lat' dir='ltr'><strong>Gaioppa</strong></span> <span class='ocrx_word' id='word_1_334' title='bbox 298 3361 399 3425; x_wconf 82' lang='lat' dir='ltr'><strong>cleriei,</strong></span> <span class='ocrx_word' id='word_1_335' title='bbox 424 3359 525 3413; x_wconf 86' lang='lat' dir='ltr'><strong>Vitalis</strong></span> <span class='ocrx_word' id='word_1_336' title='bbox 549 3359 690 3426; x_wconf 87' lang='lat' dir='ltr'><strong>Bodatiae,</strong></span> <span class='ocrx_word' id='word_1_337' title='bbox 716 3358 866 3412; x_wconf 81' lang='lat' dir='ltr'><strong>Clementis</strong></span> <span class='ocrx_word' id='word_1_338' title='bbox 891 3358 926 3412; x_wconf 91' lang='lat' dir='ltr'><strong>de</strong></span> <span class='ocrx_word' id='word_1_339' title='bbox 950 3357 1089 3428; x_wconf 79' lang='lat' dir='ltr'><strong>(longule,</strong></span> <span class='ocrx_word' id='word_1_340' title='bbox 1115 3357 1223 3411; x_wconf 87' lang='lat' dir='ltr'><strong>Vrsacii</strong></span> <span class='ocrx_word' id='word_1_341' title='bbox 1243 3357 1277 3411; x_wconf 91' lang='lat' dir='ltr'><strong>de</strong></span> <span class='ocrx_word' id='word_1_342' title='bbox 1297 3355 1386 3411; x_wconf 85' lang='lat' dir='ltr'><strong>Gleda</strong></span> 
     </span>
     <span class='ocr_line' id='line_1_34' title="bbox 145 3444 1386 3516; baseline -0.004 -15"><span class='ocrx_word' id='word_1_343' title='bbox 145 3449 341 3502; x_wconf 88' lang='lat' dir='ltr'><strong>canonicorum</strong></span> <span class='ocrx_word' id='word_1_344' title='bbox 354 3447 567 3516; x_wconf 75' lang='lat' dir='ltr'><strong>Ragusinorum</strong></span> <span class='ocrx_word' id='word_1_345' title='bbox 581 3447 684 3500; x_wconf 84' lang='lat' dir='ltr'><strong>l‘ascae</strong></span> <span class='ocrx_word' id='word_1_346' title='bbox 697 3445 831 3512; x_wconf 83' lang='lat' dir='ltr'><strong>volentis,</strong></span> <span class='ocrx_word' id='word_1_347' title='bbox 842 3445 858 3500; x_wconf 93' lang='lat' dir='ltr'>J</span> <span class='ocrx_word' id='word_1_348' title='bbox 862 3447 919 3499; x_wconf 91' lang='lat' dir='ltr'><strong>unii</strong></span> <span class='ocrx_word' id='word_1_349' title='bbox 930 3445 964 3499; x_wconf 90' lang='lat' dir='ltr'><strong>de</strong></span> <span class='ocrx_word' id='word_1_350' title='bbox 975 3445 1080 3511; x_wconf 70' lang='lat' dir='ltr'><strong>orosio,</strong></span> <span class='ocrx_word' id='word_1_351' title='bbox 1090 3445 1207 3498; x_wconf 87' lang='lat' dir='ltr'><strong>Luchari</strong></span> <span class='ocrx_word' id='word_1_352' title='bbox 1219 3444 1253 3498; x_wconf 89' lang='lat' dir='ltr'><strong>de</strong></span> <span class='ocrx_word' id='word_1_353' title='bbox 1267 3444 1386 3508; x_wconf 86' lang='lat' dir='ltr'><strong>Fuscho,</strong></span> 
     </span>
     <span class='ocr_line' id='line_1_35' title="bbox 145 3531 1387 3600; baseline -0.003 -11"><span class='ocrx_word' id='word_1_354' title='bbox 145 3536 307 3590; x_wconf 76' lang='lat' dir='ltr'><strong>(lrubossae</strong></span> <span class='ocrx_word' id='word_1_355' title='bbox 326 3534 360 3588; x_wconf 88' lang='lat' dir='ltr'><strong>de</strong></span> <span class='ocrx_word' id='word_1_356' title='bbox 380 3534 502 3600; x_wconf 80' lang='lat' dir='ltr'><strong>Banasa,</strong></span> <span class='ocrx_word' id='word_1_357' title='bbox 528 3533 635 3587; x_wconf 90' lang='lat' dir='ltr'><strong>Ursacii</strong></span> <span class='ocrx_word' id='word_1_358' title='bbox 656 3533 690 3587; x_wconf 86' lang='lat' dir='ltr'><strong>de</strong></span> <span class='ocrx_word' id='word_1_359' title='bbox 709 3533 814 3598; x_wconf 76' lang='lat' dir='ltr'><strong>Carisa,</strong></span> <span class='ocrx_word' id='word_1_360' title='bbox 842 3532 957 3587; x_wconf 89' lang='lat' dir='ltr'><strong>Palmae</strong></span> <span class='ocrx_word' id='word_1_361' title='bbox 981 3533 1016 3588; x_wconf 90' lang='lat' dir='ltr'><strong>de</strong></span> <span class='ocrx_word' id='word_1_362' title='bbox 1040 3533 1161 3598; x_wconf 74' lang='lat' dir='ltr'><strong>ilianum,</strong></span> <span class='ocrx_word' id='word_1_363' title='bbox 1186 3532 1327 3586; x_wconf 85' lang='lat' dir='ltr'><strong>Laurentii</strong></span> <span class='ocrx_word' id='word_1_364' title='bbox 1352 3531 1387 3585; x_wconf 89' lang='lat' dir='ltr'><strong>de</strong></span> 
     </span>
     <span class='ocr_line' id='line_1_36' title="bbox 142 3618 1384 3690; baseline -0.003 -14"><span class='ocrx_word' id='word_1_365' title='bbox 142 3623 267 3687; x_wconf 79' lang='lat' dir='ltr'><strong>Mensae,</strong></span> <span class='ocrx_word' id='word_1_366' title='bbox 287 3621 386 3674; x_wconf 89' lang='lat' dir='ltr'><strong>Marini</strong></span> <span class='ocrx_word' id='word_1_367' title='bbox 407 3621 441 3674; x_wconf 90' lang='lat' dir='ltr'><strong>de</strong></span> <span class='ocrx_word' id='word_1_368' title='bbox 460 3620 589 3690; x_wconf 79' lang='lat' dir='ltr'><strong>Pizagna,</strong></span> <span class='ocrx_word' id='word_1_369' title='bbox 602 3619 677 3673; x_wconf 85' lang='lat' dir='ltr'><strong>Zersi</strong></span> <span class='ocrx_word' id='word_1_370' title='bbox 692 3619 784 3673; x_wconf 87' lang='lat' dir='ltr'><strong>Savini</strong></span> <span class='ocrx_word' id='word_1_371' title='bbox 800 3619 897 3684; x_wconf 79' lang='lat' dir='ltr'><strong>llondi,</strong></span> <span class='ocrx_word' id='word_1_372' title='bbox 910 3618 1052 3674; x_wconf 87' lang='lat' dir='ltr'><strong>Paschalis</strong></span> <span class='ocrx_word' id='word_1_373' title='bbox 1065 3619 1212 3684; x_wconf 85' lang='lat' dir='ltr'><strong>Marinelli,</strong></span> <span class='ocrx_word' id='word_1_374' title='bbox 1225 3619 1334 3672; x_wconf 83' lang='lat' dir='ltr'><strong>Nicolai</strong></span> <span class='ocrx_word' id='word_1_375' title='bbox 1350 3619 1384 3672; x_wconf 90' lang='lat' dir='ltr'><strong>de</strong></span> 
     </span>
     <span class='ocr_line' id='line_1_37' title="bbox 143 3706 1385 3776; baseline -0.002 -14"><span class='ocrx_word' id='word_1_376' title='bbox 143 3707 264 3762; x_wconf 82' lang='lat' dir='ltr'><strong>Oertello</strong></span> <span class='ocrx_word' id='word_1_377' title='bbox 278 3706 434 3762; x_wconf 72' lang='lat' dir='ltr'><strong>stultorum</strong></span> <span class='ocrx_word' id='word_1_378' title='bbox 449 3708 601 3760; x_wconf 90' lang='lat' dir='ltr'><strong>multorum</strong></span> <span class='ocrx_word' id='word_1_379' title='bbox 617 3707 778 3760; x_wconf 86' lang='lat' dir='ltr'><strong>clericorum</strong></span> <span class='ocrx_word' id='word_1_380' title='bbox 789 3715 816 3760; x_wconf 89' lang='lat' dir='ltr'><strong>et</strong></span> <span class='ocrx_word' id='word_1_381' title='bbox 826 3706 958 3760; x_wconf 85' lang='lat' dir='ltr'><strong>laiconrm</strong></span> <span class='ocrx_word' id='word_1_382' title='bbox 971 3707 999 3760; x_wconf 91' lang='lat' dir='ltr'><strong>in</strong></span> <span class='ocrx_word' id='word_1_383' title='bbox 1014 3706 1071 3759; x_wconf 88' lang='lat' dir='ltr'><strong>sala</strong></span> <span class='ocrx_word' id='word_1_384' title='bbox 1081 3706 1308 3776; x_wconf 86' lang='lat' dir='ltr'><strong>archiepiscopali</strong></span> <span class='ocrx_word' id='word_1_385' title='bbox 1322 3723 1385 3760; x_wconf 91' lang='lat' dir='ltr'><strong>curn</strong></span> 
     </span>
     <span class='ocr_line' id='line_1_38' title="bbox 142 3793 1387 3865; baseline -0.002 -17"><span class='ocrx_word' id='word_1_386' title='bbox 142 3795 367 3865; x_wconf 88' lang='lat' dir='ltr'><strong>archiepiscopus</strong></span> <span class='ocrx_word' id='word_1_387' title='bbox 390 3795 467 3848; x_wconf 85' lang='lat' dir='ltr'><strong>citari</strong></span> <span class='ocrx_word' id='word_1_388' title='bbox 489 3793 599 3848; x_wconf 85' lang='lat' dir='ltr'><strong>fecisset</strong></span> <span class='ocrx_word' id='word_1_389' title='bbox 621 3811 669 3864; x_wconf 90' lang='lat' dir='ltr'><strong>per</strong></span> <span class='ocrx_word' id='word_1_390' title='bbox 684 3796 875 3864; x_wconf 79' lang='lat' dir='ltr'><strong>presbytenrm</strong></span> <span class='ocrx_word' id='word_1_391' title='bbox 890 3795 1009 3848; x_wconf 86' lang='lat' dir='ltr'><strong>Pascum</strong></span> <span class='ocrx_word' id='word_1_392' title='bbox 1029 3795 1173 3848; x_wconf 84' lang='lat' dir='ltr'><strong>santisium</strong></span> <span class='ocrx_word' id='word_1_393' title='bbox 1192 3793 1302 3846; x_wconf 84' lang='lat' dir='ltr'><strong>maioris</strong></span> <span class='ocrx_word' id='word_1_394' title='bbox 1321 3793 1387 3846; x_wconf 80' lang='lat' dir='ltr'><strong>ecel.</strong></span> 
     </span>
     <span class='ocr_line' id='line_1_39' title="bbox 141 3871 1386 3951; baseline -0.002 -15"><span class='ocrx_word' id='word_1_395' title='bbox 141 3881 343 3936; x_wconf 84' lang='lat' dir='ltr'><strong>subdiaconum</strong></span> <span class='ocrx_word' id='word_1_396' title='bbox 361 3881 500 3935; x_wconf 87' lang='lat' dir='ltr'><strong>Joannem</strong></span> <span class='ocrx_word' id='word_1_397' title='bbox 519 3881 554 3934; x_wconf 89' lang='lat' dir='ltr'><strong>de</strong></span> <span class='ocrx_word' id='word_1_398' title='bbox 573 3881 741 3935; x_wconf 88' lang='lat' dir='ltr'><strong>Prodanello</strong></span> <span class='ocrx_word' id='word_1_399' title='bbox 760 3889 792 3935; x_wconf 91' lang='lat' dir='ltr'><strong>ut</strong></span> <span class='ocrx_word' id='word_1_400' title='bbox 812 3889 971 3951; x_wconf 86' lang='lat' dir='ltr'><strong>compareat</strong></span> <span class='ocrx_word' id='word_1_401' title='bbox 990 3897 1083 3934; x_wconf 86' lang='lat' dir='ltr'><strong>coram</strong></span> <span class='ocrx_word' id='word_1_402' title='bbox 1109 3871 1151 3946; x_wconf 78' lang='lat' dir='ltr'><strong>el),</strong></span> <span class='ocrx_word' id='word_1_403' title='bbox 1175 3881 1288 3934; x_wconf 88' lang='lat' dir='ltr'><strong>tandem</strong></span> <span class='ocrx_word' id='word_1_404' title='bbox 1313 3899 1386 3934; x_wconf 90' lang='lat' dir='ltr'><strong>com-</strong></span> 
     </span>
     <span class='ocr_line' id='line_1_40' title="bbox 143 3967 1387 4040; baseline -0.001 -18"><span class='ocrx_word' id='word_1_405' title='bbox 143 3970 233 4040; x_wconf 90' lang='lat' dir='ltr'><strong>paruit</strong></span> <span class='ocrx_word' id='word_1_406' title='bbox 253 3970 280 4022; x_wconf 93' lang='lat' dir='ltr'><strong>in</strong></span> <span class='ocrx_word' id='word_1_407' title='bbox 299 3969 455 4040; x_wconf 87' lang='lat' dir='ltr'><strong>praesentia</strong></span> <span class='ocrx_word' id='word_1_408' title='bbox 473 3967 650 4037; x_wconf 88' lang='lat' dir='ltr'><strong>syndicorum</strong></span> <span class='ocrx_word' id='word_1_409' title='bbox 675 3969 806 4036; x_wconf 90' lang='lat' dir='ltr'><strong>omnium,</strong></span> <span class='ocrx_word' id='word_1_410' title='bbox 826 3975 854 4022; x_wconf 90' lang='lat' dir='ltr'><strong>et</strong></span> <span class='ocrx_word' id='word_1_411' title='bbox 872 3975 1020 4038; x_wconf 85' lang='lat' dir='ltr'><strong>antequam</strong></span> <span class='ocrx_word' id='word_1_412' title='bbox 1045 3967 1267 4037; x_wconf 87' lang='lat' dir='ltr'><strong>archiepiscopus</strong></span> <span class='ocrx_word' id='word_1_413' title='bbox 1292 3985 1387 4038; x_wconf 92' lang='lat' dir='ltr'><strong>proce·</strong></span> 
     </span>
     <span class='ocr_line' id='line_1_41' title="bbox 143 4055 1387 4126; baseline 0 -17"><span class='ocrx_word' id='word_1_414' title='bbox 143 4057 219 4110; x_wconf 89' lang='lat' dir='ltr'><strong>deret</strong></span> <span class='ocrx_word' id='word_1_415' title='bbox 238 4055 273 4110; x_wconf 93' lang='lat' dir='ltr'><strong>ad</strong></span> <span class='ocrx_word' id='word_1_416' title='bbox 292 4056 456 4110; x_wconf 86' lang='lat' dir='ltr'><strong>sententiam</strong></span> <span class='ocrx_word' id='word_1_417' title='bbox 477 4055 568 4109; x_wconf 87' lang='lat' dir='ltr'><strong>dictus</strong></span> <span class='ocrx_word' id='word_1_418' title='bbox 586 4055 710 4110; x_wconf 87' lang='lat' dir='ltr'><strong>Josnnes</strong></span> <span class='ocrx_word' id='word_1_419' title='bbox 729 4056 820 4126; x_wconf 87' lang='lat' dir='ltr'><strong>coepit</strong></span> <span class='ocrx_word' id='word_1_420' title='bbox 838 4055 1057 4126; x_wconf 84' lang='lat' dir='ltr'><strong>potere&#39;veniam</strong></span> <span class='ocrx_word' id='word_1_421' title='bbox 1083 4057 1184 4122; x_wconf 88' lang='lat' dir='ltr'><strong>dicens,</strong></span> <span class='ocrx_word' id='word_1_422' title='bbox 1209 4055 1284 4124; x_wconf 88' lang='lat' dir='ltr'><strong>quod</strong></span> <span class='ocrx_word' id='word_1_423' title='bbox 1311 4056 1387 4110; x_wconf 84' lang='lat' dir='ltr'><strong>nulls</strong></span> 
     </span>
     <span class='ocr_line' id='line_1_42' title="bbox 140 4143 1387 4214; baseline 0 -18"><span class='ocrx_word' id='word_1_424' title='bbox 140 4145 247 4197; x_wconf 88' lang='lat' dir='ltr'><strong>ratione</strong></span> <span class='ocrx_word' id='word_1_425' title='bbox 265 4149 374 4214; x_wconf 87' lang='lat' dir='ltr'><strong>poterat</strong></span> <span class='ocrx_word' id='word_1_426' title='bbox 387 4143 451 4197; x_wconf 89' lang='lat' dir='ltr'><strong>dare</strong></span> <span class='ocrx_word' id='word_1_427' title='bbox 466 4144 582 4214; x_wconf 81' lang='lat' dir='ltr'><strong>pignora</strong></span> <span class='ocrx_word' id='word_1_428' title='bbox 596 4144 797 4213; x_wconf 85' lang='lat' dir='ltr'><strong>quinquaginta</strong></span> <span class='ocrx_word' id='word_1_429' title='bbox 810 4161 1007 4214; x_wconf 83' lang='lat' dir='ltr'><strong>yperperorum</strong></span> <span class='ocrx_word' id='word_1_430' title='bbox 1021 4145 1048 4198; x_wconf 90' lang='lat' dir='ltr'><strong>in</strong></span> <span class='ocrx_word' id='word_1_431' title='bbox 1068 4143 1168 4212; x_wconf 84' lang='lat' dir='ltr'><strong>quibus</strong></span> <span class='ocrx_word' id='word_1_432' title='bbox 1188 4143 1387 4198; x_wconf 87' lang='lat' dir='ltr'><strong>condemnatus</strong></span> 
     </span>
     <span class='ocr_line' id='line_1_43' title="bbox 141 4229 1387 4300; baseline -0.001 -15"><span class='ocrx_word' id='word_1_433' title='bbox 141 4231 195 4286; x_wconf 81' lang='lat' dir='ltr'><strong>suit</strong></span> <span class='ocrx_word' id='word_1_434' title='bbox 214 4247 262 4300; x_wconf 88' lang='lat' dir='ltr'><strong>per</strong></span> <span class='ocrx_word' id='word_1_435' title='bbox 280 4229 519 4300; x_wconf 86' lang='lat' dir='ltr'><strong>archiepiscopum</strong></span> <span class='ocrx_word' id='word_1_436' title='bbox 537 4247 587 4284; x_wconf 88' lang='lat' dir='ltr'><strong>uec</strong></span> <span class='ocrx_word' id='word_1_437' title='bbox 607 4231 690 4284; x_wconf 86' lang='lat' dir='ltr'><strong>etiam</strong></span> <span class='ocrx_word' id='word_1_438' title='bbox 703 4231 879 4300; x_wconf 83' lang='lat' dir='ltr'><strong>fidejussores</strong></span> <span class='ocrx_word' id='word_1_439' title='bbox 899 4231 933 4284; x_wconf 89' lang='lat' dir='ltr'><strong>de</strong></span> <span class='ocrx_word' id='word_1_440' title='bbox 952 4231 1013 4284; x_wconf 88' lang='lat' dir='ltr'><strong>aliis</strong></span> <span class='ocrx_word' id='word_1_441' title='bbox 1026 4232 1060 4284; x_wconf 82' lang='lat'><strong>50</strong></span> <span class='ocrx_word' id='word_1_442' title='bbox 1073 4247 1166 4300; x_wconf 87' lang='lat' dir='ltr'><strong>yperp.</strong></span> <span class='ocrx_word' id='word_1_443' title='bbox 1185 4231 1264 4284; x_wconf 87' lang='lat' dir='ltr'><strong>Tunc</strong></span> <span class='ocrx_word' id='word_1_444' title='bbox 1283 4230 1387 4284; x_wconf 82' lang='lat' dir='ltr'><strong>arehie-</strong></span> 
     </span>
     <span class='ocr_line' id='line_1_44' title="bbox 143 4317 1387 4388; baseline 0 -18"><span class='ocrx_word' id='word_1_445' title='bbox 143 4318 274 4388; x_wconf 89' lang='lat' dir='ltr'><strong>piscopus</strong></span> <span class='ocrx_word' id='word_1_446' title='bbox 297 4317 448 4371; x_wconf 85' lang='lat' dir='ltr'><strong>inclinatus</strong></span> <span class='ocrx_word' id='word_1_447' title='bbox 473 4318 617 4387; x_wconf 81' lang='lat' dir='ltr'><strong>praecibus</strong></span> <span class='ocrx_word' id='word_1_448' title='bbox 641 4318 667 4370; x_wconf 90' lang='lat' dir='ltr'><strong>d.</strong></span> <span class='ocrx_word' id='word_1_449' title='bbox 687 4319 795 4372; x_wconf 86' lang='lat' dir='ltr'><strong>comitis</strong></span> <span class='ocrx_word' id='word_1_450' title='bbox 819 4325 847 4371; x_wconf 89' lang='lat' dir='ltr'><strong>et</strong></span> <span class='ocrx_word' id='word_1_451' title='bbox 873 4317 988 4372; x_wconf 86' lang='lat' dir='ltr'><strong>aliorum</strong></span> <span class='ocrx_word' id='word_1_452' title='bbox 1011 4318 1144 4371; x_wconf 88' lang='lat' dir='ltr'><strong>laicorum</strong></span> <span class='ocrx_word' id='word_1_453' title='bbox 1170 4323 1196 4371; x_wconf 88' lang='lat' dir='ltr'><strong>et</strong></span> <span class='ocrx_word' id='word_1_454' title='bbox 1225 4318 1387 4371; x_wconf 79' lang='lat' dir='ltr'><strong>elericorum</strong></span> 
     </span>
     <span class='ocr_line' id='line_1_45' title="bbox 144 4404 1387 4476; baseline -0.002 -17"><span class='ocrx_word' id='word_1_455' title='bbox 144 4413 260 4476; x_wconf 84' lang='lat' dir='ltr'><strong>accepto</strong></span> <span class='ocrx_word' id='word_1_456' title='bbox 279 4423 296 4458; x_wconf 88' lang='lat' dir='ltr'><strong>a</strong></span> <span class='ocrx_word' id='word_1_457' title='bbox 313 4405 422 4458; x_wconf 85' lang='lat' dir='ltr'><strong>Joanne</strong></span> <span class='ocrx_word' id='word_1_458' title='bbox 435 4405 594 4474; x_wconf 88' lang='lat' dir='ltr'><strong>juramento</strong></span> <span class='ocrx_word' id='word_1_459' title='bbox 614 4405 689 4476; x_wconf 88' lang='lat' dir='ltr'><strong>quod</strong></span> <span class='ocrx_word' id='word_1_460' title='bbox 708 4406 784 4460; x_wconf 91' lang='lat' dir='ltr'><strong>nullo</strong></span> <span class='ocrx_word' id='word_1_461' title='bbox 803 4404 887 4458; x_wconf 91' lang='lat' dir='ltr'><strong>modo</strong></span> <span class='ocrx_word' id='word_1_462' title='bbox 912 4405 1000 4459; x_wconf 90' lang='lat' dir='ltr'><strong>dictos</strong></span> <span class='ocrx_word' id='word_1_463' title='bbox 1024 4421 1173 4476; x_wconf 86' lang='lat' dir='ltr'><strong>yperperos</strong></span> <span class='ocrx_word' id='word_1_464' title='bbox 1195 4405 1321 4474; x_wconf 87' lang='lat' dir='ltr'><strong>aquirere</strong></span> <span class='ocrx_word' id='word_1_465' title='bbox 1339 4421 1387 4474; x_wconf 91' lang='lat' dir='ltr'><strong>po·</strong></span> 
     </span>
    </p>
   </div>
   <div class='ocr_carea' id='block_1_5' title="bbox 140 4491 1489 4563">
    <p class='ocr_par' dir='ltr' id='par_1_5' title="bbox 140 4491 1489 4563">
     <span class='ocr_line' id='line_1_46' title="bbox 140 4491 1489 4563; baseline 0.001 -15"><span class='ocrx_word' id='word_1_466' title='bbox 140 4500 212 4548; x_wconf 88' lang='lat' dir='ltr'><strong>terat</strong></span> <span class='ocrx_word' id='word_1_467' title='bbox 230 4493 333 4563; x_wconf 88' lang='lat' dir='ltr'><strong>recepit</strong></span> <span class='ocrx_word' id='word_1_468' title='bbox 351 4493 386 4546; x_wconf 91' lang='lat' dir='ltr'><strong>ab</strong></span> <span class='ocrx_word' id='word_1_469' title='bbox 405 4509 438 4546; x_wconf 89' lang='lat' dir='ltr'><strong>oo</strong></span> <span class='ocrx_word' id='word_1_470' title='bbox 457 4492 648 4547; x_wconf 87' lang='lat' dir='ltr'><strong>fideiussorem</strong></span> <span class='ocrx_word' id='word_1_471' title='bbox 672 4493 785 4546; x_wconf 89' lang='lat' dir='ltr'><strong>Petrum</strong></span> <span class='ocrx_word' id='word_1_472' title='bbox 811 4491 845 4546; x_wconf 87' lang='lat' dir='ltr'><strong>de</strong></span> <span class='ocrx_word' id='word_1_473' title='bbox 867 4491 952 4546; x_wconf 85' lang='lat' dir='ltr'><strong>Scillo</strong></span> <span class='ocrx_word' id='word_1_474' title='bbox 978 4493 1140 4546; x_wconf 86' lang='lat' dir='ltr'><strong>canonicum</strong></span> <span class='ocrx_word' id='word_1_475' title='bbox 1165 4491 1268 4562; x_wconf 79' lang='lat' dir='ltr'><strong>Ragus.</strong></span> <span class='ocrx_word' id='word_1_476' title='bbox 1296 4491 1329 4546; x_wconf 92' lang='lat' dir='ltr'><strong>de</strong></span> <span class='ocrx_word' id='word_1_477' title='bbox 1352 4491 1388 4546; x_wconf 82' lang='lat'><strong>50</strong></span> <span class='ocrx_word' id='word_1_478' title='bbox 1486 4541 1489 4550; x_wconf 88' lang='lat'><strong>.</strong></span> 
     </span>
    </p>
   </div>
   <div class='ocr_carea' id='block_1_6' title="bbox 144 4579 755 4755">
    <p class='ocr_par' dir='ltr' id='par_1_6' title="bbox 144 4579 755 4755">
     <span class='ocr_line' id='line_1_47' title="bbox 144 4579 703 4652; baseline -0.005 -17"><span class='ocrx_word' id='word_1_479' title='bbox 144 4582 287 4652; x_wconf 83' lang='lat' dir='ltr'><strong>yperperis</strong></span> <span class='ocrx_word' id='word_1_480' title='bbox 306 4587 333 4634; x_wconf 91' lang='lat' dir='ltr'><strong>et</strong></span> <span class='ocrx_word' id='word_1_481' title='bbox 352 4580 387 4634; x_wconf 88' lang='lat' dir='ltr'><strong>de</strong></span> <span class='ocrx_word' id='word_1_482' title='bbox 405 4579 465 4634; x_wconf 89' lang='lat' dir='ltr'><strong>aliis</strong></span> <span class='ocrx_word' id='word_1_483' title='bbox 484 4579 602 4634; x_wconf 85' lang='lat' dir='ltr'><strong>absolvit</strong></span> <span class='ocrx_word' id='word_1_484' title='bbox 621 4583 703 4646; x_wconf 83' lang='lat' dir='ltr'><strong>eum.)</strong></span> 
     </span>
     <span class='ocr_line' id='line_1_48' title="bbox 195 4684 755 4755; baseline 0.004 -17"><span class='ocrx_word' id='word_1_485' title='bbox 195 4685 243 4738; x_wconf 77' lang='lat' dir='ltr'><strong>Eu</strong></span> <span class='ocrx_word' id='word_1_486' title='bbox 262 4685 392 4739; x_wconf 82' lang='lat' dir='ltr'><strong>Bullario</strong></span> <span class='ocrx_word' id='word_1_487' title='bbox 411 4685 557 4755; x_wconf 83' lang='lat' dir='ltr'><strong>Ropusiuo</strong></span> <span class='ocrx_word' id='word_1_488' title='bbox 577 4684 631 4737; x_wconf 82' lang='lat' dir='ltr'><strong>Ml.</strong></span> <span class='ocrx_word' id='word_1_489' title='bbox 649 4702 676 4754; x_wconf 88' lang='lat' dir='ltr'><strong>p.</strong></span> <span class='ocrx_word' id='word_1_490' title='bbox 695 4687 755 4740; x_wconf 63' lang='lat'><strong>436.</strong></span> 
     </span>
    </p>
   </div>
   <div class='ocr_carea' id='block_1_7' title="bbox 0 0 1693 5350">
    <p class='ocr_par' dir='ltr' id='par_1_7' title="bbox 0 0 1693 5350">
     <span class='ocr_line' id='line_1_49' title="bbox 0 0 1693 5350; baseline 0 0"><span class='ocrx_word' id='word_1_491' title='bbox 0 0 1693 5350; x_wconf 95' lang='lat' dir='ltr'><strong> </strong></span> 
     </span>
    </p>
   </div>
  </div>
 </body>
</html>
