3464 5382
682 371 828 442 amasia.
1310 378 1370 442 119

8 600 13 647 ,'
129 563 189 618 sine
206 561 301 634 aliquo
318 561 395 619 detio
413 567 441 619 et
464 562 576 619 tributo.
595 563 674 631 Item,
699 563 723 618 si
740 579 834 620 comes
852 579 908 620 non
927 563 1132 635 recuperaverit
1149 561 1253 620 dictem
1270 569 1373 618 terram

128 649 165 706 ad
183 649 288 706 dictum
306 651 462 718 terminum,
480 651 556 723 quod
580 652 649 708 haec
673 657 755 724 pacta
772 669 828 708 non
847 657 968 719 teneant,
986 651 1039 706 nisi
1066 649 1101 706 de
1122 652 1266 722 utriusque
1286 652 1373 724 partis

1 758 17 788 a
129 737 279 794 voluntate
299 739 336 794 Et
354 739 378 794 si
395 737 487 794 dictm
505 755 598 796 comes
610 755 666 794 non
679 739 838 796 observabit
849 739 921 796 hanc
934 756 1032 812 pacem
1045 745 1074 796 et
1084 739 1269 808 concordiam,
1284 741 1374 796 solvat

129 825 240 880 nomine
258 841 366 896 poenae
383 827 458 882 mflle
475 831 635 883 romanatos
652 827 844 883 communitati
858 826 1161 900 Spalati.1psecomes
1179 833 1374 899 cumquatuor

129 911 189 966 suis
206 911 365 968 bominibus
384 912 478 981 Fatco‚
502 913 593 983 Olesa,
617 913 787 972 Dobrocbna
805 919 833 971 et
849 915 937 972 Beroo
955 915 1029 971 iuret
1047 931 1131 986 super
1149 916 1325 986 evangelium
1343 922 1371 972 et

128 1015 239 1054 crucem
257 999 404 1056 observare
421 1000 570 1072 praedicta,
589 1007 617 1056 et
633 1002 673 1056 ita
690 1001 772 1058 faciet
788 1003 889 1070 iurare,
906 1018 970 1058 cum
987 1001 1103 1058 habebit
1119 1007 1228 1070 terram,
1242 1003 1372 1060 omnibus

129 1087 188 1142 suis
200 1087 366 1142 hominibus.
384 1087 492 1144 Eodem
501 1088 585 1146 modo
595 1089 741 1145 consilium
751 1089 858 1161 Spelati
868 1090 1002 1167 promittit
1020 1089 1114 1146 omnia
1127 1091 1263 1162 promissa
1276 1090 1371 1147 obser·

128 1191 194 1230 vare
207 1179 235 1230 et
250 1175 273 1229 si
291 1191 348 1231 non
366 1175 533 1244 observaret,
551 1177 641 1232 solvat
655 1177 748 1232 comiti
760 1177 834 1232 mille
843 1183 1011 1234 romanatos
1031 1178 1068 1234 Et
1077 1178 1116 1233 sio
1127 1179 1255 1234 iurarunt
1266 1178 1373 1234 iudices

129 1261 247 1318 civitatis
265 1261 442 1334 Lampridius
460 1269 488 1320 et
505 1263 618 1320 Medius
636 1262 778 1332 (trecinae¹
799 1281 864 1320 cum
881 1263 977 1320 Medio
992 1264 1081 1322 Jurcn
1099 1271 1127 1321 et
1144 1267 1254 1322 Lucaro
1274 1265 1371 1322 Stresi.

5 1357 18 1384 t
130 1353 232 1404 Actum
249 1349 278 1406 in
296 1349 399 1422 palatio
417 1350 559 1422 quondam
577 1351 685 1408 comitia
703 1351 813 1420 Heliae,
841 1351 870 1406 in
889 1351 1027 1423 presentia
1045 1353 1126 1408 Pauli
1144 1353 1265 1424 Trepetii
1283 1369 1372 1408 came

128 1437 201 1504 rarii,
219 1437 378 1510 Lampredii
395 1439 548 1510 Zagarelle,
565 1439 656 1494 Zeutii
675 1438 740 1496 Sat,
759 1439 819 1494 Tan
832 1478 838 1492 .
852 1478 879 1494 ..
899 1445 927 1494 et
946 1439 1055 1496 Michae
1072 1439 1166 1496 Jurec.
1185 1441 1371 1512 Temporibus

130 1523 258 1595 Gregorii
276 1525 413 1597 pontilicis
431 1532 461 1584 et
478 1525 644 1582 serenissimi
661 1527 734 1598 regis
752 1525 843 1582 Belae
861 1525 962 1582 Petrus
981 1535 1031 1583 etc
1051 1527 1169 1600 scripsit

181 1612 303 1668 Ιιιιιίιιιι
322 1613 363 1669 De
381 1629 465 1684 reparo
485 1613 616 1670 &actiae
634 1619 660 1670 ct
677 1613 848 1670 Dalmatiae.
866 1612 1069 1672 Semendtrrer
1087 1615 1144 1673 ΠΙ.
1164 1617 1224 1668 598.

183 1750 349 1807 occovn.
368 1755 443 1808 1241.
469 1756 511 1808 23.
536 1753 708 1824 Septembris.
727 1753 794 1810 Bela
816 1753 869 1810 IV.
888 1770 937 1810 rex
956 1753 992 1810 ad
1010 1754 1172 1824 petitionem
1190 1753 1325 1824 Baboneg
1344 1757 1373 1809 et

129 1837 267 1910 Stephani
284 1839 401 1895 fratrom
418 1847 448 1896 et
464 1841 604 1909 comitarer,
623 1840 743 1896 filiorum
763 1841 899 1914 Stephani
916 1842 952 1898 de
970 1841 1073 1898 Gorica
1085 1841 1230 1898 confirmat
1241 1857 1306 1897 cum
1318 1840 1373 1913 pri·

1 1957 18 1982 e
129 1926 230 1998 vilegio
255 1943 306 1983 suo
325 1943 410 1984 aurea
436 1927 513 1982 bulla
536 1929 646 1998 signato
664 1927 738 1984 aliud
764 1929 937 2000 privilegium
964 1930 1105 1984 Homerici
1131 1930 1213 2000 regis,
1240 1927 1373 2000 genitoris

129 2013 181 2081 aui,
199 2013 294 2070 itidem
321 2031 406 2071 aurea
430 2015 507 2071 bulla
533 2016 741 2084 communitum,
766 2032 821 2086 quo
840 2015 1028 2088 pereundam
1046 2015 1189 2088 Stephano
1207 2015 1243 2072 de
1262 2015 1371 2084 (lorica,

129 2101 267 2172 quaedam
293 2107 367 2158 terra
393 2101 528 2170 Vodicba,
555 2119 627 2174 quae
646 2103 735 2174 primo
753 2118 914 2174 possessore
935 2120 995 2172 suo,
1015 2103 1074 2159 sine
1091 2101 1210 2158 haerede
1228 2101 1371 2168 destructo,

129 2205 179 2262 per
196 2205 291 2260 regem
309 2189 400 2245 adbuc
418 2189 514 2244 Belem
532 2189 571 2258 Π,
592 2195 699 2262 patrem
716 2189 857 2246 Homerici
875 2191 957 2262 regis,
976 2207 1028 2262 pro
1046 2189 1174 2246 fidelibus
1194 2191 1324 2258 serviciis,
1343 2196 1371 2246 et

129 2277 279 2349 praecipue
303 2276 380 2347 quod
406 2276 480 2332 idem
507 2276 666 2350 Stephanus
694 2277 835 2348 quendam
862 2284 1004 2350 potentem
1024 2277 1061 2334 de
1078 2278 1234 2335 Theotonia
1259 2279 1371 2334 nomine

128 2364 294 2420 Albricbum
311 2363 348 2421 de
365 2364 460 2421 Micho
477 2365 506 2419 in
519 2365 645 2421 confiniis
658 2364 776 2420 ducatus
789 2364 938 2422 Slevooiac
951 2365 1145 2438 profligaverit,
1158 2366 1260 2422 collata
1271 2365 1370 2433 fuum,

128 2450 164 2508 de
190 2468 265 2508 novo
290 2451 442 2520 confirmat,
466 2452 587 2508 maxime
612 2469 677 2508 cum
703 2454 905 2524 praenominati
930 2453 1064 2526 Baboneg
1090 2459 1119 2511 et
1145 2454 1304 2527 Stephanus
1329 2453 1367 2508 ob

10 2565 16 2576 ι
128 2540 248 2612 insignia
267 2539 407 2596 fidelitatis
425 2556 493 2596 auae
511 2540 616 2608 merita,
644 2541 746 2611 quibus
764 2558 858 2598 coram
876 2542 963 2598 oculis
981 2559 1050 2598 suae
1067 2543 1223 2614 majestatis
1241 2541 1377 2614 multipli-

129 2628 197 2684 citer
209 2627 387 2698 effulgebant,
400 2627 598 2698 gratitudinem
609 2628 682 2698 regis
696 2635 916 2700 promeruerunt
929 2629 1035 2686 Datum
1048 2647 1098 2702 per
1110 2630 1275 2700 magistrum
1287 2629 1374 2685 Bene-

129 2713 237 2772 dictum
255 2715 445 2787 praepositum
462 2714 605 2772 albensem
623 2721 651 2770 et
669 2715 788 2772 electum
805 2717 987 2774 colocensem
1007 2715 1204 2774 Praesentibus
1222 2717 1293 2772 inter
1314 2733 1375 2772 cee-

129 2807 204 2860 teros
230 2808 352 2874 cognato
378 2804 451 2873 regis
477 2801 587 2858 Joanne
614 2801 728 2860 domino
754 2803 870 2860 Sirmiae
895 2811 923 2862 et
949 2805 1050 2861 comite
1072 2804 1227 2873 Baohiensi‚
1245 2804 1374 2882 Dionisio

7 2961 10 2964 Ι
130 2889 206 2947 beno
224 2891 310 2948 toh'us
328 2889 476 2948 Slavoniee
494 2895 522 2946 et
538 2889 672 2960 magistro
689 2891 862 2961 Agaaonnm.

185 2979 330 3050 Odpiooie
348 2985 380 3035 io
396 2994 572 3050 pergameno,
591 2979 622 3034 ia
640 2978 753 3034 arctico
771 2979 879 3034 comitia
896 2979 1032 3036 Ldooiei
1047 2978 1154 3049 Blapoi
1166 2979 1222 3034 Nr.
1235 2981 1261 3032 2.
1272 2979 1371 3035 Aorso-

130 3082 193 3124 aae.
213 3067 296 3136 (Rad.
315 3067 458 3138 Lopatic').
477 3066 519 3121 De
537 3067 629 3122 eodem
647 3067 715 3122 dato
733 3067 856 3122 ratetum
874 3066 983 3121 litterae
1001 3067 1121 3135 ejusdem
1137 3065 1222 3120 Betae
1233 3066 1281 3120 IV
1299 3067 1374 3136 repis

130 3155 229 3211 iisdem
252 3155 395 3226 fratribua
421 3155 572 3226 Bibenegb
598 3160 624 3209 et
651 3153 793 3223 Stephano
811 3153 956 3210 comitibus
973 3153 1007 3208 de
1033 3151 1171 3223 Vodyelte,
1191 3169 1253 3208 cum
1270 3153 1371 3208 decim

126 3243 215 3312 serrae
233 3243 373 3298 teneritas
390 3243 440 3298 aab
458 3243 566 3313 duplici
583 3243 677 3314 sigillo
696 3241 825 3312 collater,
843 3259 862 3297 a
879 3242 1005 3311 capitato
1023 3241 1107 3311 Zcpr.
1121 3241 1154 3297 iic
1166 3241 1233 3297 dcto
1247 3244 1279 3298 15
1291 3243 1371 3297 Febr.

4 3315 22 3336 '¹
130 3331 201 3384 1350
217 3327 256 3384 ad
279 3331 441 3400 petitionem
467 3331 575 3386 comitis
602 3331 710 3400 Daymi
729 3329 790 3400 filii
817 3331 925 3386 comitia
941 3329 1079 3386 Redosioi
1096 3329 1130 3385 de
1149 3329 1261 3400 Blepcy
1280 3334 1373 3385 trees·

130 3423 264 3486 temptor.
281 3418 319 3472 Ie
336 3419 427 3474 eodem
445 3419 569 3474 orcbioio
588 3419 750 3489 Biepciacc
768 3419 818 3474 aab
835 3419 889 3474 Νι.
907 3421 929 3472 1.

183 3540 218 3596 A.
236 3543 312 3598 1241.
332 3544 375 3596 23.
394 3541 565 3610 Scptcrrebris¹
584 3541 653 3596 Bele
670 3541 714 3597 IV
732 3558 782 3598 rex
799 3547 899 3596 notum
911 3556 973 3596 csse
985 3539 1050 3607 vult,
1064 3539 1140 3610 quod
1152 3541 1263 3596 servitis
1275 3539 1372 3596 lauda·

131 3625 206 3696 bilia,
224 3643 295 3698 quae
312 3627 353 3682 illi
376 3628 510 3698 Baboneg
536 3635 564 3683 et
591 3628 750 3700 Stephanus
769 3630 884 3686 comites
902 3628 938 3684 de
956 3627 1102 3699 Wodycha
1119 3628 1168 3684 filii
1186 3629 1294 3684 comitis
1312 3628 1373 3686 Ste-

132 3715 217 3788 phani
234 3715 270 3770 de
287 3714 407 3771 Gorioha
424 3715 453 3771 in
471 3715 587 3770 diversis
606 3715 830 3787 expeditionibus
853 3718 931 3787 regni
951 3715 1081 3772 exhibere
1100 3715 1273 3784 studuerrmt,
1291 3723 1319 3772 et
1336 3716 1372 3772 de

131 3803 177 3860 die
193 3805 222 3858 in
240 3802 314 3859 diem
332 3821 387 3860 non
405 3802 551 3872 desistunt,
576 3801 741 3876 exponendo
766 3821 795 3858 se
821 3809 850 3859 et
867 3820 919 3859 sua
936 3803 1032 3859 multis
1051 3803 1180 3874 periculis
1199 3809 1228 3859 et
1244 3803 1372 3859 fortunae

11 3915 23 3932 ν
130 3891 242 3948 casibus
260 3893 442 3961 incessanter;
461 3892 640 3949 considerans
664 3891 820 3964 specialiter
844 3891 926 3948 fidele
950 3893 1092 3946 servitium
1109 3889 1218 3947 comitis
1237 3889 1372 3962 Stephani

130 3979 166 4034 de
185 3977 313 4048 Goricha,
332 3979 406 4050 quod
434 3985 530 4037 contra
557 3978 698 4050 quendem
721 3985 862 4052 potentem
880 3979 915 4036 de
932 3979 1096 4050 Theotonia,
1115 3979 1227 4034 nomine
1244 3979 1373 4034 comitem

130 4067 293 4122 Albricbum
320 4066 355 4122 de
383 4067 492 4138 Mycha‚
520 4068 640 4124 confinia
656 4067 774 4123 ducatus
793 4067 941 4123 Slavoniae
960 4069 1072 4140 saepius
1090 4067 1273 4132 invadentem,
1292 4064 1371 4120 dimi-

130 4152 220 4210 cando
238 4154 350 4210 viriliter
368 4156 496 4223 exercuit,
524 4155 618 4228 ipsum
642 4155 829 4228 potentialiter
853 4155 1020 4226 superando,
1048 4171 1170 4225 suosque
1188 4153 1224 4209 ad
1242 4153 1372 4208 ultimum

131 4241 325 4297 exterminium
350 4241 557 4313 prosternendo,
582 4259 639 4298 non
665 4243 761 4313 utique
788 4243 895 4314 absque
912 4259 1014 4314 magna
1031 4243 1172 4314 sangvinis
1191 4241 1326 4298 effusione
1344 4245 1372 4295 et

8 4369 13 4383 .
131 4345 246 4385 suorum
263 4330 529 4398 consangnineorum
556 4347 640 4400 quam
659 4329 780 4401 plurium
798 4337 826 4386 et
843 4331 961 4386 militum
979 4331 1124 4400 occisione,
1143 4335 1226 4402 prout
1243 4330 1272 4384 in
1291 4329 1373 4401 privi-

130 4416 209 4488 legiis
227 4418 300 4488 regis
318 4415 458 4472 Hemerici
476 4417 585 4489 plenius
603 4419 766 4486 contuetur,
784 4419 814 4473 in
831 4419 992 4473 memoriam
1004 4433 1146 4484 revocans,
1164 4417 1236 4473 hano
1254 4417 1372 4488 gratiam

21 4515 26 4526 ·
131 4503 211 4560 dictis
223 4503 371 4561 comitibus
384 4509 518 4560 eteorum
530 4503 696 4561 haeredibus
707 4505 788 4560 duxit
803 4505 981 4575 largiendam,
1000 4511 1032 4560 ut
1050 4503 1164 4560 eoadem
1176 4505 1269 4561 nullus
1282 4505 1372 4560 banus

128 4589 253 4662 judicare
280 4591 381 4648 debeat
406 4593 450 4648 vel
476 4593 572 4664 possit,
600 4593 723 4650 eximens
750 4609 799 4650 eos
827 4599 962 4664 perpetuo
980 4611 998 4648 a
1015 4592 1118 4650 iudicio
1137 4599 1166 4649 et
1182 4593 1373 4648 iurisdiccione

131 4679 264 4748 bonatus3
282 4680 426 4738 collectam
443 4681 526 4737 etiam
543 4679 764 4738 ιιιιιιᾱιιιίιιιιιιιιιι
776 4682 804 4738 in
817 4681 877 4736 eius
896 4680 1121 4753 possessionibbs
1139 4681 1233 4736 nullus
1245 4679 1372 4736 officialis

1249 4778 1286 4836 10
