3480 5356
691 435 834 480 saonem.
1186 471 1189 478 .
1314 413 1376 479 347

194 599 387 656 MCLXXVI.
407 604 484 657 12⁷5.
501 599 646 658 Dionisius
666 599 757 656 banus
775 615 868 656 comes
887 598 1058 656 Zaladiensis
1071 599 1216 672 significat,
1234 601 1309 673 quod
1330 619 1379 658 no-

142 687 212 744 biles
239 687 275 744 de
300 687 420 756 susan,
447 687 545 743 blilrov
562 691 590 742 et
607 687 686 756 Bols,
714 686 905 744 exhibuissent
931 688 955 744 si
978 688 1084 744 litteras
1103 687 1225 744 Ladislai
1251 690 1325 760 regis
1350 691 1378 745 in

142 775 244 845 quibus
261 776 287 831 ei
304 774 427 844 mandat,
445 779 477 830 ut
494 774 596 832 dictem
614 780 716 830 terram
737 774 867 832 acmdero
886 779 914 831 et
930 792 948 830 a
965 776 1153 832 castrensibus
1171 775 1206 831 de
1224 777 1333 832 Kustan
1352 781 1381 834 et

143 862 180 917 ab
198 861 355 918 uduornicis
373 879 406 918 ac
424 879 442 918 a
459 863 571 936 populis
591 861 722 917 dominae
744 863 857 933 reginae
875 878 1002 934 separare
1019 862 1128 919 debeat
1153 862 1295 931 Quicum
1315 863 1382 920 Cre·

142 948 220 1018 gorio
239 947 316 1005 bano
334 949 418 1005 fratre
436 965 488 1005 suo
506 955 615 1005 etcum
639 949 701 1004 aliis
724 949 865 1006 nobilibus
883 947 919 1004 de
936 948 1061 1005 districtu
1079 949 1246 1022 Zalediensi,
1264 967 1297 1007 ac
1315 968 1380 1008 cunr

147 1035 221 1092 Sebe
238 1037 342 1092 maiore
360 1037 496 1093 exercitus
514 1035 687 1092 Zaladiensis
705 1041 733 1092 et
749 1040 838 1092 metas
855 1041 943 1092 terrae
962 1035 1094 1106 distinxit,
1112 1053 1184 1107 quae
1201 1039 1382 1095 terminantur

142 1139 206 1179 cum
225 1125 305 1180 vinea
322 1123 399 1192 lbur‚
417 1123 512 1180 foenili
533 1123 705 1194 Horrssuth,
729 1129 803 1180 terra
827 1123 977 1194 Karsmsb,
1001 1125 1081 1180 uinea
1099 1124 1237 1196 Ramugb,
1256 1130 1284 1182 et
1301 1128 1381 1183 vinea

143 1211 289 1266 Michaelis
306 1211 326 1266 J
327 1210 414 1268 scobi.
851 1213 854 1218 '

198 1297 262 1356 cos.
281 1299 351 1369 dipl.
365 1299 480 1368 patriae
498 1299 548 1354 IV.
567 1303 611 1354 54.

195 1421 405 1478 MCLXXVII.
423 1425 499 1478 1275.
519 1421 616 1478 Frater
632 1421 750 1478 Pontius
768 1421 804 1476 de
822 1421 910 1493 Fayn,
928 1421 1059 1491 magister
1071 1419 1219 1482 domorum
1236 1422 1382 1496 hospitalis

145 1525 167 1566 a.
195 1509 334 1566 Jobannis
357 1508 592 1565 Jberosolimitsni
617 1525 667 1580 per
690 1509 867 1580 Hnngariam
894 1513 922 1564 et
948 1507 1108 1566 slavoniam
1134 1509 1280 1580 significat,
1306 1511 1382 1582 quod

144 1613 208 1652 cum
227 1596 357 1652 omnibus
375 1595 507 1652 iratribus
525 1596 583 1652 suis
601 1596 630 1650 in
648 1596 771 1668 capitulo
789 1611 886 1652 eornm
908 1595 936 1650 in
960 1594 1005 1651 die
1023 1595 1202 1652 Ascendonis
1226 1596 1330 1654 domini
1353 1599 1383 1653 in

145 1683 256 1755 Cborgo
275 1667 428 1754 (Curgovo)
446 1683 585 1740 celebrato
604 1699 668 1739 cum
686 1701 720 1740 eo
738 1683 954 1740 'consedentibus
966 1682 1107 1740 videlicet:
1120 1683 1204 1740 fratre
1218 1684 1318 1756 Ugone
1329 1686 1383 1742 Bo·

143 1771 224 1843 raldy
250 1777 429 1843 praeceptore
447 1769 482 1826 de
500 1770 612 1842 Chorgo
637 1776 665 1826 st
686 1771 722 1827 de
740 1770 883 1827 Vdvorhel
906 1787 939 1826 sc
967 1771 1040 1827 sices
1066 1771 1126 1826 eius
1152 1777 1272 1842 gerente,
1298 1773 1384 1829 fratre

146 1857 288 1914 Guilermo
314 1857 350 1914 de
377 1875 398 1913 s.
424 1857 523 1926 Paulo,
550 1863 729 1930 praeceptore
756 1857 791 1914 de
819 1857 961 1930 bechau‚
989 1858 1072 1914 fratre
1099 1859 1200 1930 Ugone
1227 1859 1262 1915 de
1288 1865 1382 1917 monte

146 1946 236 2014 Claro,
262 1949 438 2018 praeceptore
466 1945 501 2000 de
527 1945 608 2012 Alba,
631 1945 715 2002 fratre
737 1944 917 2016 Margaritha,
940 1951 1119 2018 praeceptore
1140 1945 1176 2002 de
1200 1947 1275 2016 Boia,
1298 1947 1382 2004 fratre

146 2033 229 2088 Petro
246 2031 381 2089 Umberto
394 2037 573 2105 praeceptore
590 2032 625 2088 de
643 2032 735 2104 Zyrak
753 2037 781 2089 et
798 2032 858 2088 aliis
877 2032 1096 2105 quamplurimis,
1115 2033 1295 2092 consideratis
1312 2037 1382 2092 mul·

147 2120 258 2191 tipliciis
276 2120 393 2176 semitiis
420 2120 529 2176 comitis
552 2120 679 2176 Perehini
704 2120 849 2191 potestatis
875 2119 910 2175 de
937 2120 1034 2175 Monte
1058 2119 1191 2176 Grecsnsi
1216 2127 1244 2176 et
1270 2124 1384 2180 Antonii

146 2206 238 2262 fratris
256 2207 307 2270 sui,
325 2223 397 2278 quae
414 2207 519 2263 Domui
532 2223 628 2264 eorum
646 2207 675 2262 in
692 2207 809 2264 diversis
825 2206 1037 2262 necessitatibus
1051 2205 1167 2263 fideliter
1180 2207 1383 2280 impenderunt,

146 2295 282 2366 quasdam
304 2300 391 2350 terras
414 2293 515 2350 domus
539 2311 607 2350 suae
629 2311 733 2351 vacuas
751 2299 779 2350 ot
796 2295 876 2365 qnasi
890 2293 1022 2362 desertas,
1044 2294 1134 2350 minor
1150 2294 1337 2352 Pescbenicba
1356 2303 1384 2353 et

146 2381 273 2454 Lykenik
290 2387 409 2450 vocatas,
420 2399 482 2437 cum
496 2383 626 2438 omuibus
639 2382 809 2454 pertinentiis
820 2381 1010 2437 contulissent
1024 2381 1149 2450 Quarum
1163 2383 1279 2454 primam
1291 2385 1382 2441 Borcb

147 2476 175 2526 et
192 2470 299 2541 Zloyna
316 2485 380 2525 cum
398 2469 530 2525 fratribus
549 2471 607 2525 suis
625 2487 660 2526 ex
678 2475 757 2542 parte
775 2469 875 2524 donnus
893 2467 1034 2540 quondam
1052 2474 1209 2539 annuunt,
1228 2470 1262 2526 de
1281 2472 1384 2542 quibus

146 2556 247 2613 domus
275 2558 418 2612 annuatim
444 2558 491 2612 rix
518 2558 601 2612 unius
627 2573 736 2612 marcae
754 2555 891 2612 redditum
911 2555 1087 2628 percipiebat
1117 2555 1262 2614 Dedsrunt
1290 2565 1384 2614 sutem

147 2649 234 2700 terras
250 2645 279 2699 in
297 2643 412 2700 seudum
430 2659 494 2699 cnm
513 2649 609 2716 pacto:
631 2643 706 2715 quod
725 2644 802 2700 nulla
826 2645 933 2698 ratione
953 2644 1061 2714 possint
1078 2643 1114 2699 ab
1132 2643 1236 2699 eisdem
1253 2645 1384 2702 iratribus

150 2735 178 2786 et
196 2747 292 2787 eorum
309 2729 476 2786 haeredibus
494 2732 604 2800 auferri,
622 2731 676 2786 nisi
694 2732 723 2787 in
741 2730 888 2788 manifesta
905 2729 1066 2786 infidelitate
1084 2735 1181 2786 contra
1197 2731 1311 2788 domum
1324 2751 1384 2805 per-

149 2823 256 2890 petrata
274 2823 443 2874 notarentur.
462 2819 608 2874 Praeterea
626 2820 653 2874 in
673 2819 748 2874 silvis
773 2817 809 2873 ad
833 2817 948 2873 domum
974 2817 1010 2872 de
1034 2816 1166 2889 bechan
1185 2819 1383 2889 spectantibus,

144 2910 261 2978 excepta
278 2905 348 2962 silva
365 2905 448 2975 Oves,
466 2911 525 2960 tum
543 2905 620 2976 porci
638 2904 703 2960 dicti
727 2905 854 2961 Perehini
873 2909 902 2959 et
918 2903 1011 2959 fratris
1036 2904 1096 2959 eius
1119 2921 1204 2975 quam
1228 2906 1311 2960 etiam
1335 2922 1382 2978 po·

145 2993 274 3064 pulorurn
302 3009 416 3049 suorum
435 2993 494 3048 sine
512 2981 606 3062 aliqua
628 2992 773 3047 emenone
800 2991 896 3046 tributi
918 2995 1069 3062 pascantur
1095 2995 1124 3045 et
1148 2991 1223 3061 ligna
1246 2997 1303 3047 tam
1330 3010 1381 3065 pro

144 3079 275 3134 aedificiis
299 3096 384 3150 qnam
403 3095 454 3151 pro
472 3095 525 3134 usn
546 3079 687 3150 recipiant
715 3079 816 3136 Omnis
838 3079 901 3133 iura
925 3083 1059 3133 mnarum
1086 3082 1144 3132 tam
1170 3079 1198 3133 in
1224 3081 1382 3136 marturinis

144 3183 228 3237 quam
245 3168 273 3221 in
292 3167 415 3224 collectis
427 3183 499 3237 quae
517 3181 567 3237 per
583 3171 683 3222 terram
696 3165 796 3222 domus
808 3165 878 3221 solvi
891 3169 1100 3232 consueverunt,
1118 3165 1157 3220 illi
1175 3166 1258 3221 etiam
1276 3167 1382 3224 obtine·

145 3255 223 3310 bunt.
250 3245 352 3326 Populi
376 3271 472 3309 eorum
496 3254 524 3308 in
548 3252 650 3310 iudicio
675 3251 850 3309 solummodo
873 3251 928 3308 illis
953 3251 1128 3320 substabunt,
1152 3259 1260 3321 praeter
1283 3271 1382 3310 musas

147 3341 296 3410 homicidii,
315 3358 385 3413 quas
403 3345 566 3413 praeceptor
590 3339 625 3395 de
650 3339 774 3396 Chicban
798 3357 854 3395 una
876 3355 940 3396 cum
964 3339 1065 3394 comite
1090 3339 1225 3396 Perobino
1249 3345 1277 3396 et
1299 3342 1382 3398 fratre

147 3429 207 3484 sius
224 3428 365 3484 iudicabit.
384 3427 532 3484 Caeterum
549 3427 645 3483 domui
663 3428 775 3484 nomine
800 3426 940 3498 pensionis
965 3433 1084 3498 quatuor
1107 3443 1215 3484 marcas
1238 3430 1382 3484 annuatim

145 3518 253 3573 solvent
272 3519 300 3572 in
319 3515 429 3572 duobus
457 3514 580 3572 terminis
598 3531 663 3570 cum
684 3515 807 3585 quinque
829 3514 923 3586 pensis
947 3511 1121 3569 denariorum
1147 3515 1381 3585 Zagrsbiensium.

195 3606 244 3662 Eu
262 3605 374 3660 cretico
392 3604 523 3660 camerali
541 3603 674 3658 Badcnsi.
700 3601 820 3656 Wcascl:
841 3601 905 3657 Cod.
925 3601 994 3670 dipl.
1014 3601 1119 3670 Arpcd.
1138 3602 1190 3656 ΙΧ.
1209 3607 1270 3658 128.

179 3725 402 3782 llCLXXVIIl.
421 3729 498 3781 1275.
516 3725 678 3797 Capitulum
696 3723 827 3780 ecclesiam
847 3721 1040 3794 Zagrabisnsis
1059 3722 1202 3793 significat,
1221 3724 1298 3794 qnod
1316 3725 1382 3782 wls

145 3815 218 3870 filius
236 3814 393 3870 Dobrelecb
411 3813 447 3868 de
465 3813 583 3869 Cassina
606 3817 695 3868 totam
719 3827 799 3868 susm
821 3811 976 3882 portionem
994 3809 1022 3866 in
1040 3809 1162 3866 inferiori
1179 3810 1301 3882 Blagnss
1318 3829 1382 3870 ven·

144 3902 244 3958 diderit
267 3919 317 3973 pro
342 3905 383 3958 11.
406 3900 508 3956 Marcis
531 3899 707 3956 denariorum
733 3897 873 3955 banalium
895 3897 1026 3954 Witbueh
1045 3897 1102 3953 lilio
1120 3897 1232 3954 Martini
1254 3903 1382 3971 ventrosi,

144 3991 284 4046 eeiccione
301 3990 330 4044 in
349 4005 378 4045 se
397 3993 549 4059 assumpta,
568 3993 596 4042 et
614 3986 714 4042 Radlla
731 3985 788 4043 lilio
806 3984 903 4042 Budua
921 3985 1129 4056 consanguineo
1147 3992 1175 4042 et
1192 3993 1383 4046 commatuneo

143 4077 341 4134 consentiente.

195 4165 402 4221 Marcelloos'cls:
420 4165 504 4219 lists.
523 4163 593 4232 dipl.

196 4269 388 4326 MCLXXIX.
417 4272 492 4324 1275.
518 4267 678 4344 Capitulum
704 4267 836 4324 ecclcsiae
863 4267 980 4338 Zagrab.
1007 4271 1104 4322 notum
1130 4267 1203 4336 lacit,
1230 4269 1305 4340 quod
1332 4270 1381 4326 Jo-

143 4357 249 4413 bannes
266 4357 341 4428 prior
358 4356 394 4412 de
411 4355 528 4427 Toplica
545 4355 582 4409 ab
600 4372 656 4410 una
675 4361 753 4426 parte
771 4355 830 4410 viee
848 4361 876 4410 et
893 4355 1004 4411 nomine
1019 4353 1137 4423 abbatis,
1156 4354 1193 4410 ab
1211 4355 1298 4412 altera
1317 4375 1381 4414 vero

145 4445 257 4500 Marcus
279 4445 353 4498 tilius
379 4443 493 4498 Martini
511 4449 539 4497 et
556 4441 705 4498 Radislans
729 4442 802 4496 lilius
824 4441 901 4496 lesui
923 4441 960 4496 de
983 4457 1083 4510 genem
1106 4443 1215 4498 comitis
1240 4445 1382 4502 Ponrsene

144 4533 335 4599 asseruissent,
353 4529 428 4601 quod
447 4546 511 4586 cum
536 4545 620 4600 super
644 4529 725 4584 metis
743 4529 928 4602 possessionis
949 4528 1106 4584 monasterii
1131 4529 1197 4585 dicti
1221 4531 1247 4586 d.
1272 4532 1382 4589 abbatis

143 4617 460 4676 zucha-Chemernieha
483 4621 597 4672 vocene
619 4621 647 4671 et
670 4616 854 4688 possessionis
881 4615 961 4670 Mari
988 4619 1016 4670 et
1042 4615 1174 4672 Radoslai
1201 4618 1382 4678 Stirochenna

145 4712 321 4780 nuncupatae
340 4724 374 4762 ex
393 4713 511 4776 utraque
529 4709 606 4776 parte
628 4705 737 4774 questio
755 4709 831 4760 mota
849 4703 955 4759 fuisset
974 4701 1097 4758 Tandem
1121 4706 1258 4766 mediante
1282 4713 1381 4768 sollici·
