3376 5350
350 275 416 340 424
854 281 873 322 r.
893 264 1102 332 aasumsvrd,

351 471 444 522 autem
464 480 528 518 cum
546 469 638 518 castro
658 471 686 518 et
704 463 833 518 omnibus
851 463 1022 534 pertinentiis
1041 462 1117 517 dedit
1141 461 1231 517 dictae
1255 462 1327 516 lilise
1352 477 1422 516 suae
1449 464 1539 516 uxori
1565 481 1611 516 cu·

351 555 431 608 mitis
449 552 570 608 ladislai
591 552 639 606 lilii
659 551 807 606 Serrusdei
827 551 861 606 de
879 567 980 622 genere
992 551 1083 606 Peech
1101 551 1130 604 in
1149 555 1283 620 quartam.
1297 547 1326 604 Si
1340 548 1388 602 illa
1401 548 1547 604 haeredes
1562 568 1613 604 noa

351 641 487 708 habuerit,
506 657 556 694 nec
575 640 662 693 lilium
689 655 740 694 nec
767 639 859 705 liliam,
883 646 951 694 tuuc
975 645 1039 709 post
1063 645 1180 693 mortem
1199 638 1258 692 eius
1277 635 1441 692 devolvetur
1465 641 1612 709 possessio

353 728 456 784 Oriara
474 727 509 782 ad
528 729 745 798 consanguineos
764 725 855 782 fratris
868 727 995 796 Gregorii
1009 767 1036 780 ..
1055 727 1077 780 si
1091 731 1185 782 autem
1198 727 1329 798 magister
1341 724 1503 795 Gregorius
1518 727 1611 780 adhuc
1665 780 1666 803 ,

353 815 441 870 lilium
460 816 587 870 habuerit
606 821 708 870 extunc
727 831 823 870 omnes
842 815 1029 886 possessiones
1047 813 1092 868 hic
1111 815 1184 868 filius
1202 814 1357 884 possidebit
1374 814 1440 883 jure
1457 816 1610 884 geniturae

352 921 410 958 una
427 919 490 958 cum
509 902 627 973 Oryava,
640 903 715 956 salva
734 909 832 972 quarta
850 901 922 956 filiae
941 919 1016 956 suae.
1035 903 1181 956 Praeterea
1194 899 1310 956 deditio
1325 901 1431 956 donum
1451 903 1525 956 huic
1541 904 1612 958 filiae

353 1008 450 1046 omues
463 1007 557 1046 seruos
569 1007 635 1044 suos
647 997 675 1044 et
686 989 802 1044 ancillas
817 1006 888 1059 quos
902 997 930 1043 et
942 1005 1011 1059 quas
1024 1005 1113 1059 usque
1125 989 1208 1043 modo
1220 989 1313 1059 precio
1332 989 1521 1060 comparavit,
1542 991 1612 1044 sicar:

353 1079 461 1134 litterae
480 1095 563 1148 super
575 1078 618 1132 bis
631 1075 774 1132 confectae
788 1077 937 1142 declarant,
950 1077 1017 1131 item
1030 1091 1124 1131 servos
1137 1083 1164 1131 et
1176 1076 1291 1130 ancillas
1303 1093 1375 1146 quos
1389 1085 1419 1131 et
1432 1093 1510 1147 quas
1524 1083 1614 1132 mater

354 1169 449 1222 uxoris
460 1167 580 1221 Ladislai
594 1181 688 1220 secum
697 1165 830 1231 traduxit,
841 1167 960 1220 restituit
971 1165 1050 1219 filiae.
1061 1166 1188 1231 Quorum
1201 1165 1313 1219 uomina
1322 1173 1399 1219 stant:
1411 1165 1540 1220 Ouanias
1555 1183 1614 1220 curu

354 1271 440 1308 uxore
460 1255 534 1308 Pasa
553 1260 582 1308 et
599 1254 663 1307 liliis
682 1259 709 1307 et
728 1253 851 1318 filiabus,
871 1253 936 1306 item
958 1254 1064 1306 Paulus
1082 1269 1147 1306 cum
1165 1269 1250 1306 uxore
1269 1251 1384 1324 Obepke
1403 1259 1433 1307 et
1452 1253 1471 1306 l
1493 1255 1614 1314 filiabus.

354 1344 420 1396 item
441 1341 568 1412 chydboj
583 1357 645 1394 cum
659 1357 745 1396 uxore
760 1341 906 1395 Maadolna
919 1357 982 1395 cum
995 1342 1012 1394 ‘2
1026 1341 1096 1396 liliis.
1110 1341 1192 1394 Hauc
1206 1341 1300 1410 itaque
1312 1339 1533 1410 dispositionem
1550 1341 1616 1394 Gre-

356 1431 425 1500 gorii
445 1446 528 1498 quam
547 1437 575 1484 et
594 1429 707 1500 capituli
727 1429 752 1482 b.
772 1429 847 1482 Petri
866 1428 900 1483 de
919 1429 1029 1499 Posega
1047 1445 1110 1482 cum
1130 1429 1217 1498 ipsius
1237 1427 1336 1482 litteris
1357 1427 1540 1483 confirmarit
1562 1447 1616 1483 rex.

410 1534 476 1588 Cori.
494 1533 563 1603 dipl.
579 1535 694 1602 patrias
717 1534 765 1586 VI.
779 1549 808 1602 p.
826 1537 886 1588 370.

391 1674 639 1730 MCDLXXVIII.
660 1676 696 1727 Ia
715 1673 784 1728 villa
802 1674 908 1731 Dobsa
928 1677 1002 1728 1291.
1023 1678 1047 1728 7.
1067 1675 1235 1728 Novembris.
1262 1673 1396 1728 Nicotaus
1421 1674 1574 1744 palatinus
1594 1686 1618 1730 et

359 1780 452 1819 comes
464 1762 638 1832 simigiensis
657 1761 705 1816 dat
723 1778 773 1831 pro
787 1761 925 1828 memoria,
944 1760 1020 1830 quod
1038 1777 1131 1816 comes
1150 1761 1242 1816 Endre
1261 1777 1311 1831 pro
1330 1761 1451 1816 Nicolao
1471 1761 1561 1822 bano.
1577 1781 1619 1817 ro-

358 1851 425 1906 mite
443 1849 554 1914 Wollro,
575 1849 687 1902 domino
706 1865 757 1902 suo
775 1849 811 1902 ab
830 1865 885 1902 uua
903 1855 981 1918 parte
999 1856 1027 1902 et
1050 1865 1144 1903 comes
1171 1847 1401 1904 Bartholomaeus
1426 1850 1508 1904 filius
1535 1851 1617 1904 Pauli

355 1954 406 2008 pro
425 1954 454 1992 se
473 1944 501 1992 et
519 1937 619 1992 comite
638 1937 770 1991 Kalmero
787 1937 823 1990 ab
840 1937 927 1990 altera
946 1939 1088 1991 constituti
1116 1953 1209 1991 coram
1233 1953 1274 1997 eo.
1300 1953 1410 1990 causam
1431 1955 1523 2007 quam
1545 1940 1618 1992 idem

355 2026 444 2080 banus
462 2025 490 2078 in
508 2025 612 2078 octavis
630 2024 657 2077 b.
676 2023 804 2078 Andreae
822 2041 865 2093 ap.
885 2041 976 2077 coram
995 2041 1058 2094 rege
1072 2031 1167 2078 contra
1180 2023 1335 2077 antedictos
1347 2024 1479 2092 habebat,
1495 2027 1615 2081 arbitrio

357 2113 482 2182 magistri
500 2111 638 2167 Johsnnis
656 2111 749 2166 fratris
767 2111 888 2181 palatini,
912 2111 999 2181 ipsius
1018 2129 1050 2166 ac
1069 2113 1186 2166 aliorum
1211 2111 1344 2166 nobilium
1369 2111 1560 2168 submiserint
1582 2133 1619 2170 re

357 2199 538 2254 formandam.

348 2351 352 2358 .
415 2305 539 2360 Weoerl:
561 2303 625 2360 cort.
645 2304 714 2376 dipl.
735 2303 842 2375 Arpod.
864 2303 936 2358 XII.
955 2307 1014 2356 514.

410 2444 629 2500 Mcubxxtx.
648 2445 780 2516 Neapoli.
801 2448 877 2500 1291.
893 2447 936 2498 28.
949 2444 1117 2498 Nouembris.
1131 2444 1256 2510 Carolus,
1270 2445 1399 2514 princeps
1412 2443 1615 2502 salernitanus

359 2540 387 2588 et
405 2531 535 2588 Vicsriua
553 2534 582 2588 iu
601 2549 685 2603 reguo
705 2531 814 2588 Siciliae
838 2531 922 2586 Petro
947 2531 981 2585 de
1006 2531 1092 2597 Mara,
1117 2537 1222 2586 secreto
1245 2532 1378 2602 magistro
1403 2534 1563 2602 portulano
1590 2549 1614 2590 et

360 2622 530 2692 procuratori
550 2621 669 2692 Apuliae
688 2621 810 2688 mandat,
834 2627 866 2675 ut
890 2619 998 2674 cuidam
1024 2618 1119 2674 Jursio
1143 2619 1286 2674 extrahere
1311 2620 1384 2674 sinat
1409 2619 1445 2675 de
1471 2623 1615 2690 portubus

360 2709 488 2779 Apuliae,
508 2710 567 2763 sius
581 2710 644 2779 jure
663 2711 794 2774 exiturae,
814 2709 942 2762 frumeuti
962 2709 1064 2762 salmas
1085 2709 1138 2762 ‘200
1160 2713 1188 2762 et
1212 2708 1263 2761 100
1285 2707 1389 2773 bordei,
1409 2707 1558 2764 vehendas
1578 2713 1612 2764 ad

359 2805 453 2867 partes
472 2795 634 2851 sclavoniae
653 2803 681 2850 et
705 2796 860 2850 Dalmatiae
884 2795 919 2848 ad
944 2794 1095 2849 munienda
1118 2801 1207 2850 castra
1232 2795 1313 2849 Pauli
1339 2795 1413 2862 bani,
1438 2797 1561 2868 Georgii
1589 2813 1614 2852 er

360 2883 483 2938 Mladeui
503 2883 627 2948 fratrum,
646 2883 820 2936 dominorum
840 2883 926 2936 totius
945 2881 1108 2936 Sclavoniae
1127 2889 1154 2936 et
1172 2881 1337 2936 Dalmatiae.

411 2987 516 3042 Ruc'lri:
536 2989 624 3042 Arkiv
646 2989 712 3042 VH.
731 3005 758 3058 p.
778 2989 819 3040 15.

413 3128 617 3184 MuuLxxx.
637 3129 770 3199 Neapoli.
790 3131 866 3182 1291.
886 3135 927 3182 aa.
947 3129 1115 3183 Novembris.
1141 3129 1258 3183 Carolus
1283 3127 1320 3182 II.
1346 3145 1394 3183 rex
1419 3129 1546 3196 Siciliae,
1574 3151 1615 3188 se

363 3223 439 3271 creto
458 3217 577 3286 Apuliae
596 3217 772 3286 significata
790 3234 819 3270 se
838 3217 922 3270 fuisse
941 3217 1034 3270 datam
1054 3215 1214 3271 facultatem
1233 3215 1319 3271 Ivano
1339 3216 1374 3270 de
1395 3215 1505 3272 Jadera
1523 3221 1568 3274 sal
1589 3237 1614 3274 er

363 3303 532 3358 frumentum
553 3303 694 3357 deferendi
713 3320 727 3356 e
747 3311 829 3374 partu
848 3303 940 3357 Baroli
959 3304 1001 3357 vel
1022 3302 1230 3358 blaufredoniae
1250 3305 1285 3358 ad
1305 3309 1405 3358 terram
1422 3303 1542 3361 Jadrse.

414 3408 521 3462 catat.-
540 3409 627 3462 Aruv
650 3409 715 3462 ru.
732 3426 760 3476 p.
781 3411 820 3460 15.

414 3547 727 3602 monarchiarum.
748 3549 875 3603 Andreas
893 3548 944 3603 Ill.
964 3566 1012 3604 rex
1036 3549 1142 3603 confert
1167 3549 1259 3604 comiti
1284 3549 1398 3604 Garduu
1419 3551 1478 3606 tilio
1496 3553 1615 3609 alterius

361 3635 476 3690 Garduu
502 3636 536 3690 de
561 3636 671 3690 Greben
692 3637 798 3706 atejus
818 3635 983 3690 haeredibus
1008 3637 1212 3706 possessiouem
1231 3635 1401 3706 Hrastbyna‚
1421 3639 1448 3692 in
1468 3640 1615 3696 vicinitate

361 3723 541 3792 possessionis
551 3721 685 3790 Gereben,
699 3741 783 3794 quam
796 3723 872 3792 prius
886 3723 1027 3790 Nicolaus,
1041 3723 1213 3790 Dominicus‚
1228 3722 1392 3792 Stephanus,
1406 3731 1434 3779 et
1446 3724 1613 3782 Demetrius

362 3810 409 3863 lilii
429 3809 709 3876 bisuntii-tenebant,
729 3810 778 3864 sed
796 3809 832 3864 ob
851 3817 940 3865 certos
959 3817 1037 3865 actus
1056 3812 1179 3864 notorius
1192 3811 1347 3866 amiserant.
1367 3859 1371 3864 .

414 3915 462 3967 Ea·
480 3915 538 3968 Neo
556 3916 714 3984 registrutis
733 3917 804 3967 actis
823 3915 904 3968 Fore.
922 3917 1000 3967 2597.
1019 3930 1062 3968 ur.
1083 3917 1123 3968 12.
1143 3931 1156 3968 e
1174 3917 1252 3986 repat
1279 3917 1410 3971 Oroatiue
1428 3919 1545 3973 archim
1564 3939 1612 3991 per

362 4003 464 4055 tranum
484 4001 766 4070 Klrueu-Hedervtiry
784 4001 895 4056 abiectis.

414 4140 646 4196 MODLXXXII.
667 4146 741 4195 1291.
761 4142 886 4196 Andreas
905 4141 957 4195 Ill.
978 4159 1026 4196 rex
1044 4143 1176 4210 notificat,
1195 4143 1270 4214 quod
1295 4143 1360 4214 quia
1386 4159 1480 4198 comes
1500 4147 1612 4218 (Zegre-

361 4229 474 4296 biensis)
494 4231 669 4298 Gyarmuuus
688 4246 705 4282 a
722 4229 817 4284 multis
836 4231 978 4284 retroactis
998 4231 1168 4300 temporibus
1193 4232 1220 4284 iu
1246 4231 1374 4284 omuibus
1392 4232 1515 4302 negotiis
1535 4236 1612 4290 obse·

363 4317 460 4386 quiosa
484 4317 582 4370 merita
608 4316 706 4370 devote
732 4316 880 4385 impendit,
908 4317 1029 4386 primum
1055 4318 1191 4387 siquidem
1217 4335 1250 4372 eo
1273 4325 1398 4388 tempore
1423 4321 1540 4389 quando
1565 4341 1611 4377 rex

360 4402 452 4456 adhuc
471 4411 548 4457 extra
566 4404 697 4458 terminos
717 4405 793 4472 regui
812 4403 864 4457 fuit
883 4411 910 4457 et
934 4421 968 4458 ex
993 4406 1123 4458 missione
1140 4406 1333 4475 praelatorum,
1353 4406 1490 4462 baronum
1510 4417 1540 4463 et
1564 4429 1610 4464 no-

361 4490 448 4543 bilum
473 4492 551 4559 regni
577 4491 603 4544 in
632 4491 816 4560 legationibus
841 4491 921 4545 variis
946 4493 1003 4562 regi
1030 4491 1192 4557 deferendis,
1218 4492 1313 4547 multis
1335 4493 1461 4548 fortunae
1488 4498 1607 4555 casibus

362 4576 484 4645 pericula
502 4577 597 4631 mortis
616 4595 671 4632 nou
691 4577 847 4644 formidans,
867 4578 991 4632 exhibuit
1007 4579 1168 4634 famulatus.
1188 4579 1264 4634 Idam
1290 4581 1375 4634 etiam
1399 4587 1528 4652 tempore
1555 4585 1609 4638 Du·
