3544 5344
715 363 861 408 monera.
1388 347 1410 415 5

219 527 300 584 XVI.
321 527 500 583 Oirca1200.
520 527 685 582 Homericus
703 544 751 584 rex
770 528 866 598 Hung.
886 535 913 582 et
932 528 1060 585 Oroatiae
1078 531 1200 602 capitulo
1220 532 1370 603 spalatensi
1382 541 1410 589 et

167 617 253 672 totius
270 615 347 670 urbis
365 615 512 670 conventui
530 615 647 680 intimat,
666 614 741 684 quod
765 615 862 669 litteris
882 633 931 686 per
948 633 1045 672 eorum
1062 619 1175 672 nuntios
1194 620 1312 690 receptis
1330 619 1408 676 intel-

166 703 272 768 lexerit,
296 699 372 772 quod
389 701 540 756 Jadrenses
560 702 665 772 jactent
687 717 717 756 se
742 703 920 772 episcopatus
944 703 1158 760 scardonensem
1176 711 1203 761 et
1220 723 1373 764 nonensem
1392 726 1409 764 a

166 789 251 846 modo
270 805 456 860 possessuros.
477 789 549 856 Quia
567 789 649 858 igitur
667 807 723 844 non
741 789 800 844 vult
814 790 879 860 jura
897 807 993 845 eorum
1011 792 1135 846 minuere
1154 799 1203 848 aut
1215 794 1330 863 privare,
1344 811 1408 850 con-

166 877 258 932 firmat
272 877 393 932 totaliter
411 876 504 930 omnia
516 892 612 932 eorum
627 876 699 946 jura,
718 876 887 946 mandatque
905 894 1001 932 eorum
1020 879 1202 948 suffraganeis
1220 881 1296 951 regia
1315 889 1408 937 aucto·

166 965 256 1031 ritate,
274 969 411 1034 quatenus
425 962 547 1018 debitum
562 964 696 1019 honorem
708 971 736 1019 et
747 952 927 1020 reverentiam
944 965 1094 1035 spalatensi
1107 967 1239 1022 ecclesiae
1252 968 1407 1024 exhibeant.

219 1051 337 1106 Lucius:
359 1053 501 1121 Darapsa
520 1051 644 1106 Dalmat.
663 1057 688 1105 et
709 1051 839 1106 &cutiae
856 1053 919 1106 Lu.
938 1053 995 1107 111.
1014 1070 1074 1122 cop.
1094 1055 1179 1110 XIII.

218 1181 315 1236 XVII.
337 1181 420 1236 ticon
444 1199 469 1236 a.
494 1185 577 1235 1200.
606 1181 757 1252 Gregorius
781 1183 816 1238 de
841 1189 936 1238 sancto
961 1185 1096 1255 apostolo,
1116 1191 1229 1240 sanctae
1247 1187 1353 1241 Mariae
1379 1186 1408 1240 in

168 1269 279 1324 Portica
296 1267 430 1323 diaeonus
448 1267 601 1334 cardinalis,
620 1269 745 1324 notificat
762 1270 835 1324 elero
854 1277 882 1324 et
900 1271 1004 1340 populo
1024 1271 1181 1342 spalatensi,
1201 1272 1276 1342 quod
1295 1273 1408 1328 fratrem

169 1357 289 1411 Micham
308 1355 444 1410 larensem
463 1355 624 1426 episcopum
643 1356 762 1424 benigne
780 1358 912 1427 receperit
931 1364 958 1412 et
972 1358 1000 1411 in
1013 1358 1055 1422 iis,
1068 1375 1140 1427 quae
1159 1359 1212 1412 sibi
1229 1360 1307 1414 novit
1325 1377 1408 1430 expe

166 1443 234 1510 dire,
254 1443 387 1497 auxilium
399 1443 424 1496 ei
439 1441 574 1513 impendit
592 1449 619 1496 et
636 1443 767 1510 favorem,
780 1451 808 1498 et
821 1445 886 1514 quia
903 1443 976 1498 illius
995 1445 1133 1515 promotio
1151 1445 1285 1500 honorem
1296 1445 1408 1500 illorum

166 1529 274 1584 videtur
286 1529 429 1600 respicere,
446 1529 566 1584 consulit
582 1529 644 1596 illis,
667 1535 699 1584 ut
716 1529 904 1585 defensionem
923 1531 983 1600 ejus
1002 1531 1148 1586 efficaciter
1164 1531 1301 1598 adiuvent,
1321 1533 1407 1588 credit

168 1619 249 1684 enim,
268 1616 343 1686 quod
362 1617 435 1682 siea,
455 1633 509 1686 que
527 1617 555 1671 in
573 1617 670 1672 litteris
689 1618 847 1688 apostolicis
865 1617 1048 1684 continentur,
1067 1617 1184 1688 probata
1202 1618 1310 1679 fuerint,
1330 1619 1405 1688 quod

168 1705 195 1758 in
214 1703 288 1758 dicto
307 1703 439 1774 episcopo
457 1719 506 1774 per
518 1703 707 1773 spalatensem
719 1704 864 1759 eeclesiam
875 1703 1057 1759 comtitutum
1074 1704 1171 1771 fuerat,
1186 1710 1312 1775 optatum
1324 1705 1407 1760 mem

168 1797 359 1860 consequetur.

220 1877 335 1932 Parieti
352 1877 432 1946 lllyr.
450 1891 521 1932 sacr.
542 1877 571 1930 Τ.
590 1876 641 1934 IV.
658 1893 687 1946 p.
707 1881 770 1931 247.

220 1999 331 2054 XVIII.
344 1999 424 2054 Circa
436 2016 462 2054 a.
475 2003 558 2053 1200.
571 2000 708 2056 Belcenus
722 1999 851 2056 sacerdos
864 2017 884 2054 s.
899 2001 1005 2056 Mariae
1017 1999 1051 2056 de
1064 1999 1168 2056 Salam
1180 2005 1321 2067 atestatur,
1332 2000 1407 2070 quod

170 2086 287 2157 propriis
300 2085 411 2140 auribus
429 2086 564 2141 audiverit
576 2093 604 2141 et
616 2089 674 2141 suis
686 2088 789 2142 occulis
809 2087 974 2158 cognoverit,
994 2087 1112 2156 qualiter
1124 2086 1264 2142 Adrianus
1276 2087 1407 2156 Uagams

168 2179 196 2227 et
210 2172 298 2242 judex
315 2174 387 2242 regis
399 2173 545 2243 Ungariae‚
565 2190 597 2228 ac
615 2179 740 2244 tempore
757 2175 805 2228 illo
823 2175 914 2228 banus
929 2173 1001 2242 regis
1019 2173 1167 2242 Ungariae,
1180 2172 1302 2242 quodam
1314 2173 1407 2227 furore

166 2260 285 2316 afflictus
302 2261 426 2316 ascendit
444 2277 527 2332 super
545 2277 648 2330 equum
666 2277 755 2326 suum,
774 2269 802 2316 et
819 2261 887 2316 dum
905 2267 1001 2316 contra
1017 2259 1152 2315 honorem
1170 2260 1301 2315 ecclesiae
1320 2261 1407 2314 sancti

13 2354 22 2370 ·
110 2399 113 2406 ,
166 2347 307 2404 Benedicti
331 2348 473 2418 equitaret,
497 2356 567 2404 nutu
585 2349 679 2403 divino
697 2349 732 2404 de
750 2366 822 2419 equo
841 2365 892 2403 suo
911 2347 1009 2403 cecidit
1033 2363 1234 2416 recognoscens
1256 2363 1286 2402 se
1303 2347 1407 2402 malum

166 2435 271 2502 fecisse,
295 2435 371 2490 dedit
388 2435 546 2507 praedictae
564 2436 695 2490 ecclesiae
713 2453 734 2489 s.
753 2435 894 2490 Benedicti
912 2435 947 2490 de
967 2434 1082 2504 Spalato
1100 2439 1187 2488 terras
1208 2433 1243 2488 de
1262 2433 1355 2488 Saline
1380 2440 1408 2488 st

166 2527 252 2578 terram
270 2521 305 2578 de
322 2523 506 2589 Bellen...to,
526 2539 597 2592 quae
615 2523 727 2578 fuerunt
745 2529 809 2578 ante
827 2523 984 2589 Saloninae,
1003 2539 1054 2592 pro
1072 2521 1194 2578 remedio
1209 2521 1316 2574 animae
1329 2536 1405 2576 suae.

165 2609 269 2676 Testes,
289 2609 336 2679 qui
357 2617 444 2666 terras
468 2609 654 2677 ostenderunt,
678 2611 802 2664 fuerunt:
827 2610 941 2680 Dragus
959 2609 995 2665 de
1014 2609 1205 2674 Constantino,
1230 2607 1350 2661 Duimus
1369 2607 1404 2661 de

167 2697 329 2763 Salsaminn,
348 2696 427 2752 Rada
444 2695 479 2750 de
504 2696 626 2768 Spinola
650 2697 743 2752 Dessa
760 2697 794 2753 de
818 2697 898 2764 Istra,
917 2697 1009 2751 Dessa
1026 2695 1061 2752 de
1080 2697 1225 2764 Hungam,
1243 2693 1314 2749 Iura
1332 2693 1405 2748 lilius

167 2783 297 2850 Mathiae,
316 2783 445 2838 sacerdos
464 2790 492 2838 et
508 2785 639 2854 magister
652 2784 772 2851 Gabriel,
794 2785 865 2840 sieut
883 2801 917 2839 ex
933 2801 980 2840 ore
992 2783 1126 2838 iadrsnsis
1139 2781 1282 2853 presbiteri
1297 2781 1407 2836 'Iisceni

138 2905 141 2910 ,
167 2869 278 2936 audivit,
297 2870 336 2924 ita
354 2871 486 2926 veraciter
504 2871 620 2942 scripsit.

220 2956 295 3026 Θήρ.
313 2957 343 3011 tn
359 2971 437 3026 perp.
455 2957 487 3012 ia
505 2958 617 3013 arctico
636 2958 799 3013 taeniolium
817 2958 844 3012 S.
862 2957 972 3012 Mariae
990 2955 1118 3010 Jadrrae.

219 3079 300 3134 XIX.
321 3079 399 3147 Bari,
423 3086 447 3132 8.
462 3080 604 3148 februarii
621 3083 695 3133 1201.
714 3079 861 3149 Garganus
884 3078 920 3133 de
939 3077 1057 3133 Gortisio
1077 3076 1247 3146 justiciarius
1272 3074 1405 3143 barensis,

166 3167 226 3222 Leo
244 3167 391 3222 Mancinus
406 3165 502 3236 judex,
527 3167 668 3236 Rogerius
691 3166 779 3220 Madii
803 3166 971 3231 ammiratus,
996 3163 1070 3218 filius
1094 3170 1123 3218 et
1139 3164 1198 3217 Leo
1216 3163 1314 3218 Utcius
1332 3162 1406 3218 cives

166 3253 238 3318 Bari,
257 3251 399 3307 voluntate
423 3253 547 3308 omnium
573 3253 673 3308 civium
694 3254 789 3324 jurant
816 3251 852 3306 ad
870 3268 950 3306 sacra
967 3251 1109 3320 evangelia
1127 3250 1235 3304 firmam
1253 3265 1351 3320 pacem
1369 3247 1405 3302 ad

169 3339 203 3394 12
220 3355 308 3394 annos
325 3345 419 3394 tenue
437 3357 500 3394 cum
518 3340 675 3410 Ragusinis.
688 3340 834 3410 Regnante
848 3338 992 3393 hhederieo
1004 3354 1070 3407 rege
1083 3337 1192 3392 Siciliae
1204 3335 1275 3391 duce
1286 3335 1406 3408 Apuliae

167 3433 195 3482 et
213 3426 336 3497 principe
355 3425 477 3497 Capuae.

218 3529 332 3597 Mulie:
352 3531 536 3586 Monamcata
553 3532 712 3600 spectantia
730 3531 878 3586 hutonem
896 3529 1043 3585 diaconam
1055 3528 1281 3584 meridionalium
1294 3527 1350 3596 Ip.
1363 3529 1405 3580 20.

218 3659 284 3714 XX.
303 3664 383 3714 1201.
402 3661 567 3718 Hemericus
586 3661 683 3732 Hung.
696 3661 788 3716 Dalm.
802 3660 934 3716 Oroaoiae
946 3659 1108 3729 Ramaeque
1126 3675 1176 3713 rex
1194 3657 1229 3712 ad
1246 3657 1406 3711 instantiam

164 3745 304 3802 Dominici
323 3748 446 3818 episcopi
465 3748 658 3818 nagrabiensis,
678 3755 764 3803 terras
779 3765 813 3803 ac
824 3747 944 3818 praedia,
963 3763 1036 3816 quae
1053 3745 1222 3800 monasterio
1234 3742 1406 3813 zagrahiensi

165 3831 267 3888 devota
289 3834 406 3889 contulit
430 3835 587 3904 antiquitas,
612 3853 662 3906 per
684 3836 813 3892 clericum
831 3834 967 3889 Thomam
989 3833 1130 3889 albensem
1154 3831 1318 3887 canonicum
1342 3829 1407 3884 lecit

163 3920 326 3986 collustrari,
345 3921 490 3991 munitque
507 3922 672 3978 donationes
690 3923 766 3992 regia
784 3922 954 3976 auctoritate.
972 3923 1073 3976 Terrae
1086 3926 1179 3974 autem
1192 3925 1269 3974 sunt:
1282 3915 1406 3970 Primum

163 4007 256 4062 locum
280 4007 387 4062 ratione
410 4007 552 4076 dignitatis
578 4009 704 4064 vendicat
728 4008 872 4078 Zagrabia.
898 4008 969 4078 Ejus
987 4013 1061 4062 meta
1078 4006 1173 4075 incipit
1191 4005 1219 4058 in
1237 4005 1298 4058 loco
1316 4003 1407 4058 Kerec

163 4093 200 4148 ad
218 4095 307 4148 nsum
326 4093 493 4150 Circuenina.
512 4094 583 4150 Inde
601 4111 690 4166 usque
708 4095 823 4150 fluvium
841 4095 922 4150 Sava.
941 4096 994 4149 Per
1006 4109 1118 4148 cursum
1130 4092 1220 4146 Savae
1232 4091 1358 4160 pervenit
1371 4088 1406 4144 ad

161 4179 351 4236 molendinum
371 4181 536 4252 episcopale,
556 4181 604 4236 uhi
621 4181 728 4236 rivulus
746 4182 873 4236 Temava
890 4181 980 4236 influit
997 4181 1026 4234 in
1044 4179 1154 4246 Savum,
1173 4193 1269 4234 versus
1288 4183 1406 4248 septem·

161 4268 280 4324 trionem
299 4266 395 4322 dividit
412 4273 514 4322 mamm
532 4275 605 4324 terra
622 4269 741 4324 hominis
761 4268 845 4322 Cena.
865 4267 974 4322 Deinde
991 4283 1041 4337 per
1059 4267 1165 4337 sylvam
1184 4271 1211 4321 et
1228 4280 1357 4335 campum
1370 4262 1406 4316 ad

162 4354 293 4409 vinitores
312 4355 393 4424 regis.
405 4354 486 4408 Iiliuo
504 4371 554 4424 per
569 4355 676 4425 sylvam
689 4354 724 4408 ad
737 4356 826 4410 rivum
838 4355 972 4424 majorem
984 4355 1086 4419 Blisna,
1103 4361 1131 4408 et
1142 4352 1260 4408 rivulum
1272 4351 1405 4405 minorem

163 4441 266 4495 Blisna
284 4439 394 4495 Deinde
411 4457 507 4495 versus
526 4443 750 4512 septemtrionem
764 4441 800 4495 ad
813 4442 906 4496 villam
926 4439 1064 4506 ecclesiae,
1081 4457 1166 4510 quam
1181 4439 1268 4494 tenuit
1280 4442 1405 4491 Baranns

163 4526 285 4582 deosum
313 4527 384 4582 Inde
402 4525 438 4580 ad
456 4526 634 4597 Turpignam,
653 4527 718 4582 inde
736 4545 786 4598 per
804 4543 937 4596 magnum
954 4531 1078 4580 montem
1089 4527 1124 4581 ad
1137 4541 1267 4595 magnam
1283 4527 1404 4588 stratam,

161 4609 264 4670 deinde
287 4629 337 4685 per
360 4613 461 4670 vallem
484 4613 520 4670 ad
538 4613 654 4670 fluvium
678 4614 761 4684 Deae,
781 4615 830 4691 qui
853 4615 882 4668 in
906 4614 961 4672 fine
983 4614 1085 4674 montis
1103 4613 1169 4670 Ises
1186 4611 1275 4666 influit
1292 4608 1407 4664 fluvium
