<?xml version="1.0" encoding="UTF-8"?>
<!DOCTYPE html PUBLIC "-//W3C//DTD XHTML 1.0 Transitional//EN"
    "http://www.w3.org/TR/xhtml1/DTD/xhtml1-transitional.dtd">
<html xmlns="http://www.w3.org/1999/xhtml" xml:lang="en" lang="en">
 <head>
  <title>
</title>
<meta http-equiv="Content-Type" content="text/html;charset=utf-8" />
  <meta name='ocr-system' content='tesseract 3.04.00' />
  <meta name='ocr-capabilities' content='ocr_page ocr_carea ocr_par ocr_line ocrx_word'/>
</head>
<body>
  <div class='ocr_page' id='page_1' title='image "./regestadocument00sakcgoog_0284.png"; bbox 0 0 3480 5356; ppageno 0'>
   <div class='ocr_carea' id='block_1_1' title="bbox 344 421 1083 500">
    <p class='ocr_par' dir='ltr' id='par_1_1' title="bbox 344 421 1083 500">
     <span class='ocr_line' id='line_1_1' title="bbox 344 421 1083 500; baseline 0 -12"><span class='ocrx_word' id='word_1_1' title='bbox 344 421 407 488; x_wconf 71' lang='lat'><strong>278</strong></span> <span class='ocrx_word' id='word_1_2' title='bbox 844 445 864 486; x_wconf 91' lang='lat'><strong>1.</strong></span> <span class='ocrx_word' id='word_1_3' title='bbox 886 431 1083 500; x_wconf 72' lang='lat' dir='ltr'><strong>somnone,</strong></span> 
     </span>
    </p>
   </div>
   <div class='ocr_carea' id='block_1_2' title="bbox 343 607 1587 2936">
    <p class='ocr_par' dir='ltr' id='par_1_2' title="bbox 343 607 1587 2936">
     <span class='ocr_line' id='line_1_2' title="bbox 349 607 1585 680; baseline 0.001 -15"><span class='ocrx_word' id='word_1_4' title='bbox 349 609 495 680; x_wconf 87' lang='lat' dir='ltr'><strong>equiorum</strong></span> <span class='ocrx_word' id='word_1_5' title='bbox 512 622 614 680; x_wconf 81' lang='lat' dir='ltr'><strong>genera</strong></span> <span class='ocrx_word' id='word_1_6' title='bbox 631 613 756 665; x_wconf 89' lang='lat' dir='ltr'><strong>curasset</strong></span> <span class='ocrx_word' id='word_1_7' title='bbox 766 607 942 665; x_wconf 87' lang='lat' dir='ltr'><strong>laudabiliter</strong></span> <span class='ocrx_word' id='word_1_8' title='bbox 963 609 1101 676; x_wconf 84' lang='lat' dir='ltr'><strong>exhibere,</strong></span> <span class='ocrx_word' id='word_1_9' title='bbox 1113 609 1226 666; x_wconf 86' lang='grc' dir='ltr'>ιιιιιιιι</span> <span class='ocrx_word' id='word_1_10' title='bbox 1238 614 1347 668; x_wconf 90' lang='lat' dir='ltr'><strong>mortuo</strong></span> <span class='ocrx_word' id='word_1_11' title='bbox 1369 609 1475 678; x_wconf 82' lang='lat' dir='ltr'><strong>eodem,</strong></span> <span class='ocrx_word' id='word_1_12' title='bbox 1494 609 1585 680; x_wconf 80' lang='grc' dir='ltr'>ιιιιιι,</span> 
     </span>
     <span class='ocr_line' id='line_1_3' title="bbox 343 696 1584 768; baseline 0 -15"><span class='ocrx_word' id='word_1_13' title='bbox 343 696 498 753; x_wconf 71' lang='lat' dir='ltr'><strong>adhaerens</strong></span> <span class='ocrx_word' id='word_1_14' title='bbox 515 711 634 752; x_wconf 87' lang='lat' dir='ltr'><strong>coronae</strong></span> <span class='ocrx_word' id='word_1_15' title='bbox 653 697 746 768; x_wconf 78' lang='lat' dir='ltr'><strong>regiae</strong></span> <span class='ocrx_word' id='word_1_16' title='bbox 763 711 827 752; x_wconf 89' lang='lat' dir='ltr'><strong>cum</strong></span> <span class='ocrx_word' id='word_1_17' title='bbox 846 713 954 754; x_wconf 87' lang='lat' dir='ltr'><strong>summo</strong></span> <span class='ocrx_word' id='word_1_18' title='bbox 980 696 1136 754; x_wconf 86' lang='lat' dir='ltr'><strong>devotionis</strong></span> <span class='ocrx_word' id='word_1_19' title='bbox 1154 697 1253 754; x_wconf 91' lang='lat' dir='ltr'><strong>ardore</strong></span> <span class='ocrx_word' id='word_1_20' title='bbox 1271 697 1584 754; x_wconf 81' lang='lat' dir='ltr'><strong>eximiaeiidelitatisa</strong></span> 
     </span>
     <span class='ocr_line' id='line_1_4' title="bbox 343 783 1583 856; baseline -0.001 -16"><span class='ocrx_word' id='word_1_21' title='bbox 343 785 439 840; x_wconf 88' lang='lat' dir='ltr'><strong>multis</strong></span> <span class='ocrx_word' id='word_1_22' title='bbox 456 788 530 839; x_wconf 89' lang='lat' dir='ltr'><strong>retro</strong></span> <span class='ocrx_word' id='word_1_23' title='bbox 548 784 628 838; x_wconf 88' lang='lat' dir='ltr'><strong>annis</strong></span> <span class='ocrx_word' id='word_1_24' title='bbox 647 783 772 840; x_wconf 75' lang='lat' dir='ltr'><strong>exhibuit</strong></span> <span class='ocrx_word' id='word_1_25' title='bbox 790 783 964 840; x_wconf 81' lang='lat' dir='ltr'><strong>famulatum.</strong></span> <span class='ocrx_word' id='word_1_26' title='bbox 982 785 1082 840; x_wconf 89' lang='lat' dir='ltr'><strong>Dictus</strong></span> <span class='ocrx_word' id='word_1_27' title='bbox 1100 785 1184 841; x_wconf 90' lang='lat' dir='ltr'><strong>etiam</strong></span> <span class='ocrx_word' id='word_1_28' title='bbox 1202 790 1281 856; x_wconf 85' lang='lat' dir='ltr'><strong>pater</strong></span> <span class='ocrx_word' id='word_1_29' title='bbox 1299 785 1358 840; x_wconf 92' lang='lat' dir='ltr'><strong>eius</strong></span> <span class='ocrx_word' id='word_1_30' title='bbox 1383 784 1531 842; x_wconf 87' lang='lat' dir='ltr'><strong>Joahimns</strong></span> <span class='ocrx_word' id='word_1_31' title='bbox 1555 785 1583 839; x_wconf 90' lang='lat' dir='ltr'><strong>in</strong></span> 
     </span>
     <span class='ocr_line' id='line_1_5' title="bbox 343 859 1584 942; baseline 0 -15"><span class='ocrx_word' id='word_1_32' title='bbox 343 871 460 928; x_wconf 83' lang='lat' dir='ltr'><strong>diversis</strong></span> <span class='ocrx_word' id='word_1_33' title='bbox 478 869 556 940; x_wconf 75' lang='lat' dir='ltr'><strong>regni</strong></span> <span class='ocrx_word' id='word_1_34' title='bbox 574 869 798 939; x_wconf 73' lang='lat' dir='ltr'><strong>expeditionibus</strong></span> <span class='ocrx_word' id='word_1_35' title='bbox 824 871 966 942; x_wconf 76' lang='lat' dir='ltr'><strong>protegis</strong></span> <span class='ocrx_word' id='word_1_36' title='bbox 984 875 1012 926; x_wconf 87' lang='lat' dir='ltr'><strong>et</strong></span> <span class='ocrx_word' id='word_1_37' title='bbox 1029 871 1107 941; x_wconf 83' lang='lat' dir='ltr'><strong>regni</strong></span> <span class='ocrx_word' id='word_1_38' title='bbox 1129 859 1290 928; x_wconf 80' lang='lat' dir='ltr'><strong>defensione</strong></span> <span class='ocrx_word' id='word_1_39' title='bbox 1312 872 1401 928; x_wconf 90' lang='lat' dir='ltr'><strong>donec</strong></span> <span class='ocrx_word' id='word_1_40' title='bbox 1418 872 1488 927; x_wconf 83' lang='lat' dir='ltr'><strong>vixit</strong></span> <span class='ocrx_word' id='word_1_41' title='bbox 1505 875 1584 942; x_wconf 66' lang='grc' dir='ltr'>ςιιιι</span> 
     </span>
     <span class='ocr_line' id='line_1_6' title="bbox 345 955 1586 1030; baseline -0.001 -17"><span class='ocrx_word' id='word_1_42' title='bbox 345 957 481 1030; x_wconf 89' lang='lat' dir='ltr'><strong>impendit</strong></span> <span class='ocrx_word' id='word_1_43' title='bbox 499 957 618 1024; x_wconf 82' lang='lat' dir='ltr'><strong>servitia,</strong></span> <span class='ocrx_word' id='word_1_44' title='bbox 636 955 721 1012; x_wconf 81' lang='lat' dir='ltr'><strong>frater</strong></span> <span class='ocrx_word' id='word_1_45' title='bbox 738 971 851 1028; x_wconf 87' lang='lat' dir='ltr'><strong>quoque</strong></span> <span class='ocrx_word' id='word_1_46' title='bbox 876 955 942 1012; x_wconf 89' lang='lat' dir='ltr'><strong>dieti</strong></span> <span class='ocrx_word' id='word_1_47' title='bbox 966 956 1091 1012; x_wconf 87' lang='lat' dir='ltr'><strong>Thomas</strong></span> <span class='ocrx_word' id='word_1_48' title='bbox 1116 961 1194 1028; x_wconf 83' lang='lat' dir='ltr'><strong>pater</strong></span> <span class='ocrx_word' id='word_1_49' title='bbox 1217 957 1365 1030; x_wconf 89' lang='lat' dir='ltr'><strong>Philippus</strong></span> <span class='ocrx_word' id='word_1_50' title='bbox 1389 957 1586 1028; x_wconf 77' lang='lat' dir='ltr'><strong>Strigoniensis</strong></span> 
     </span>
     <span class='ocr_line' id='line_1_7' title="bbox 346 1043 1585 1116; baseline -0.001 -16"><span class='ocrx_word' id='word_1_51' title='bbox 346 1045 479 1101; x_wconf 73' lang='lat' dir='ltr'><strong>andusiae</strong></span> <span class='ocrx_word' id='word_1_52' title='bbox 498 1043 732 1114; x_wconf 86' lang='lat' dir='ltr'><strong>archiepiscopus,</strong></span> <span class='ocrx_word' id='word_1_53' title='bbox 742 1057 806 1098; x_wconf 94' lang='lat' dir='ltr'><strong>cum</strong></span> <span class='ocrx_word' id='word_1_54' title='bbox 824 1043 1004 1114; x_wconf 82' lang='lat' dir='ltr'><strong>Zagrabiensi</strong></span> <span class='ocrx_word' id='word_1_55' title='bbox 1023 1043 1156 1098; x_wconf 88' lang='lat' dir='ltr'><strong>ecclesiae</strong></span> <span class='ocrx_word' id='word_1_56' title='bbox 1173 1043 1257 1115; x_wconf 79' lang='lat' dir='ltr'><strong>digne</strong></span> <span class='ocrx_word' id='word_1_57' title='bbox 1275 1049 1303 1101; x_wconf 92' lang='grc' dir='ltr'><strong>ιι</strong></span> <span class='ocrx_word' id='word_1_58' title='bbox 1320 1043 1496 1100; x_wconf 84' lang='lat' dir='ltr'><strong>laudabiliter</strong></span> <span class='ocrx_word' id='word_1_59' title='bbox 1508 1059 1585 1116; x_wconf 80' lang='lat' dir='ltr'><strong>prae·</strong></span> 
     </span>
     <span class='ocr_line' id='line_1_8' title="bbox 348 1129 1586 1200; baseline -0.002 -12"><span class='ocrx_word' id='word_1_60' title='bbox 348 1131 450 1200; x_wconf 91' lang='lat' dir='ltr'><strong>siderit,</strong></span> <span class='ocrx_word' id='word_1_61' title='bbox 469 1131 571 1185; x_wconf 90' lang='lat' dir='ltr'><strong>missus</strong></span> <span class='ocrx_word' id='word_1_62' title='bbox 590 1145 641 1200; x_wconf 87' lang='lat' dir='ltr'><strong>pro</strong></span> <span class='ocrx_word' id='word_1_63' title='bbox 659 1130 742 1199; x_wconf 80' lang='lat' dir='ltr'><strong>regiis</strong></span> <span class='ocrx_word' id='word_1_64' title='bbox 760 1129 971 1186; x_wconf 87' lang='lat' dir='ltr'><strong>necessitatibus</strong></span> <span class='ocrx_word' id='word_1_65' title='bbox 989 1129 1025 1184; x_wconf 90' lang='lat' dir='ltr'><strong>ad</strong></span> <span class='ocrx_word' id='word_1_66' title='bbox 1043 1145 1187 1185; x_wconf 89' lang='lat' dir='ltr'><strong>romanam</strong></span> <span class='ocrx_word' id='word_1_67' title='bbox 1210 1132 1316 1186; x_wconf 89' lang='lat' dir='ltr'><strong>curiam</strong></span> <span class='ocrx_word' id='word_1_68' title='bbox 1339 1136 1368 1186; x_wconf 89' lang='lat' dir='ltr'><strong>et</strong></span> <span class='ocrx_word' id='word_1_69' title='bbox 1389 1131 1418 1186; x_wconf 91' lang='lat' dir='ltr'><strong>in</strong></span> <span class='ocrx_word' id='word_1_70' title='bbox 1441 1131 1586 1186; x_wconf 70' lang='lat' dir='ltr'><strong>ulteriores</strong></span> 
     </span>
     <span class='ocr_line' id='line_1_9' title="bbox 346 1217 1585 1290; baseline 0 -18"><span class='ocrx_word' id='word_1_71' title='bbox 346 1224 441 1290; x_wconf 86' lang='lat' dir='ltr'><strong>partes</strong></span> <span class='ocrx_word' id='word_1_72' title='bbox 460 1217 569 1284; x_wconf 84' lang='lat' dir='ltr'><strong>Italiae,</strong></span> <span class='ocrx_word' id='word_1_73' title='bbox 587 1233 620 1272; x_wconf 85' lang='lat' dir='ltr'><strong>ac</strong></span> <span class='ocrx_word' id='word_1_74' title='bbox 637 1217 706 1272; x_wconf 87' lang='lat' dir='ltr'><strong>alias</strong></span> <span class='ocrx_word' id='word_1_75' title='bbox 724 1218 860 1288; x_wconf 78' lang='lat' dir='ltr'><strong>regiones,</strong></span> <span class='ocrx_word' id='word_1_76' title='bbox 878 1217 982 1272; x_wconf 88' lang='lat' dir='ltr'><strong>ibidem</strong></span> <span class='ocrx_word' id='word_1_77' title='bbox 1000 1217 1094 1272; x_wconf 91' lang='lat' dir='ltr'><strong>multis</strong></span> <span class='ocrx_word' id='word_1_78' title='bbox 1112 1217 1220 1273; x_wconf 83' lang='lat' dir='ltr'><strong>vicibus</strong></span> <span class='ocrx_word' id='word_1_79' title='bbox 1243 1219 1272 1273; x_wconf 89' lang='lat' dir='ltr'><strong>in</strong></span> <span class='ocrx_word' id='word_1_80' title='bbox 1297 1218 1416 1290; x_wconf 85' lang='lat' dir='ltr'><strong>propriis</strong></span> <span class='ocrx_word' id='word_1_81' title='bbox 1440 1217 1585 1290; x_wconf 87' lang='lat' dir='ltr'><strong>stipendiis</strong></span> 
     </span>
     <span class='ocr_line' id='line_1_10' title="bbox 345 1303 1586 1377; baseline 0.001 -17"><span class='ocrx_word' id='word_1_82' title='bbox 345 1304 498 1372; x_wconf 85' lang='lat' dir='ltr'><strong>militando,</strong></span> <span class='ocrx_word' id='word_1_83' title='bbox 517 1309 544 1359; x_wconf 91' lang='grc' dir='ltr'><strong>ιι</strong></span> <span class='ocrx_word' id='word_1_84' title='bbox 562 1319 593 1359; x_wconf 86' lang='grc' dir='ltr'><strong>ιι</strong></span> <span class='ocrx_word' id='word_1_85' title='bbox 611 1303 683 1358; x_wconf 87' lang='lat' dir='ltr'><strong>aeris</strong></span> <span class='ocrx_word' id='word_1_86' title='bbox 701 1303 863 1374; x_wconf 84' lang='lat' dir='ltr'><strong>intemperie</strong></span> <span class='ocrx_word' id='word_1_87' title='bbox 884 1304 968 1358; x_wconf 88' lang='lat' dir='ltr'><strong>maris</strong></span> <span class='ocrx_word' id='word_1_88' title='bbox 992 1310 1019 1360; x_wconf 91' lang='lat' dir='ltr'><strong>et</strong></span> <span class='ocrx_word' id='word_1_89' title='bbox 1045 1305 1152 1360; x_wconf 65' lang='lat' dir='ltr'><strong>darum</strong></span> <span class='ocrx_word' id='word_1_90' title='bbox 1175 1306 1304 1377; x_wconf 88' lang='lat' dir='ltr'><strong>periculis</strong></span> <span class='ocrx_word' id='word_1_91' title='bbox 1326 1311 1354 1361; x_wconf 89' lang='lat' dir='ltr'><strong>et</strong></span> <span class='ocrx_word' id='word_1_92' title='bbox 1377 1306 1439 1361; x_wconf 84' lang='lat' dir='ltr'><strong>aliis</strong></span> <span class='ocrx_word' id='word_1_93' title='bbox 1461 1305 1586 1361; x_wconf 91' lang='lat' dir='ltr'><strong>innume·</strong></span> 
     </span>
     <span class='ocr_line' id='line_1_11' title="bbox 344 1389 1585 1464; baseline 0 -18"><span class='ocrx_word' id='word_1_94' title='bbox 344 1390 479 1446; x_wconf 78' lang='lat' dir='ltr'><strong>rabilibus</strong></span> <span class='ocrx_word' id='word_1_95' title='bbox 497 1389 681 1446; x_wconf 85' lang='lat' dir='ltr'><strong>incommodis</strong></span> <span class='ocrx_word' id='word_1_96' title='bbox 700 1390 865 1461; x_wconf 87' lang='lat' dir='ltr'><strong>exponendo</strong></span> <span class='ocrx_word' id='word_1_97' title='bbox 882 1391 1012 1446; x_wconf 85' lang='lat' dir='ltr'><strong>universa</strong></span> <span class='ocrx_word' id='word_1_98' title='bbox 1035 1393 1183 1447; x_wconf 87' lang='lat' dir='ltr'><strong>commissa</strong></span> <span class='ocrx_word' id='word_1_99' title='bbox 1206 1393 1259 1448; x_wconf 91' lang='lat' dir='ltr'><strong>sibi</strong></span> <span class='ocrx_word' id='word_1_100' title='bbox 1283 1394 1396 1464; x_wconf 77' lang='lat' dir='ltr'><strong>negotia</strong></span> <span class='ocrx_word' id='word_1_101' title='bbox 1422 1393 1528 1463; x_wconf 79' lang='lat' dir='ltr'><strong>peregit</strong></span> <span class='ocrx_word' id='word_1_102' title='bbox 1549 1391 1585 1447; x_wconf 90' lang='lat' dir='ltr'><strong>ad</strong></span> 
     </span>
     <span class='ocr_line' id='line_1_12' title="bbox 347 1475 1585 1551; baseline 0 -17"><span class='ocrx_word' id='word_1_103' title='bbox 347 1478 491 1534; x_wconf 88' lang='lat' dir='ltr'><strong>cumulum</strong></span> <span class='ocrx_word' id='word_1_104' title='bbox 509 1477 622 1532; x_wconf 88' lang='lat' dir='ltr'><strong>honoris</strong></span> <span class='ocrx_word' id='word_1_105' title='bbox 641 1493 759 1532; x_wconf 89' lang='lat' dir='ltr'><strong>coronae</strong></span> <span class='ocrx_word' id='word_1_106' title='bbox 779 1475 897 1532; x_wconf 81' lang='lat' dir='ltr'><strong>fideliter</strong></span> <span class='ocrx_word' id='word_1_107' title='bbox 921 1483 949 1532; x_wconf 91' lang='lat' dir='ltr'><strong>et</strong></span> <span class='ocrx_word' id='word_1_108' title='bbox 973 1477 1130 1550; x_wconf 89' lang='lat' dir='ltr'><strong>prudenter.</strong></span> <span class='ocrx_word' id='word_1_109' title='bbox 1155 1478 1327 1536; x_wconf 78' lang='lat' dir='ltr'><strong>Procedente</strong></span> <span class='ocrx_word' id='word_1_110' title='bbox 1350 1480 1434 1536; x_wconf 87' lang='lat' dir='ltr'><strong>etiam</strong></span> <span class='ocrx_word' id='word_1_111' title='bbox 1460 1485 1585 1551; x_wconf 85' lang='lat' dir='ltr'><strong>tempore</strong></span> 
     </span>
     <span class='ocr_line' id='line_1_13' title="bbox 343 1563 1585 1638; baseline 0 -18"><span class='ocrx_word' id='word_1_112' title='bbox 343 1581 400 1636; x_wconf 87' lang='lat' dir='ltr'><strong>qua</strong></span> <span class='ocrx_word' id='word_1_113' title='bbox 417 1564 645 1636; x_wconf 69' lang='lat' dir='ltr'><strong>archiepiscopus</strong></span> <span class='ocrx_word' id='word_1_114' title='bbox 670 1563 868 1635; x_wconf 69' lang='lat' dir='ltr'><strong>strigoniensis</strong></span> <span class='ocrx_word' id='word_1_115' title='bbox 891 1564 959 1622; x_wconf 92' lang='lat' dir='ltr'><strong>dum</strong></span> <span class='ocrx_word' id='word_1_116' title='bbox 983 1566 1093 1621; x_wconf 90' lang='lat' dir='ltr'><strong>inimico</strong></span> <span class='ocrx_word' id='word_1_117' title='bbox 1118 1567 1263 1622; x_wconf 90' lang='lat' dir='ltr'><strong>hominum</strong></span> <span class='ocrx_word' id='word_1_118' title='bbox 1292 1567 1530 1638; x_wconf 75' lang='lat' dir='ltr'><strong>superseminante</strong></span> <span class='ocrx_word' id='word_1_119' title='bbox 1550 1565 1585 1620; x_wconf 82' lang='lat' dir='ltr'><strong>si-</strong></span> 
     </span>
     <span class='ocr_line' id='line_1_14' title="bbox 344 1651 1584 1724; baseline 0 -17"><span class='ocrx_word' id='word_1_120' title='bbox 344 1651 425 1707; x_wconf 80' lang='lat' dir='ltr'><strong>cania</strong></span> <span class='ocrx_word' id='word_1_121' title='bbox 443 1651 513 1706; x_wconf 88' lang='lat' dir='ltr'><strong>inter</strong></span> <span class='ocrx_word' id='word_1_122' title='bbox 531 1666 625 1722; x_wconf 78' lang='lat' dir='ltr'><strong>regern</strong></span> <span class='ocrx_word' id='word_1_123' title='bbox 644 1657 671 1706; x_wconf 91' lang='lat' dir='ltr'><strong>et</strong></span> <span class='ocrx_word' id='word_1_124' title='bbox 689 1651 863 1722; x_wconf 74' lang='lat' dir='ltr'><strong>Stephanum</strong></span> <span class='ocrx_word' id='word_1_125' title='bbox 882 1652 1022 1723; x_wconf 89' lang='lat' dir='ltr'><strong>juniorem</strong></span> <span class='ocrx_word' id='word_1_126' title='bbox 1031 1668 1133 1722; x_wconf 83' lang='lat' dir='ltr'><strong>regem,</strong></span> <span class='ocrx_word' id='word_1_127' title='bbox 1152 1653 1241 1708; x_wconf 87' lang='lat' dir='ltr'><strong>filium</strong></span> <span class='ocrx_word' id='word_1_128' title='bbox 1259 1653 1327 1722; x_wconf 91' lang='lat' dir='ltr'><strong>eius,</strong></span> <span class='ocrx_word' id='word_1_129' title='bbox 1345 1653 1461 1709; x_wconf 84' lang='lat' dir='ltr'><strong>dirersis</strong></span> <span class='ocrx_word' id='word_1_130' title='bbox 1478 1657 1584 1724; x_wconf 90' lang='lat' dir='ltr'><strong>tempo·</strong></span> 
     </span>
     <span class='ocr_line' id='line_1_15' title="bbox 346 1736 1586 1811; baseline 0.001 -18"><span class='ocrx_word' id='word_1_131' title='bbox 346 1737 424 1794; x_wconf 88' lang='lat' dir='ltr'><strong>ribus</strong></span> <span class='ocrx_word' id='word_1_132' title='bbox 442 1753 566 1808; x_wconf 85' lang='lat' dir='ltr'><strong>guerrae,</strong></span> <span class='ocrx_word' id='word_1_133' title='bbox 589 1736 733 1792; x_wconf 87' lang='lat' dir='ltr'><strong>discordia</strong></span> <span class='ocrx_word' id='word_1_134' title='bbox 757 1743 785 1793; x_wconf 92' lang='lat' dir='ltr'><strong>et</strong></span> <span class='ocrx_word' id='word_1_135' title='bbox 808 1738 913 1810; x_wconf 87' lang='lat' dir='ltr'><strong>praelia</strong></span> <span class='ocrx_word' id='word_1_136' title='bbox 938 1739 1071 1794; x_wconf 87' lang='lat' dir='ltr'><strong>suscitata</strong></span> <span class='ocrx_word' id='word_1_137' title='bbox 1094 1739 1213 1794; x_wconf 86' lang='lat' dir='ltr'><strong>inissent</strong></span> <span class='ocrx_word' id='word_1_138' title='bbox 1236 1756 1287 1811; x_wconf 90' lang='lat' dir='ltr'><strong>pro</strong></span> <span class='ocrx_word' id='word_1_139' title='bbox 1312 1745 1393 1808; x_wconf 87' lang='lat' dir='ltr'><strong>stato,</strong></span> <span class='ocrx_word' id='word_1_140' title='bbox 1415 1755 1535 1798; x_wconf 88' lang='lat' dir='ltr'><strong>coronae</strong></span> <span class='ocrx_word' id='word_1_141' title='bbox 1558 1746 1586 1794; x_wconf 88' lang='lat' dir='ltr'><strong>et</strong></span> 
     </span>
     <span class='ocr_line' id='line_1_16' title="bbox 345 1823 1585 1896; baseline 0.002 -16"><span class='ocrx_word' id='word_1_142' title='bbox 345 1825 422 1896; x_wconf 78' lang='lat' dir='ltr'><strong>regni</strong></span> <span class='ocrx_word' id='word_1_143' title='bbox 441 1825 599 1894; x_wconf 78' lang='lat' dir='ltr'><strong>integritate</strong></span> <span class='ocrx_word' id='word_1_144' title='bbox 618 1823 753 1880; x_wconf 86' lang='lat' dir='ltr'><strong>servanda</strong></span> <span class='ocrx_word' id='word_1_145' title='bbox 771 1840 801 1880; x_wconf 91' lang='lat' dir='ltr'><strong>se</strong></span> <span class='ocrx_word' id='word_1_146' title='bbox 819 1824 999 1880; x_wconf 77' lang='lat' dir='ltr'><strong>mediatorem</strong></span> <span class='ocrx_word' id='word_1_147' title='bbox 1020 1826 1077 1881; x_wconf 91' lang='lat' dir='ltr'><strong>imo</strong></span> <span class='ocrx_word' id='word_1_148' title='bbox 1101 1842 1157 1896; x_wconf 92' lang='lat' dir='ltr'><strong>qua</strong></span> <span class='ocrx_word' id='word_1_149' title='bbox 1181 1833 1291 1881; x_wconf 82' lang='lat' dir='ltr'><strong>scuurm</strong></span> <span class='ocrx_word' id='word_1_150' title='bbox 1315 1831 1343 1881; x_wconf 93' lang='lat' dir='ltr'><strong>et</strong></span> <span class='ocrx_word' id='word_1_151' title='bbox 1369 1843 1479 1883; x_wconf 89' lang='lat' dir='ltr'><strong>murum</strong></span> <span class='ocrx_word' id='word_1_152' title='bbox 1503 1827 1585 1883; x_wconf 87' lang='lat' dir='ltr'><strong>inter·</strong></span> 
     </span>
     <span class='ocr_line' id='line_1_17' title="bbox 347 1911 1586 1984; baseline 0.001 -17"><span class='ocrx_word' id='word_1_153' title='bbox 347 1913 456 1984; x_wconf 91' lang='lat' dir='ltr'><strong>possuit</strong></span> <span class='ocrx_word' id='word_1_154' title='bbox 474 1915 502 1966; x_wconf 89' lang='lat' dir='ltr'><strong>et</strong></span> <span class='ocrx_word' id='word_1_155' title='bbox 520 1911 559 1967; x_wconf 93' lang='lat' dir='ltr'><strong>sic</strong></span> <span class='ocrx_word' id='word_1_156' title='bbox 577 1912 758 1981; x_wconf 79' lang='lat' dir='ltr'><strong>interregem</strong></span> <span class='ocrx_word' id='word_1_157' title='bbox 777 1911 910 1968; x_wconf 89' lang='lat' dir='ltr'><strong>etlilium</strong></span> <span class='ocrx_word' id='word_1_158' title='bbox 928 1913 1004 1983; x_wconf 86' lang='lat' dir='ltr'><strong>pacis</strong></span> <span class='ocrx_word' id='word_1_159' title='bbox 1023 1911 1154 1968; x_wconf 86' lang='lat' dir='ltr'><strong>ordinans</strong></span> <span class='ocrx_word' id='word_1_160' title='bbox 1172 1913 1293 1981; x_wconf 79' lang='lat' dir='ltr'><strong>foedera,</strong></span> <span class='ocrx_word' id='word_1_161' title='bbox 1312 1929 1407 1984; x_wconf 84' lang='lat' dir='ltr'><strong>regem</strong></span> <span class='ocrx_word' id='word_1_162' title='bbox 1425 1919 1453 1970; x_wconf 89' lang='lat' dir='ltr'><strong>et</strong></span> <span class='ocrx_word' id='word_1_163' title='bbox 1469 1929 1586 1984; x_wconf 78' lang='lat' dir='ltr'><strong>regnum</strong></span> 
     </span>
     <span class='ocr_line' id='line_1_18' title="bbox 345 1998 1586 2068; baseline 0 -14"><span class='ocrx_word' id='word_1_164' title='bbox 345 1998 381 2054; x_wconf 89' lang='lat' dir='ltr'><strong>ad</strong></span> <span class='ocrx_word' id='word_1_165' title='bbox 412 2003 516 2053; x_wconf 87' lang='lat' dir='ltr'><strong>statum</strong></span> <span class='ocrx_word' id='word_1_166' title='bbox 545 1999 647 2068; x_wconf 91' lang='lat' dir='ltr'><strong>quietis</strong></span> <span class='ocrx_word' id='word_1_167' title='bbox 677 1998 807 2054; x_wconf 88' lang='lat' dir='ltr'><strong>reducere</strong></span> <span class='ocrx_word' id='word_1_168' title='bbox 829 1999 943 2054; x_wconf 88' lang='lat' dir='ltr'><strong>studuit.</strong></span> <span class='ocrx_word' id='word_1_169' title='bbox 974 1999 1038 2054; x_wconf 87' lang='lat' dir='ltr'><strong>Hac</strong></span> <span class='ocrx_word' id='word_1_170' title='bbox 1068 2015 1102 2054; x_wconf 88' lang='lat' dir='ltr'><strong>ex</strong></span> <span class='ocrx_word' id='word_1_171' title='bbox 1132 1999 1353 2057; x_wconf 83' lang='lat' dir='ltr'><strong>consideratione</strong></span> <span class='ocrx_word' id='word_1_172' title='bbox 1379 2001 1444 2056; x_wconf 89' lang='lat' dir='ltr'><strong>licet</strong></span> <span class='ocrx_word' id='word_1_173' title='bbox 1466 2001 1586 2057; x_wconf 85' lang='lat' dir='ltr'><strong>maiores</strong></span> 
     </span>
     <span class='ocr_line' id='line_1_19' title="bbox 344 2085 1586 2158; baseline 0.002 -18"><span class='ocrx_word' id='word_1_174' title='bbox 344 2085 581 2142; x_wconf 86' lang='lat' dir='ltr'><strong>renumerationes</strong></span> <span class='ocrx_word' id='word_1_175' title='bbox 608 2085 758 2140; x_wconf 88' lang='lat' dir='ltr'><strong>meruerint</strong></span> <span class='ocrx_word' id='word_1_176' title='bbox 784 2085 821 2140; x_wconf 85' lang='lat' dir='ltr'><strong>ad</strong></span> <span class='ocrx_word' id='word_1_177' title='bbox 848 2101 980 2156; x_wconf 87' lang='lat' dir='ltr'><strong>praesens</strong></span> <span class='ocrx_word' id='word_1_178' title='bbox 1007 2091 1100 2140; x_wconf 84' lang='lat' dir='ltr'><strong>tamen</strong></span> <span class='ocrx_word' id='word_1_179' title='bbox 1126 2087 1242 2158; x_wconf 88' lang='lat' dir='ltr'><strong>cupiens</strong></span> <span class='ocrx_word' id='word_1_180' title='bbox 1265 2088 1421 2157; x_wconf 72' lang='lat' dir='ltr'><strong>aliqualiter</strong></span> <span class='ocrx_word' id='word_1_181' title='bbox 1441 2086 1586 2158; x_wconf 82' lang='lat' dir='ltr'><strong>providere</strong></span> 
     </span>
     <span class='ocr_line' id='line_1_20' title="bbox 345 2171 1587 2242; baseline 0.004 -16"><span class='ocrx_word' id='word_1_182' title='bbox 345 2171 436 2227; x_wconf 88' lang='lat' dir='ltr'><strong>eidem</strong></span> <span class='ocrx_word' id='word_1_183' title='bbox 453 2172 547 2226; x_wconf 90' lang='lat' dir='ltr'><strong>comiti</strong></span> <span class='ocrx_word' id='word_1_184' title='bbox 565 2172 689 2226; x_wconf 89' lang='lat' dir='ltr'><strong>Thomae</strong></span> <span class='ocrx_word' id='word_1_185' title='bbox 717 2176 819 2226; x_wconf 88' lang='lat' dir='ltr'><strong>terram</strong></span> <span class='ocrx_word' id='word_1_186' title='bbox 836 2173 957 2226; x_wconf 87' lang='lat' dir='ltr'><strong>nominis</strong></span> <span class='ocrx_word' id='word_1_187' title='bbox 975 2173 1130 2228; x_wconf 84' lang='lat' dir='ltr'><strong>Praudaviz</strong></span> <span class='ocrx_word' id='word_1_188' title='bbox 1148 2174 1328 2242; x_wconf 85' lang='lat' dir='ltr'><strong>(Prodanich)</strong></span> <span class='ocrx_word' id='word_1_189' title='bbox 1347 2175 1374 2228; x_wconf 92' lang='lat' dir='ltr'><strong>in</strong></span> <span class='ocrx_word' id='word_1_190' title='bbox 1393 2174 1506 2230; x_wconf 84' lang='lat' dir='ltr'><strong>Ducatu</strong></span> <span class='ocrx_word' id='word_1_191' title='bbox 1526 2175 1587 2231; x_wconf 86' lang='lat' dir='ltr'><strong>Sla-</strong></span> 
     </span>
     <span class='ocr_line' id='line_1_21' title="bbox 344 2257 1587 2332; baseline 0.002 -19"><span class='ocrx_word' id='word_1_192' title='bbox 344 2259 444 2314; x_wconf 83' lang='lat' dir='ltr'><strong>rouiae</strong></span> <span class='ocrx_word' id='word_1_193' title='bbox 465 2258 543 2312; x_wconf 84' lang='lat' dir='ltr'><strong>iuxta</strong></span> <span class='ocrx_word' id='word_1_194' title='bbox 569 2257 698 2312; x_wconf 85' lang='lat' dir='ltr'><strong>Drawam</strong></span> <span class='ocrx_word' id='word_1_195' title='bbox 722 2259 885 2314; x_wconf 86' lang='lat' dir='ltr'><strong>existentem</strong></span> <span class='ocrx_word' id='word_1_196' title='bbox 903 2263 932 2314; x_wconf 91' lang='lat' dir='ltr'><strong>et</strong></span> <span class='ocrx_word' id='word_1_197' title='bbox 949 2275 966 2314; x_wconf 89' lang='grc' dir='ltr'><strong>ι</strong></span> <span class='ocrx_word' id='word_1_198' title='bbox 984 2260 1117 2315; x_wconf 86' lang='lat' dir='ltr'><strong>comitatu</strong></span> <span class='ocrx_word' id='word_1_199' title='bbox 1140 2259 1306 2330; x_wconf 74' lang='lat' dir='ltr'><strong>symigiensi</strong></span> <span class='ocrx_word' id='word_1_200' title='bbox 1325 2276 1341 2314; x_wconf 88' lang='lat' dir='ltr'><strong>a</strong></span> <span class='ocrx_word' id='word_1_201' title='bbox 1360 2265 1484 2332; x_wconf 89' lang='lat' dir='ltr'><strong>tempore</strong></span> <span class='ocrx_word' id='word_1_202' title='bbox 1507 2262 1587 2316; x_wconf 89' lang='lat' dir='ltr'><strong>cuins</strong></span> 
     </span>
     <span class='ocr_line' id='line_1_22' title="bbox 345 2345 1586 2417; baseline 0.003 -17"><span class='ocrx_word' id='word_1_203' title='bbox 345 2361 402 2400; x_wconf 92' lang='lat' dir='ltr'><strong>uon</strong></span> <span class='ocrx_word' id='word_1_204' title='bbox 420 2350 498 2400; x_wconf 85' lang='lat' dir='ltr'><strong>extat</strong></span> <span class='ocrx_word' id='word_1_205' title='bbox 514 2345 648 2400; x_wconf 89' lang='lat' dir='ltr'><strong>memoria</strong></span> <span class='ocrx_word' id='word_1_206' title='bbox 670 2350 815 2414; x_wconf 88' lang='lat' dir='ltr'><strong>exceptam</strong></span> <span class='ocrx_word' id='word_1_207' title='bbox 840 2345 952 2416; x_wconf 88' lang='lat' dir='ltr'><strong>penitus</strong></span> <span class='ocrx_word' id='word_1_208' title='bbox 970 2351 998 2412; x_wconf 86' lang='lat' dir='ltr'><strong>et</strong></span> <span class='ocrx_word' id='word_1_209' title='bbox 1015 2351 1173 2417; x_wconf 87' lang='lat' dir='ltr'><strong>exemptam</strong></span> <span class='ocrx_word' id='word_1_210' title='bbox 1190 2346 1226 2402; x_wconf 94' lang='lat' dir='ltr'><strong>de</strong></span> <span class='ocrx_word' id='word_1_211' title='bbox 1244 2361 1380 2402; x_wconf 86' lang='lat' dir='ltr'><strong>consensa</strong></span> <span class='ocrx_word' id='word_1_212' title='bbox 1397 2347 1504 2404; x_wconf 81' lang='lat' dir='ltr'><strong>Mariae</strong></span> <span class='ocrx_word' id='word_1_213' title='bbox 1521 2365 1586 2404; x_wconf 89' lang='lat' dir='ltr'><strong>con·</strong></span> 
     </span>
     <span class='ocr_line' id='line_1_23' title="bbox 346 2419 1587 2505; baseline 0.003 -19"><span class='ocrx_word' id='word_1_214' title='bbox 346 2432 430 2488; x_wconf 90' lang='lat' dir='ltr'><strong>sortis</strong></span> <span class='ocrx_word' id='word_1_215' title='bbox 450 2447 517 2486; x_wconf 89' lang='lat' dir='ltr'><strong>suae</strong></span> <span class='ocrx_word' id='word_1_216' title='bbox 535 2435 563 2485; x_wconf 91' lang='lat' dir='ltr'><strong>et</strong></span> <span class='ocrx_word' id='word_1_217' title='bbox 580 2429 665 2486; x_wconf 83' lang='lat' dir='ltr'><strong>Belus</strong></span> <span class='ocrx_word' id='word_1_218' title='bbox 687 2431 782 2502; x_wconf 78' lang='lat' dir='ltr'><strong>inclyti</strong></span> <span class='ocrx_word' id='word_1_219' title='bbox 806 2432 886 2488; x_wconf 88' lang='lat' dir='ltr'><strong>ducis</strong></span> <span class='ocrx_word' id='word_1_220' title='bbox 901 2419 1058 2488; x_wconf 57' lang='lat' dir='ltr'><strong>&#39;Slasouiae</strong></span> <span class='ocrx_word' id='word_1_221' title='bbox 1082 2433 1130 2488; x_wconf 88' lang='lat' dir='ltr'><strong>fflii</strong></span> <span class='ocrx_word' id='word_1_222' title='bbox 1155 2433 1198 2489; x_wconf 91' lang='lat' dir='ltr'><strong>sui</strong></span> <span class='ocrx_word' id='word_1_223' title='bbox 1222 2435 1359 2491; x_wconf 88' lang='lat' dir='ltr'><strong>concessit</strong></span> <span class='ocrx_word' id='word_1_224' title='bbox 1383 2439 1411 2490; x_wconf 89' lang='lat' dir='ltr'><strong>et</strong></span> <span class='ocrx_word' id='word_1_225' title='bbox 1433 2434 1587 2505; x_wconf 84' lang='lat' dir='ltr'><strong>donaverit,</strong></span> 
     </span>
     <span class='ocr_line' id='line_1_24' title="bbox 345 2517 1586 2588; baseline 0.004 -16"><span class='ocrx_word' id='word_1_226' title='bbox 345 2519 400 2573; x_wconf 92' lang='lat' dir='ltr'><strong>sub</strong></span> <span class='ocrx_word' id='word_1_227' title='bbox 417 2518 522 2574; x_wconf 91' lang='lat' dir='ltr'><strong>eisdem</strong></span> <span class='ocrx_word' id='word_1_228' title='bbox 541 2517 666 2572; x_wconf 88' lang='lat' dir='ltr'><strong>terminis</strong></span> <span class='ocrx_word' id='word_1_229' title='bbox 685 2517 738 2572; x_wconf 93' lang='lat' dir='ltr'><strong>sub</strong></span> <span class='ocrx_word' id='word_1_230' title='bbox 757 2519 858 2588; x_wconf 92' lang='lat' dir='ltr'><strong>quibus</strong></span> <span class='ocrx_word' id='word_1_231' title='bbox 878 2519 1019 2574; x_wconf 79' lang='lat' dir='ltr'><strong>corardus</strong></span> <span class='ocrx_word' id='word_1_232' title='bbox 1036 2519 1072 2575; x_wconf 89' lang='lat' dir='ltr'><strong>de</strong></span> <span class='ocrx_word' id='word_1_233' title='bbox 1090 2519 1183 2576; x_wconf 88' lang='lat' dir='ltr'><strong>Treun</strong></span> <span class='ocrx_word' id='word_1_234' title='bbox 1201 2527 1229 2576; x_wconf 88' lang='lat' dir='ltr'><strong>et</strong></span> <span class='ocrx_word' id='word_1_235' title='bbox 1246 2521 1360 2576; x_wconf 87' lang='lat' dir='ltr'><strong>tandem</strong></span> <span class='ocrx_word' id='word_1_236' title='bbox 1373 2521 1514 2577; x_wconf 85' lang='lat' dir='ltr'><strong>Ourardus</strong></span> <span class='ocrx_word' id='word_1_237' title='bbox 1526 2522 1586 2578; x_wconf 89' lang='lat' dir='ltr'><strong>eins</strong></span> 
     </span>
     <span class='ocr_line' id='line_1_25' title="bbox 345 2605 1585 2679; baseline 0.003 -19"><span class='ocrx_word' id='word_1_238' title='bbox 345 2605 427 2672; x_wconf 84' lang='lat' dir='ltr'><strong>filius,</strong></span> <span class='ocrx_word' id='word_1_239' title='bbox 446 2605 494 2676; x_wconf 90' lang='lat' dir='ltr'><strong>qui</strong></span> <span class='ocrx_word' id='word_1_240' title='bbox 512 2605 547 2660; x_wconf 91' lang='lat' dir='ltr'><strong>de</strong></span> <span class='ocrx_word' id='word_1_241' title='bbox 565 2605 627 2676; x_wconf 86' lang='lat' dir='ltr'><strong>ipsa</strong></span> <span class='ocrx_word' id='word_1_242' title='bbox 644 2609 718 2658; x_wconf 85' lang='lat' dir='ltr'><strong>terra</strong></span> <span class='ocrx_word' id='word_1_243' title='bbox 736 2610 849 2676; x_wconf 89' lang='lat' dir='ltr'><strong>propter</strong></span> <span class='ocrx_word' id='word_1_244' title='bbox 867 2619 935 2661; x_wconf 87' lang='lat' dir='ltr'><strong>auae</strong></span> <span class='ocrx_word' id='word_1_245' title='bbox 947 2606 1117 2661; x_wconf 85' lang='lat' dir='ltr'><strong>infidelitatis</strong></span> <span class='ocrx_word' id='word_1_246' title='bbox 1129 2609 1284 2663; x_wconf 87' lang='lat' dir='ltr'><strong>versucium</strong></span> <span class='ocrx_word' id='word_1_247' title='bbox 1302 2613 1330 2663; x_wconf 92' lang='lat' dir='ltr'><strong>et</strong></span> <span class='ocrx_word' id='word_1_248' title='bbox 1343 2608 1506 2679; x_wconf 89' lang='lat' dir='ltr'><strong>proditionis</strong></span> <span class='ocrx_word' id='word_1_249' title='bbox 1524 2623 1585 2679; x_wconf 89' lang='lat' dir='ltr'><strong>per·</strong></span> 
     </span>
     <span class='ocr_line' id='line_1_26' title="bbox 347 2690 1585 2762; baseline 0.003 -16"><span class='ocrx_word' id='word_1_250' title='bbox 347 2690 442 2746; x_wconf 86' lang='lat' dir='ltr'><strong>fidiam</strong></span> <span class='ocrx_word' id='word_1_251' title='bbox 462 2697 505 2746; x_wconf 89' lang='lat' dir='ltr'><strong>est</strong></span> <span class='ocrx_word' id='word_1_252' title='bbox 523 2695 660 2746; x_wconf 87' lang='lat' dir='ltr'><strong>ammotus</strong></span> <span class='ocrx_word' id='word_1_253' title='bbox 673 2691 831 2762; x_wconf 90' lang='lat' dir='ltr'><strong>possedisse</strong></span> <span class='ocrx_word' id='word_1_254' title='bbox 848 2697 1008 2748; x_wconf 87' lang='lat' dir='ltr'><strong>noscuntur.</strong></span> <span class='ocrx_word' id='word_1_255' title='bbox 1029 2693 1091 2748; x_wconf 85' lang='lat' dir='ltr'><strong>Una</strong></span> <span class='ocrx_word' id='word_1_256' title='bbox 1109 2693 1229 2750; x_wconf 82' lang='lat' dir='ltr'><strong>absolvit</strong></span> <span class='ocrx_word' id='word_1_257' title='bbox 1246 2704 1311 2750; x_wconf 89' lang='lat' dir='ltr'><strong>enm</strong></span> <span class='ocrx_word' id='word_1_258' title='bbox 1328 2711 1346 2750; x_wconf 90' lang='lat' dir='ltr'><strong>a</strong></span> <span class='ocrx_word' id='word_1_259' title='bbox 1364 2696 1501 2752; x_wconf 89' lang='lat' dir='ltr'><strong>solutione</strong></span> <span class='ocrx_word' id='word_1_260' title='bbox 1515 2711 1585 2752; x_wconf 86' lang='lat' dir='ltr'><strong>mar-</strong></span> 
     </span>
     <span class='ocr_line' id='line_1_27' title="bbox 344 2775 1428 2844; baseline 0.002 -11"><span class='ocrx_word' id='word_1_261' title='bbox 344 2779 506 2844; x_wconf 67' lang='lat' dir='ltr'><strong>turianum,</strong></span> <span class='ocrx_word' id='word_1_262' title='bbox 525 2777 661 2833; x_wconf 87' lang='lat' dir='ltr'><strong>descensu</strong></span> <span class='ocrx_word' id='word_1_263' title='bbox 681 2775 773 2833; x_wconf 84' lang='lat' dir='ltr'><strong>barali</strong></span> <span class='ocrx_word' id='word_1_264' title='bbox 792 2781 820 2833; x_wconf 92' lang='lat' dir='ltr'><strong>et</strong></span> <span class='ocrx_word' id='word_1_265' title='bbox 837 2778 873 2832; x_wconf 91' lang='lat' dir='ltr'><strong>ab</strong></span> <span class='ocrx_word' id='word_1_266' title='bbox 892 2780 966 2834; x_wconf 87' lang='lat' dir='ltr'><strong>omni</strong></span> <span class='ocrx_word' id='word_1_267' title='bbox 986 2780 1138 2835; x_wconf 85' lang='lat' dir='ltr'><strong>exactionis</strong></span> <span class='ocrx_word' id='word_1_268' title='bbox 1158 2797 1240 2836; x_wconf 89' lang='lat' dir='ltr'><strong>onere</strong></span> <span class='ocrx_word' id='word_1_269' title='bbox 1259 2787 1287 2837; x_wconf 92' lang='lat' dir='ltr'><strong>et</strong></span> <span class='ocrx_word' id='word_1_270' title='bbox 1304 2781 1428 2837; x_wconf 89' lang='lat' dir='ltr'><strong>collecta.</strong></span> 
     </span>
     <span class='ocr_line' id='line_1_28' title="bbox 402 2864 1138 2936; baseline 0.003 -16"><span class='ocrx_word' id='word_1_271' title='bbox 402 2865 522 2920; x_wconf 81' lang='lat' dir='ltr'><strong>Wcrrssl:</strong></span> <span class='ocrx_word' id='word_1_272' title='bbox 543 2864 609 2921; x_wconf 74' lang='grc' dir='ltr'>σοι.</span> <span class='ocrx_word' id='word_1_273' title='bbox 627 2864 696 2934; x_wconf 83' lang='lat' dir='ltr'><strong>dipl.</strong></span> <span class='ocrx_word' id='word_1_274' title='bbox 715 2865 824 2934; x_wconf 80' lang='lat' dir='ltr'><strong>Arpad.</strong></span> <span class='ocrx_word' id='word_1_275' title='bbox 843 2871 914 2922; x_wconf 83' lang='lat' dir='ltr'><strong>cont.</strong></span> <span class='ocrx_word' id='word_1_276' title='bbox 940 2866 1015 2922; x_wconf 87' lang='lat' dir='ltr'><strong>Vlll.</strong></span> <span class='ocrx_word' id='word_1_277' title='bbox 1032 2883 1061 2936; x_wconf 84' lang='lat' dir='ltr'><strong>p.</strong></span> <span class='ocrx_word' id='word_1_278' title='bbox 1080 2871 1138 2922; x_wconf 85' lang='lat'><strong><em>162.</em></strong></span> 
     </span>
    </p>
   </div>
   <div class='ocr_carea' id='block_1_3' title="bbox 286 2987 1586 3929">
    <p class='ocr_par' dir='ltr' id='par_1_3' title="bbox 343 2987 1586 3754">
     <span class='ocr_line' id='line_1_29' title="bbox 397 2987 1585 3064; baseline 0.004 -20"><span class='ocrx_word' id='word_1_279' title='bbox 397 2987 578 3044; x_wconf 81' lang='lat' dir='ltr'>OMXXXV.</span> <span class='ocrx_word' id='word_1_280' title='bbox 598 2989 944 3059; x_wconf 61' lang='lat' dir='ltr'><strong>recusassemque.</strong></span> <span class='ocrx_word' id='word_1_281' title='bbox 963 2989 1068 3044; x_wconf 86' lang='lat' dir='ltr'><strong>Paulus</strong></span> <span class='ocrx_word' id='word_1_282' title='bbox 1087 2993 1262 3062; x_wconf 83' lang='lat' dir='ltr'><strong>praepositus</strong></span> <span class='ocrx_word' id='word_1_283' title='bbox 1281 2993 1585 3064; x_wconf 81' lang='lat' dir='ltr'><strong>Quinqueeccleaiensis</strong></span> 
     </span>
     <span class='ocr_line' id='line_1_30' title="bbox 344 3073 1586 3149; baseline 0.003 -17"><span class='ocrx_word' id='word_1_284' title='bbox 344 3078 372 3132; x_wconf 85' lang='lat' dir='ltr'><strong>ct</strong></span> <span class='ocrx_word' id='word_1_285' title='bbox 383 3075 536 3146; x_wconf 87' lang='lat' dir='ltr'><strong>capitulum</strong></span> <span class='ocrx_word' id='word_1_286' title='bbox 549 3073 673 3131; x_wconf 90' lang='lat' dir='ltr'><strong>eiusdem</strong></span> <span class='ocrx_word' id='word_1_287' title='bbox 686 3076 836 3142; x_wconf 87' lang='lat' dir='ltr'><strong>notificant,</strong></span> <span class='ocrx_word' id='word_1_288' title='bbox 849 3075 924 3146; x_wconf 89' lang='lat' dir='ltr'><strong>qued</strong></span> <span class='ocrx_word' id='word_1_289' title='bbox 939 3075 1065 3132; x_wconf 81' lang='lat' dir='ltr'><strong>Prezdha</strong></span> <span class='ocrx_word' id='word_1_290' title='bbox 1077 3081 1105 3131; x_wconf 89' lang='lat' dir='ltr'><strong>et</strong></span> <span class='ocrx_word' id='word_1_291' title='bbox 1117 3077 1276 3149; x_wconf 80' lang='lat' dir='ltr'><strong>Stephanus</strong></span> <span class='ocrx_word' id='word_1_292' title='bbox 1295 3079 1369 3134; x_wconf 90' lang='lat' dir='ltr'><strong>lilius</strong></span> <span class='ocrx_word' id='word_1_293' title='bbox 1382 3079 1507 3136; x_wconf 84' lang='lat' dir='ltr'><strong>Preadha</strong></span> <span class='ocrx_word' id='word_1_294' title='bbox 1518 3080 1586 3136; x_wconf 84' lang='lat' dir='ltr'><strong>bani</strong></span> 
     </span>
     <span class='ocr_line' id='line_1_31' title="bbox 344 3161 1585 3238; baseline 0.003 -20"><span class='ocrx_word' id='word_1_295' title='bbox 344 3161 380 3218; x_wconf 90' lang='lat' dir='ltr'><strong>ab</strong></span> <span class='ocrx_word' id='word_1_296' title='bbox 398 3178 456 3217; x_wconf 88' lang='lat' dir='ltr'><strong>una</strong></span> <span class='ocrx_word' id='word_1_297' title='bbox 473 3167 551 3234; x_wconf 84' lang='lat' dir='ltr'><strong>parte</strong></span> <span class='ocrx_word' id='word_1_298' title='bbox 569 3167 598 3217; x_wconf 89' lang='lat' dir='ltr'><strong>et</strong></span> <span class='ocrx_word' id='word_1_299' title='bbox 616 3161 775 3234; x_wconf 83' lang='lat' dir='ltr'><strong>Stephanus</strong></span> <span class='ocrx_word' id='word_1_300' title='bbox 796 3162 870 3218; x_wconf 89' lang='lat' dir='ltr'><strong>tilius</strong></span> <span class='ocrx_word' id='word_1_301' title='bbox 892 3161 994 3230; x_wconf 80' lang='lat' dir='ltr'><strong>Drash,</strong></span> <span class='ocrx_word' id='word_1_302' title='bbox 1007 3163 1191 3219; x_wconf 87' lang='lat' dir='ltr'><strong>Lodomerius</strong></span> <span class='ocrx_word' id='word_1_303' title='bbox 1204 3169 1232 3220; x_wconf 90' lang='lat' dir='ltr'><strong>et</strong></span> <span class='ocrx_word' id='word_1_304' title='bbox 1244 3167 1308 3238; x_wconf 84' lang='lat' dir='ltr'><strong>Apa</strong></span> <span class='ocrx_word' id='word_1_305' title='bbox 1320 3167 1369 3222; x_wconf 87' lang='lat' dir='ltr'><strong>filii</strong></span> <span class='ocrx_word' id='word_1_306' title='bbox 1382 3167 1525 3224; x_wconf 83' lang='lat' dir='ltr'><strong>Zonuslov</strong></span> <span class='ocrx_word' id='word_1_307' title='bbox 1537 3167 1585 3222; x_wconf 89' lang='lat' dir='ltr'><strong>tilii</strong></span> 
     </span>
     <span class='ocr_line' id='line_1_32' title="bbox 343 3249 1586 3322; baseline 0.002 -15"><span class='ocrx_word' id='word_1_308' title='bbox 343 3250 468 3307; x_wconf 89' lang='lat' dir='ltr'><strong>eiusdem</strong></span> <span class='ocrx_word' id='word_1_309' title='bbox 486 3249 580 3304; x_wconf 86' lang='lat' dir='ltr'><strong>Draslr</strong></span> <span class='ocrx_word' id='word_1_310' title='bbox 598 3264 632 3303; x_wconf 85' lang='lat' dir='ltr'><strong>ex</strong></span> <span class='ocrx_word' id='word_1_311' title='bbox 650 3253 745 3316; x_wconf 87' lang='lat' dir='ltr'><strong>altera,</strong></span> <span class='ocrx_word' id='word_1_312' title='bbox 758 3249 900 3304; x_wconf 87' lang='lat' dir='ltr'><strong>constituti</strong></span> <span class='ocrx_word' id='word_1_313' title='bbox 919 3266 1012 3305; x_wconf 91' lang='lat' dir='ltr'><strong>eoram</strong></span> <span class='ocrx_word' id='word_1_314' title='bbox 1030 3251 1093 3322; x_wconf 91' lang='lat' dir='ltr'><strong>ipso</strong></span> <span class='ocrx_word' id='word_1_315' title='bbox 1105 3257 1207 3306; x_wconf 87' lang='lat' dir='ltr'><strong>terram</strong></span> <span class='ocrx_word' id='word_1_316' title='bbox 1220 3251 1249 3307; x_wconf 92' lang='lat' dir='ltr'><strong>S.</strong></span> <span class='ocrx_word' id='word_1_317' title='bbox 1263 3253 1360 3308; x_wconf 86' lang='lat' dir='ltr'><strong>Crucis</strong></span> <span class='ocrx_word' id='word_1_318' title='bbox 1373 3253 1586 3312; x_wconf 84' lang='lat' dir='ltr'><strong>haereditariam</strong></span> 
     </span>
     <span class='ocr_line' id='line_1_33' title="bbox 346 3335 1585 3412; baseline 0.006 -20"><span class='ocrx_word' id='word_1_319' title='bbox 346 3336 413 3392; x_wconf 90' lang='lat' dir='ltr'><strong>dicti</strong></span> <span class='ocrx_word' id='word_1_320' title='bbox 431 3335 566 3406; x_wconf 89' lang='lat' dir='ltr'><strong>Stephani</strong></span> <span class='ocrx_word' id='word_1_321' title='bbox 579 3335 756 3405; x_wconf 87' lang='lat' dir='ltr'><strong>reliquissent</strong></span> <span class='ocrx_word' id='word_1_322' title='bbox 768 3335 936 3392; x_wconf 92' lang='lat' dir='ltr'><strong>Lodomerio</strong></span> <span class='ocrx_word' id='word_1_323' title='bbox 955 3343 982 3392; x_wconf 93' lang='lat' dir='ltr'><strong>et</strong></span> <span class='ocrx_word' id='word_1_324' title='bbox 995 3338 1065 3410; x_wconf 90' lang='lat' dir='ltr'><strong>Opa.</strong></span> <span class='ocrx_word' id='word_1_325' title='bbox 1078 3337 1155 3393; x_wconf 83' lang='lat' dir='ltr'><strong>bleta</strong></span> <span class='ocrx_word' id='word_1_326' title='bbox 1166 3343 1255 3395; x_wconf 86' lang='lat' dir='ltr'><strong>terrae</strong></span> <span class='ocrx_word' id='word_1_327' title='bbox 1268 3341 1365 3412; x_wconf 90' lang='lat' dir='ltr'><strong>incipit</strong></span> <span class='ocrx_word' id='word_1_328' title='bbox 1382 3340 1417 3396; x_wconf 92' lang='lat' dir='ltr'><strong>de</strong></span> <span class='ocrx_word' id='word_1_329' title='bbox 1436 3341 1521 3399; x_wconf 82' lang='lat' dir='ltr'><strong>fluvio</strong></span> <span class='ocrx_word' id='word_1_330' title='bbox 1532 3341 1585 3398; x_wconf 86' lang='lat' dir='ltr'><strong>Lo·</strong></span> 
     </span>
     <span class='ocr_line' id='line_1_34' title="bbox 344 3421 1586 3499; baseline 0.006 -21"><span class='ocrx_word' id='word_1_331' title='bbox 344 3422 450 3478; x_wconf 87' lang='lat' dir='ltr'><strong>suncba</strong></span> <span class='ocrx_word' id='word_1_332' title='bbox 469 3422 598 3493; x_wconf 89' lang='lat' dir='ltr'><strong>superius</strong></span> <span class='ocrx_word' id='word_1_333' title='bbox 615 3421 651 3476; x_wconf 88' lang='lat' dir='ltr'><strong>ad</strong></span> <span class='ocrx_word' id='word_1_334' title='bbox 670 3439 758 3476; x_wconf 89' lang='lat' dir='ltr'><strong>unum</strong></span> <span class='ocrx_word' id='word_1_335' title='bbox 780 3439 879 3494; x_wconf 88' lang='lat' dir='ltr'><strong>pyrum</strong></span> <span class='ocrx_word' id='word_1_336' title='bbox 897 3423 946 3478; x_wconf 92' lang='lat' dir='ltr'><strong>ubi</strong></span> <span class='ocrx_word' id='word_1_337' title='bbox 963 3429 1006 3480; x_wconf 87' lang='lat' dir='ltr'><strong>est</strong></span> <span class='ocrx_word' id='word_1_338' title='bbox 1025 3425 1201 3496; x_wconf 89' lang='lat' dir='ltr'><strong>sepulchrum</strong></span> <span class='ocrx_word' id='word_1_339' title='bbox 1227 3428 1322 3482; x_wconf 88' lang='lat' dir='ltr'><strong>matris</strong></span> <span class='ocrx_word' id='word_1_340' title='bbox 1350 3427 1466 3499; x_wconf 82' lang='lat' dir='ltr'><strong>Ponych</strong></span> <span class='ocrx_word' id='word_1_341' title='bbox 1488 3435 1516 3485; x_wconf 88' lang='lat' dir='ltr'><strong>et</strong></span> <span class='ocrx_word' id='word_1_342' title='bbox 1538 3428 1586 3486; x_wconf 89' lang='lat' dir='ltr'><strong>de·</strong></span> 
     </span>
     <span class='ocr_line' id='line_1_35' title="bbox 344 3507 1586 3588; baseline 0.006 -23"><span class='ocrx_word' id='word_1_343' title='bbox 344 3509 452 3566; x_wconf 84' lang='lat' dir='ltr'><strong>scandit</strong></span> <span class='ocrx_word' id='word_1_344' title='bbox 469 3507 504 3564; x_wconf 87' lang='lat' dir='ltr'><strong>ud</strong></span> <span class='ocrx_word' id='word_1_345' title='bbox 524 3508 638 3562; x_wconf 85' lang='lat' dir='ltr'><strong>fluvium</strong></span> <span class='ocrx_word' id='word_1_346' title='bbox 657 3507 788 3564; x_wconf 88' lang='lat' dir='ltr'><strong>Velricha</strong></span> <span class='ocrx_word' id='word_1_347' title='bbox 812 3512 872 3576; x_wconf 88' lang='grc' dir='ltr'>(ιιι</span> <span class='ocrx_word' id='word_1_348' title='bbox 890 3509 1065 3576; x_wconf 88' lang='lat' dir='ltr'><strong>Wedruchs).</strong></span> <span class='ocrx_word' id='word_1_349' title='bbox 1084 3511 1150 3566; x_wconf 85' lang='lat' dir='ltr'><strong>Exit</strong></span> <span class='ocrx_word' id='word_1_350' title='bbox 1168 3511 1204 3566; x_wconf 89' lang='lat' dir='ltr'><strong>ad</strong></span> <span class='ocrx_word' id='word_1_351' title='bbox 1223 3513 1312 3568; x_wconf 85' lang='lat' dir='ltr'><strong>rivum</strong></span> <span class='ocrx_word' id='word_1_352' title='bbox 1338 3513 1512 3588; x_wconf 75' lang='lat' dir='ltr'><strong>Duccpotoh</strong></span> <span class='ocrx_word' id='word_1_353' title='bbox 1530 3515 1586 3572; x_wconf 88' lang='lat' dir='ltr'><strong>De·</strong></span> 
     </span>
     <span class='ocr_line' id='line_1_36' title="bbox 345 3593 1585 3673; baseline 0.006 -21"><span class='ocrx_word' id='word_1_354' title='bbox 345 3595 452 3652; x_wconf 89' lang='lat' dir='ltr'><strong>scendit</strong></span> <span class='ocrx_word' id='word_1_355' title='bbox 471 3611 519 3668; x_wconf 91' lang='lat' dir='ltr'><strong>per</strong></span> <span class='ocrx_word' id='word_1_356' title='bbox 537 3595 611 3648; x_wconf 84' lang='lat' dir='ltr'><strong>viam</strong></span> <span class='ocrx_word' id='word_1_357' title='bbox 629 3593 772 3665; x_wconf 84' lang='lat' dir='ltr'><strong>Radyzlov</strong></span> <span class='ocrx_word' id='word_1_358' title='bbox 790 3596 862 3650; x_wconf 87' lang='lat' dir='ltr'><strong>iuter</strong></span> <span class='ocrx_word' id='word_1_359' title='bbox 879 3595 951 3652; x_wconf 90' lang='lat' dir='ltr'><strong>duos</strong></span> <span class='ocrx_word' id='word_1_360' title='bbox 973 3597 1070 3653; x_wconf 86' lang='lat' dir='ltr'><strong>fluvios</strong></span> <span class='ocrx_word' id='word_1_361' title='bbox 1089 3603 1117 3653; x_wconf 93' lang='lat' dir='ltr'><strong>et</strong></span> <span class='ocrx_word' id='word_1_362' title='bbox 1134 3599 1277 3656; x_wconf 84' lang='lat' dir='ltr'><strong>descendit</strong></span> <span class='ocrx_word' id='word_1_363' title='bbox 1301 3599 1336 3655; x_wconf 90' lang='lat' dir='ltr'><strong>ad</strong></span> <span class='ocrx_word' id='word_1_364' title='bbox 1361 3617 1492 3673; x_wconf 77' lang='lat' dir='ltr'><strong>magnam</strong></span> <span class='ocrx_word' id='word_1_365' title='bbox 1516 3601 1585 3659; x_wconf 86' lang='lat' dir='ltr'><strong>Los-</strong></span> 
     </span>
     <span class='ocr_line' id='line_1_37' title="bbox 344 3681 847 3754; baseline 0 -16"><span class='ocrx_word' id='word_1_366' title='bbox 344 3682 441 3738; x_wconf 82' lang='lat' dir='ltr'><strong>wueha</strong></span> <span class='ocrx_word' id='word_1_367' title='bbox 458 3689 487 3738; x_wconf 91' lang='lat' dir='ltr'><strong>et</strong></span> <span class='ocrx_word' id='word_1_368' title='bbox 504 3682 649 3738; x_wconf 82' lang='lat' dir='ltr'><strong>revertitur</strong></span> <span class='ocrx_word' id='word_1_369' title='bbox 666 3681 702 3737; x_wconf 88' lang='lat' dir='ltr'><strong>ad</strong></span> <span class='ocrx_word' id='word_1_370' title='bbox 722 3683 847 3754; x_wconf 78' lang='lat' dir='ltr'><strong>primam,</strong></span> 
     </span>
    </p>

    <p class='ocr_par' dir='ltr' id='par_1_4' title="bbox 286 3769 1584 3929">
     <span class='ocr_line' id='line_1_38' title="bbox 395 3769 1584 3844; baseline 0.005 -20"><span class='ocrx_word' id='word_1_371' title='bbox 395 3770 444 3824; x_wconf 74' lang='lat' dir='ltr'><strong>Ec</strong></span> <span class='ocrx_word' id='word_1_372' title='bbox 461 3769 600 3838; x_wconf 78' lang='lat' dir='ltr'><strong>aetiopes</strong></span> <span class='ocrx_word' id='word_1_373' title='bbox 617 3769 719 3824; x_wconf 82' lang='lat' dir='ltr'><strong>bonum</strong></span> <span class='ocrx_word' id='word_1_374' title='bbox 743 3769 1018 3841; x_wconf 67' lang='lat' dir='ltr'><strong>Klima-Hederuary</strong></span> <span class='ocrx_word' id='word_1_375' title='bbox 1036 3787 1070 3826; x_wconf 81' lang='lat' dir='ltr'><strong>ex</strong></span> <span class='ocrx_word' id='word_1_376' title='bbox 1087 3773 1200 3829; x_wconf 82' lang='lat' dir='ltr'><strong>archivo</strong></span> <span class='ocrx_word' id='word_1_377' title='bbox 1217 3775 1296 3844; x_wconf 73' lang='lat' dir='ltr'><strong>esoni</strong></span> <span class='ocrx_word' id='word_1_378' title='bbox 1311 3773 1422 3830; x_wconf 79' lang='grc' dir='ltr'>ιιιιιιι</span> <span class='ocrx_word' id='word_1_379' title='bbox 1441 3775 1479 3832; x_wconf 87' lang='lat' dir='ltr'><strong>N.</strong></span> <span class='ocrx_word' id='word_1_380' title='bbox 1498 3773 1533 3833; x_wconf 85' lang='lat' dir='ltr'><strong>R.</strong></span> <span class='ocrx_word' id='word_1_381' title='bbox 1551 3777 1584 3831; x_wconf 79' lang='lat' dir='ltr'><strong>A.</strong></span> 
     </span>
     <span class='ocr_line' id='line_1_39' title="bbox 286 3855 1353 3929; baseline 0.007 -19"><span class='ocrx_word' id='word_1_382' title='bbox 286 3915 288 3920; x_wconf 54' lang='grc'><strong>,</strong></span> <span class='ocrx_word' id='word_1_383' title='bbox 346 3855 429 3912; x_wconf 77' lang='lat' dir='ltr'><strong>Fere.</strong></span> <span class='ocrx_word' id='word_1_384' title='bbox 447 3859 525 3908; x_wconf 80' lang='lat'><em>1502.</em></span> <span class='ocrx_word' id='word_1_385' title='bbox 545 3855 580 3910; x_wconf 88' lang='lat' dir='ltr'><strong>N.</strong></span> <span class='ocrx_word' id='word_1_386' title='bbox 604 3861 645 3912; x_wconf 79' lang='grc' dir='ltr'><strong>ιι.</strong></span> <span class='ocrx_word' id='word_1_387' title='bbox 664 3885 697 3895; x_wconf 90' lang='grc'>-</span> <span class='ocrx_word' id='word_1_388' title='bbox 716 3855 813 3922; x_wconf 66' lang='lat' dir='ltr'><strong>Fater:</strong></span> <span class='ocrx_word' id='word_1_389' title='bbox 834 3857 900 3912; x_wconf 84' lang='lat' dir='ltr'><strong>Ood.</strong></span> <span class='ocrx_word' id='word_1_390' title='bbox 918 3857 987 3926; x_wconf 81' lang='lat' dir='ltr'><strong>dipl.</strong></span> <span class='ocrx_word' id='word_1_391' title='bbox 1010 3859 1038 3912; x_wconf 83' lang='lat' dir='ltr'><strong>T.</strong></span> <span class='ocrx_word' id='word_1_392' title='bbox 1057 3857 1109 3914; x_wconf 86' lang='lat' dir='ltr'><strong>IV.</strong></span> <span class='ocrx_word' id='word_1_393' title='bbox 1127 3859 1182 3915; x_wconf 88' lang='lat' dir='ltr'><strong>eol.</strong></span> <span class='ocrx_word' id='word_1_394' title='bbox 1200 3865 1225 3916; x_wconf 83' lang='lat'><strong>3.</strong></span> <span class='ocrx_word' id='word_1_395' title='bbox 1243 3875 1271 3929; x_wconf 80' lang='lat' dir='ltr'><strong>p.</strong></span> <span class='ocrx_word' id='word_1_396' title='bbox 1290 3864 1353 3918; x_wconf 74' lang='grc' dir='ltr'>ιιι.</span> 
     </span>
    </p>
   </div>
   <div class='ocr_carea' id='block_1_4' title="bbox 343 3993 1587 4240">
    <p class='ocr_par' dir='ltr' id='par_1_5' title="bbox 343 3993 1587 4240">
     <span class='ocr_line' id='line_1_40' title="bbox 398 3993 1585 4070; baseline 0.008 -20"><span class='ocrx_word' id='word_1_397' title='bbox 398 3993 596 4050; x_wconf 79' lang='lat' dir='ltr'><strong>cmxxxvi.</strong></span> <span class='ocrx_word' id='word_1_398' title='bbox 615 3995 753 4067; x_wconf 74' lang='lat' dir='ltr'><strong>Trapmii</strong></span> <span class='ocrx_word' id='word_1_399' title='bbox 778 4002 803 4052; x_wconf 86' lang='lat' dir='ltr'><strong>et</strong></span> <span class='ocrx_word' id='word_1_400' title='bbox 826 3998 962 4054; x_wconf 75' lang='lat' dir='ltr'><strong>iaderae.</strong></span> <span class='ocrx_word' id='word_1_401' title='bbox 988 4001 1067 4053; x_wconf 83' lang='lat'><strong><em>1267.</em></strong></span> <span class='ocrx_word' id='word_1_402' title='bbox 1094 4004 1118 4053; x_wconf 81' lang='grc' dir='ltr'><strong>ι.</strong></span> <span class='ocrx_word' id='word_1_403' title='bbox 1142 3999 1308 4070; x_wconf 78' lang='lat' dir='ltr'><strong>Septembris</strong></span> <span class='ocrx_word' id='word_1_404' title='bbox 1331 4007 1357 4057; x_wconf 85' lang='lat' dir='ltr'><strong>et</strong></span> <span class='ocrx_word' id='word_1_405' title='bbox 1381 4006 1425 4056; x_wconf 83' lang='lat'><strong>10.</strong></span> <span class='ocrx_word' id='word_1_406' title='bbox 1453 4001 1585 4059; x_wconf 80' lang='lat' dir='ltr'><strong>Octobris.</strong></span> 
     </span>
     <span class='ocr_line' id='line_1_41' title="bbox 343 4083 1587 4158; baseline 0.006 -21"><span class='ocrx_word' id='word_1_407' title='bbox 343 4083 490 4153; x_wconf 72' lang='lat' dir='ltr'><strong>Regnarme</strong></span> <span class='ocrx_word' id='word_1_408' title='bbox 508 4083 575 4138; x_wconf 87' lang='lat' dir='ltr'><strong>Bela</strong></span> <span class='ocrx_word' id='word_1_409' title='bbox 594 4083 643 4139; x_wconf 89' lang='lat' dir='ltr'><strong>IV.</strong></span> <span class='ocrx_word' id='word_1_410' title='bbox 662 4099 736 4154; x_wconf 78' lang='lat' dir='ltr'><strong>rege,</strong></span> <span class='ocrx_word' id='word_1_411' title='bbox 749 4083 921 4155; x_wconf 91' lang='lat' dir='ltr'><strong>temporibus</strong></span> <span class='ocrx_word' id='word_1_412' title='bbox 934 4084 1101 4141; x_wconf 85' lang='lat' dir='ltr'><strong>(lolumbaui</strong></span> <span class='ocrx_word' id='word_1_413' title='bbox 1114 4087 1238 4158; x_wconf 86' lang='lat' dir='ltr'><strong>episcopi</strong></span> <span class='ocrx_word' id='word_1_414' title='bbox 1250 4087 1453 4158; x_wconf 80' lang='lat' dir='ltr'><strong>Traguriensis,</strong></span> <span class='ocrx_word' id='word_1_415' title='bbox 1466 4087 1587 4144; x_wconf 85' lang='lat' dir='ltr'><strong>Rolandi</strong></span> 
     </span>
     <span class='ocr_line' id='line_1_42' title="bbox 343 4169 1587 4240; baseline 0.004 -14"><span class='ocrx_word' id='word_1_416' title='bbox 343 4169 460 4238; x_wconf 88' lang='lat' dir='ltr'><strong>comitis,</strong></span> <span class='ocrx_word' id='word_1_417' title='bbox 479 4169 622 4226; x_wconf 90' lang='lat' dir='ltr'><strong>Valentini</strong></span> <span class='ocrx_word' id='word_1_418' title='bbox 640 4171 798 4240; x_wconf 84' lang='lat' dir='ltr'><strong>Kasarirae,</strong></span> <span class='ocrx_word' id='word_1_419' title='bbox 817 4173 924 4227; x_wconf 88' lang='lat' dir='ltr'><strong>Dessae</strong></span> <span class='ocrx_word' id='word_1_420' title='bbox 949 4171 1085 4227; x_wconf 85' lang='lat' dir='ltr'><strong>Amblasii</strong></span> <span class='ocrx_word' id='word_1_421' title='bbox 1104 4179 1132 4228; x_wconf 92' lang='lat' dir='ltr'><strong>et</strong></span> <span class='ocrx_word' id='word_1_422' title='bbox 1150 4175 1243 4230; x_wconf 89' lang='lat' dir='ltr'><strong>Lucae</strong></span> <span class='ocrx_word' id='word_1_423' title='bbox 1261 4175 1336 4230; x_wconf 89' lang='lat' dir='ltr'><strong>Petri</strong></span> <span class='ocrx_word' id='word_1_424' title='bbox 1361 4173 1491 4230; x_wconf 88' lang='lat' dir='ltr'><strong>iudicum.</strong></span> <span class='ocrx_word' id='word_1_425' title='bbox 1514 4175 1587 4231; x_wconf 82' lang='lat' dir='ltr'><strong>(lum</strong></span> 
     </span>
    </p>
   </div>
   <div class='ocr_carea' id='block_1_5' title="bbox 230 4257 1587 4332">
    <p class='ocr_par' dir='ltr' id='par_1_6' title="bbox 230 4257 1587 4332">
     <span class='ocr_line' id='line_1_43' title="bbox 230 4257 1587 4332; baseline 0.004 -20"><span class='ocrx_word' id='word_1_426' title='bbox 230 4323 233 4329; x_wconf 25' lang='grc' dir='ltr'>Ι</span> <span class='ocrx_word' id='word_1_427' title='bbox 343 4257 541 4313; x_wconf 85' lang='lat' dir='ltr'><strong>Procuratores</strong></span> <span class='ocrx_word' id='word_1_428' title='bbox 565 4257 609 4312; x_wconf 82' lang='lat' dir='ltr'><strong>rel</strong></span> <span class='ocrx_word' id='word_1_429' title='bbox 634 4263 742 4314; x_wconf 87' lang='lat' dir='ltr'><strong>actores</strong></span> <span class='ocrx_word' id='word_1_430' title='bbox 759 4257 875 4329; x_wconf 90' lang='lat' dir='ltr'><strong>capituli</strong></span> <span class='ocrx_word' id='word_1_431' title='bbox 899 4263 927 4314; x_wconf 91' lang='grc' dir='ltr'><strong>ιι</strong></span> <span class='ocrx_word' id='word_1_432' title='bbox 950 4260 1155 4316; x_wconf 84' lang='lat' dir='ltr'><strong>communitatis</strong></span> <span class='ocrx_word' id='word_1_433' title='bbox 1179 4261 1358 4332; x_wconf 79' lang='lat' dir='ltr'><strong>traguriensis</strong></span> <span class='ocrx_word' id='word_1_434' title='bbox 1382 4259 1473 4319; x_wconf 85' lang='lat' dir='ltr'><strong>forent</strong></span> <span class='ocrx_word' id='word_1_435' title='bbox 1494 4277 1587 4318; x_wconf 85' lang='lat' dir='ltr'><strong>coram</strong></span> 
     </span>
    </p>
   </div>
   <div class='ocr_carea' id='block_1_6' title="bbox 341 4343 1587 4765">
    <p class='ocr_par' dir='ltr' id='par_1_7' title="bbox 341 4343 1587 4765">
     <span class='ocr_line' id='line_1_44' title="bbox 344 4343 1586 4420; baseline 0.005 -22"><span class='ocrx_word' id='word_1_436' title='bbox 344 4343 521 4400; x_wconf 74' lang='lat' dir='ltr'><strong>columbano</strong></span> <span class='ocrx_word' id='word_1_437' title='bbox 539 4344 672 4416; x_wconf 87' lang='lat' dir='ltr'><strong>episcopo</strong></span> <span class='ocrx_word' id='word_1_438' title='bbox 690 4344 767 4415; x_wconf 89' lang='lat' dir='ltr'><strong>apud</strong></span> <span class='ocrx_word' id='word_1_439' title='bbox 785 4344 902 4400; x_wconf 87' lang='lat' dir='ltr'><strong>Jadram</strong></span> <span class='ocrx_word' id='word_1_440' title='bbox 919 4347 1071 4416; x_wconf 87' lang='lat' dir='ltr'><strong>constituti,</strong></span> <span class='ocrx_word' id='word_1_441' title='bbox 1096 4353 1309 4418; x_wconf 89' lang='lat' dir='ltr'><strong>praesentarunt</strong></span> <span class='ocrx_word' id='word_1_442' title='bbox 1331 4349 1437 4405; x_wconf 87' lang='lat' dir='ltr'><strong>litteras</strong></span> <span class='ocrx_word' id='word_1_443' title='bbox 1456 4363 1586 4420; x_wconf 82' lang='lat' dir='ltr'><strong>procura·</strong></span> 
     </span>
     <span class='ocr_line' id='line_1_45' title="bbox 342 4431 1586 4504; baseline 0.002 -16"><span class='ocrx_word' id='word_1_444' title='bbox 342 4431 428 4488; x_wconf 88' lang='lat' dir='ltr'><strong>toriae</strong></span> <span class='ocrx_word' id='word_1_445' title='bbox 454 4446 503 4486; x_wconf 89' lang='lat' dir='ltr'><strong>eeu</strong></span> <span class='ocrx_word' id='word_1_446' title='bbox 528 4431 689 4487; x_wconf 87' lang='lat' dir='ltr'><strong>sindiearias</strong></span> <span class='ocrx_word' id='word_1_447' title='bbox 714 4433 803 4504; x_wconf 88' lang='lat' dir='ltr'><strong>ipsius</strong></span> <span class='ocrx_word' id='word_1_448' title='bbox 828 4448 889 4503; x_wconf 87' lang='lat' dir='ltr'><strong>cap.</strong></span> <span class='ocrx_word' id='word_1_449' title='bbox 917 4432 1019 4504; x_wconf 87' lang='lat' dir='ltr'><strong>quibus</strong></span> <span class='ocrx_word' id='word_1_450' title='bbox 1045 4434 1169 4491; x_wconf 87' lang='lat' dir='ltr'><strong>Jacobus</strong></span> <span class='ocrx_word' id='word_1_451' title='bbox 1197 4435 1409 4492; x_wconf 89' lang='lat' dir='ltr'><strong>archidiaconus</strong></span> <span class='ocrx_word' id='word_1_452' title='bbox 1435 4434 1586 4492; x_wconf 85' lang='lat' dir='ltr'><strong>Gersasius</strong></span> 
     </span>
     <span class='ocr_line' id='line_1_46' title="bbox 344 4517 1587 4591; baseline 0.005 -19"><span class='ocrx_word' id='word_1_453' title='bbox 344 4517 516 4589; x_wconf 86' lang='lat' dir='ltr'><strong>primicerius</strong></span> <span class='ocrx_word' id='word_1_454' title='bbox 534 4523 562 4574; x_wconf 91' lang='lat' dir='ltr'><strong>st</strong></span> <span class='ocrx_word' id='word_1_455' title='bbox 582 4519 740 4575; x_wconf 86' lang='lat' dir='ltr'><strong>universum</strong></span> <span class='ocrx_word' id='word_1_456' title='bbox 757 4518 910 4590; x_wconf 90' lang='lat' dir='ltr'><strong>capitulum</strong></span> <span class='ocrx_word' id='word_1_457' title='bbox 924 4520 1005 4591; x_wconf 80' lang='lat' dir='ltr'><strong>Trag.</strong></span> <span class='ocrx_word' id='word_1_458' title='bbox 1018 4523 1210 4578; x_wconf 90' lang='lat' dir='ltr'><strong>constituerint</strong></span> <span class='ocrx_word' id='word_1_459' title='bbox 1222 4521 1266 4578; x_wconf 89' lang='lat' dir='ltr'><strong>die</strong></span> <span class='ocrx_word' id='word_1_460' title='bbox 1279 4525 1304 4579; x_wconf 83' lang='lat'><strong>5.</strong></span> <span class='ocrx_word' id='word_1_461' title='bbox 1317 4521 1445 4580; x_wconf 89' lang='lat' dir='ltr'><strong>Octobris</strong></span> <span class='ocrx_word' id='word_1_462' title='bbox 1458 4521 1587 4580; x_wconf 89' lang='lat' dir='ltr'><strong>dominos</strong></span> 
     </span>
     <span class='ocr_line' id='line_1_47' title="bbox 341 4603 1585 4682; baseline 0.01 -28"><span class='ocrx_word' id='word_1_463' title='bbox 341 4603 508 4662; x_wconf 65' lang='lat' dir='ltr'><strong>,Kasioctum</strong></span> <span class='ocrx_word' id='word_1_464' title='bbox 528 4605 664 4662; x_wconf 84' lang='lat' dir='ltr'><strong>Zauichae</strong></span> <span class='ocrx_word' id='word_1_465' title='bbox 683 4611 711 4661; x_wconf 93' lang='lat' dir='ltr'><strong>et</strong></span> <span class='ocrx_word' id='word_1_466' title='bbox 729 4605 867 4662; x_wconf 83' lang='grc' dir='ltr'>Βοιιὶιιιι</span> <span class='ocrx_word' id='word_1_467' title='bbox 886 4609 1089 4664; x_wconf 88' lang='lat' dir='ltr'><strong>concanonicos</strong></span> <span class='ocrx_word' id='word_1_468' title='bbox 1108 4625 1175 4664; x_wconf 91' lang='lat' dir='ltr'><strong>suos</strong></span> <span class='ocrx_word' id='word_1_469' title='bbox 1193 4610 1306 4666; x_wconf 89' lang='lat' dir='ltr'><strong>nuntios</strong></span> <span class='ocrx_word' id='word_1_470' title='bbox 1319 4609 1453 4682; x_wconf 88' lang='lat' dir='ltr'><strong>speciales</strong></span> <span class='ocrx_word' id='word_1_471' title='bbox 1466 4607 1502 4665; x_wconf 90' lang='lat' dir='ltr'><strong>ad</strong></span> <span class='ocrx_word' id='word_1_472' title='bbox 1515 4613 1585 4666; x_wconf 87' lang='lat' dir='ltr'><strong>trao-</strong></span> 
     </span>
     <span class='ocr_line' id='line_1_48' title="bbox 341 4689 1581 4765; baseline 0.006 -20"><span class='ocrx_word' id='word_1_473' title='bbox 341 4689 458 4746; x_wconf 85' lang='lat' dir='ltr'><strong>tandum</strong></span> <span class='ocrx_word' id='word_1_474' title='bbox 476 4707 533 4748; x_wconf 90' lang='lat' dir='ltr'><strong>uua</strong></span> <span class='ocrx_word' id='word_1_475' title='bbox 556 4708 620 4749; x_wconf 91' lang='lat' dir='ltr'><strong>cnm</strong></span> <span class='ocrx_word' id='word_1_476' title='bbox 644 4693 776 4765; x_wconf 90' lang='lat' dir='ltr'><strong>episcopo</strong></span> <span class='ocrx_word' id='word_1_477' title='bbox 800 4708 898 4765; x_wconf 88' lang='lat' dir='ltr'><strong>pacem</strong></span> <span class='ocrx_word' id='word_1_478' title='bbox 922 4699 950 4752; x_wconf 88' lang='lat' dir='ltr'><strong>et</strong></span> <span class='ocrx_word' id='word_1_479' title='bbox 973 4695 1148 4752; x_wconf 88' lang='lat' dir='ltr'><strong>concordiam</strong></span> <span class='ocrx_word' id='word_1_480' title='bbox 1172 4697 1201 4751; x_wconf 90' lang='lat' dir='ltr'><strong>ln</strong></span> <span class='ocrx_word' id='word_1_481' title='bbox 1225 4697 1335 4754; x_wconf 81' lang='lat' dir='ltr'><strong>civitate</strong></span> <span class='ocrx_word' id='word_1_482' title='bbox 1358 4695 1461 4752; x_wconf 86' lang='lat' dir='ltr'><strong>Jadrae</strong></span> <span class='ocrx_word' id='word_1_483' title='bbox 1486 4711 1581 4752; x_wconf 88' lang='lat' dir='ltr'><strong>coram</strong></span> 
     </span>
    </p>
   </div>
   <div class='ocr_carea' id='block_1_7' title="bbox 0 0 1744 5356">
    <p class='ocr_par' dir='ltr' id='par_1_8' title="bbox 0 0 1744 5356">
     <span class='ocr_line' id='line_1_49' title="bbox 0 0 1744 5356; baseline 0 0"><span class='ocrx_word' id='word_1_484' title='bbox 0 0 1744 5356; x_wconf 95' lang='lat' dir='ltr'><strong> </strong></span> 
     </span>
    </p>
   </div>
  </div>
 </body>
</html>
