3464 5382
679 429 825 498 naerens.
1309 435 1371 503 169

178 615 308 672 nuum.
326 617 474 692 Trapnrli,
497 621 538 674 11.
558 617 661 674 Martii
677 620 753 676 1249.
783 615 968 690 Temporrbue
992 617 1133 690 Treguani
1150 619 1283 693 episcopi,
1312 621 1373 680 Ste-

130 705 220 778 prouis
246 704 363 774 comitis,
387 703 507 761 Janiche
529 710 558 761 et
575 701 718 761 Valentini
741 705 895 762 Kamriche
918 703 1044 762 indicum
1065 706 1182 778 magur.
1201 707 1281 768 Vilce
1298 710 1373 766 tilius

129 789 273 848 Badoaani
292 791 448 848 (lbotnseee
465 793 568 864 accipit
585 807 602 848 a
621 791 757 864 Gregorio
775 793 834 849 lilio
853 791 955 850 Heliae
982 791 1125 866 quandem
1143 795 1252 851 comitis
1270 801 1372 853 terrem

18 915 20 940 t
129 880 207 935 sitam
225 879 280 936 sub
298 879 408 951 osecg,
427 881 472 936 cui
490 879 598 936 adiacet
609 880 646 936 ab
658 881 763 937 oriente
775 885 849 937 terra
860 879 910 936 tilii
923 879 1038 950 Odolae,
1057 881 1093 937 eb
1111 881 1253 940 occidente
1265 899 1372 953 murus,

129 967 275 1024 ameridie
293 967 374 1024 vinea
390 967 490 1024 Jacobi
508 967 668 1032 Dobrauae.
687 967 723 1024 ed
741 967 928 1041 plantandum
942 969 1015 1026 inea
1026 970 1145 1026 vineam.
1163 969 1275 1027 Testes:
1292 985 1371 1044 prae-

133 1054 222 1112 dictus
249 1054 369 1111 Jauicha
394 1054 480 1111 iudex
506 1059 535 1112 et
562 1055 707 1112 Bnrclene.
735 1055 867 1113 Sivester
884 1055 920 1114 de
938 1055 1012 1114 Urso
1037 1057 1219 1114 examinator.
1247 1057 1373 1116 Gauaine

128 1142 298 1214 primicerius
316 1147 345 1198 et
362 1144 488 1198 notarius
506 1143 645 1214 Braguno.

177 1229 287 1286 Eodem
303 1245 379 1286 anuo
396 1235 424 1286 et
435 1229 481 1286 die
493 1229 627 1302 'l‘ragurii
646 1229 808 1302 Dragoviua
826 1229 892 1288 olim
909 1229 1035 1287 Dobreni
1053 1231 1169 1302 Moyseo
1184 1231 1259 1288 tilius
1271 1235 1372 1308 accipit

127 1333 144 1372 a
161 1315 296 1388 Gregorio
314 1317 415 1374 Hebae
439 1316 580 1389 quondum
604 1319 713 1374 comitis
731 1317 789 1375 tilio
801 1324 903 1374 terram
921 1319 1002 1375 sitam
1020 1318 1050 1374 in
1067 1317 1217 1392 Podmorje
1235 1320 1289 1376 sub
1307 1323 1370 1380 loco

127 1404 258 1476 Smognia
281 1404 318 1460 ad
342 1404 526 1477 plantandum
548 1406 576 1460 in
601 1421 636 1461 ee
654 1406 769 1474 dueum,
789 1405 824 1462 de
845 1407 926 1462 cuins
944 1406 1080 1464 fructibus
1097 1408 1219 1480 acceptia
1236 1407 1272 1465 de
1290 1409 1372 1467 vinea

126 1509 189 1549 cnm
213 1509 265 1550 suo
294 1492 372 1548 asino
396 1492 475 1548 dabit
497 1493 651 1565 agratioum
673 1493 800 1564 quintum
822 1500 937 1566 partem.
963 1495 1072 1552 Teates:
1100 1495 1185 1554 iudex
1206 1496 1326 1554 Jauicba
1343 1503 1372 1554 et

127 1581 227 1637 Petrus
247 1580 321 1636 filius
338 1579 414 1637 Dese
432 1579 467 1636 de
485 1580 570 1652 (lega.

175 1670 223 1722 Ee
239 1683 301 1724 mcc
320 1667 478 1724 collectione
494 1669 525 1724 a'a
541 1683 725 1739 perpaucum
743 1669 865 1726 meula.

175 1805 294 1863 DLXX.
312 1807 423 1878 Budas,
441 1811 485 1864 25.
503 1807 605 1864 Martii
622 1811 704 1864 1249.
722 1807 791 1864 Bela
808 1807 860 1864 1v.
879 1823 927 1864 rex
945 1809 1112 1878 manifestet,
1130 1810 1207 1880 qnod
1225 1825 1289 1867 cnm
1306 1829 1370 1884 reg-

126 1911 192 1951 num
210 1895 272 1951 eius
289 1911 340 1967 per
358 1897 478 1951 subitam
496 1895 677 1968 irruptionem
695 1894 874 1952 Tartarornm
886 1895 991 1967 grande
1004 1895 1183 1968 dispendium
1200 1899 1369 1970 pertrutinat,

126 1989 153 2039 et
170 1983 207 2039 de
225 1983 294 2055 ipsis
312 1981 411 2038 incolis
428 1987 487 2038 tam
504 1981 644 2038 nobilibus
662 1999 746 2054 quem
761 1983 945 2052 interioribus,
964 1984 992 2039 in
1010 1984 1108 2040 muiori
1127 1991 1206 2058 parte
1224 2003 1275 2058 per
1291 2003 1370 2060 prae·

127 2070 214 2126 latam
231 2075 343 2142 gentem
361 2069 544 2141 interemptis,
560 2069 643 2141 pauci
663 2070 872 2142 remansissent,
895 2070 932 2126 ad
950 2070 1093 2128 eorundeu
1111 2072 1370 2145 multiplicationem

18 2175 19 2232 3
125 2165 152 2214 ct
169 2157 316 2214 tuitionem
342 2157 413 2225 loca,
440 2155 640 2212 munitionibus
666 2164 742 2229 apta,
771 2157 975 2230 potentioribus
1000 2157 1169 2215 conferenda
1195 2159 1312 2229 duxerit,
1335 2161 1370 2218 de
1448 2153 1455 2160 ⁸

126 2245 228 2317 quibua
245 2249 369 2300 montem
387 2243 559 2312 Saemumlm
582 2245 610 2299 iu
635 2245 768 2301 comitatu
794 2243 830 2300 de
852 2245 962 2301 &rana
980 2245 1064 2301 eitum
1083 2245 1208 2316 Nicetes,
1235 2249 1369 2319 magistro

18 2371 20 2386 ,
124 2333 329 2390 tavernicorum
355 2331 405 2386 lilii
428 2332 472 2387 sni
496 2329 632 2403 Stephani
655 2333 738 2402 regis,
764 2336 793 2387 et
810 2333 904 2388 comiti
925 2331 962 2388 de
985 2332 1121 2402 Dobioba
1150 2334 1198 2390 nbi
1225 2333 1299 2390 idem
1318 2351 1370 2407 pro

18 2431 19 2446 ¹
124 2419 288 2477 defensione
315 2435 451 2498 personae
479 2435 547 2474 auae
565 2423 593 2474 et
612 2419 731 2474 utilitate
757 2420 837 2490 regui
860 2425 982 2475 cestrum
999 2419 1053 2475 urbi
1070 2422 1231 2489 construxit,
1259 2421 1370 2480 duxerit

126 2505 342 2574 conserendum
360 2504 442 2562 etad
461 2505 566 2562 dictum
587 2513 709 2563 casmm
726 2505 948 2562 conservandum
969 2513 1072 2563 terrem
1095 2507 1209 2564 Borean
1226 2509 1281 2565 sub
1298 2509 1370 2582 pedo

126 2595 229 2652 montis
248 2593 405 2648 contulerit.
425 2593 512 2649 Ouiua
530 2599 612 2661 terra,
636 2597 668 2649 ut
685 2593 771 2649 frater
794 2593 967 2650 Rambaldns
990 2593 1091 2651 domus
1116 2595 1262 2668 hospitalia
1279 2597 1369 2654 hiero-

125 2680 288 2754 solymitani
305 2680 393 2735 maior
411 2685 576 2752 praeceptor
588 2681 616 2735 in
630 2679 756 2752 partibus
775 2679 937 2736 Oismariuis
950 2697 1001 2754 per
1017 2697 1083 2738 suus
1100 2681 1207 2738 litterae
1217 2683 1368 2755 intimavit,

122 2769 252 2826 sufficere
269 2770 364 2840 potest
382 2767 446 2822 usui
464 2771 572 2840 septem
590 2772 746 2823 matorum
764 2773 874 2840 praeter
892 2773 1001 2840 partem¹
1017 2767 1127 2824 Nicolai
1144 2763 1278 2842 magistri,
1297 2789 1369 2844 quae

122 2857 158 2912 ab
177 2856 293 2926 antiquo
322 2856 441 2926 pertinet
467 2855 503 2910 ed
531 2853 649 2912 eundern
677 2854 798 2923 (omissis
825 2855 886 2910 aliie
913 2854 1005 2911 adfert
1031 2872 1081 2912 rex
1099 2862 1127 2912 et
1145 2857 1240 2930 aliqua
1258 2860 1370 2916 ameide

124 2943 253 3016 ejusdem
272 2941 380 3000 comitis
398 2941 434 2998 de
446 2941 594 3012 Dubicba).
612 2941 692 2997 Idem
710 2959 831 3014 namque
849 2947 983 3016 tauquam
999 2941 1130 3000 column
1141 2945 1292 3004 immobilia
1309 2949 1372 3020 regi

123 3033 281 3089 adhaerens
307 3045 452 3101 nunquam
470 3045 487 3084 a
505 3045 557 3086 suo
584 3029 669 3084 latere
697 3030 795 3102 procul
821 3029 882 3098 fnit,
910 3030 1031 3087 maxime
1057 3036 1182 3104 tempore
1209 3033 1370 3106 irruptionis

122 3121 304 3177 Tartnrorum
321 3117 351 3172 in
368 3117 497 3173 conflictu
515 3117 594 3172 iuxta
612 3116 688 3188 Saye
705 3115 813 3172 adstitit
830 3117 897 3188 regi,
915 3117 1093 3174 laudabiliter
1111 3120 1287 3190 praeliando;
1309 3128 1370 3177 ten-

120 3207 187 3264 dem
204 3222 273 3278 rege
290 3220 389 3261 versus
407 3210 500 3276 partes
523 3204 675 3260 maritimas
701 3219 849 3276 progresso
873 3205 933 3276 ipse
951 3207 1025 3261 circe
1042 3223 1137 3276 regem
1155 3211 1288 3263 ettotam
1307 3210 1369 3265 eius

118 3296 237 3353 domum
255 3292 383 3361 servitiis,
401 3309 453 3349 nec
470 3309 527 3348 nou
544 3291 730 3363 legationibus
742 3293 824 3362 regiis
841 3291 992 3364 prudenter
1010 3293 1181 3365 perferendis
1200 3311 1230 3352 se
1247 3295 1369 3353 reddidit

121 3381 245 3455 amplius
263 3381 431 3452 gratiosum
457 3381 486 3434 iu
515 3379 739 3452 expeditionibus
766 3395 879 3450 quoque
903 3385 999 3436 contra
1024 3381 1182 3438 Bosueusca
1207 3383 1370 3454 haereticos,

121 3476 273 3542 requenter
290 3468 407 3524 laudum
424 3468 574 3540 praeconia
595 3457 748 3538 reportavit
770 3465 938 3532 dimicando,
967 3469 996 3523 in
1018 3470 1150 3526 exercitio
1168 3471 1252 3526 etiam
1268 3476 1366 3527 contra

119 3558 297 3615 Fridericum
320 3556 440 3614 condam
464 3555 563 3612 ducem
588 3555 718 3610 Austriae
742 3570 799 3610 uua
820 3571 884 3610 cnm
909 3556 967 3612 suis
988 3556 1121 3614 decenter
1138 3563 1262 3614 armatus
1279 3559 1368 3615 multa

19 3643 20 3648 '
119 3647 235 3703 servitia
253 3643 388 3701 exhibuit

172 3732 270 3801 rete:
290 3732 381 3789 mccc
398 3733 467 3803 dipl.
486 3733 581 3804 Hunc.
603 3735 632 3790 Τ.
651 3733 703 3788 IV.
722 3725 773 3785 act
792 3731 833 3788 11.
850 3749 879 3803 p.
900 3737 943 3790 49.

173 3871 312 3930 DLXXI.
325 3875 404 3929 1249.
422 3874 518 3930 Merrae
530 3875 642 3931 Martio.
653 3876 814 3934 Matthaeus
826 3876 995 3948 Stephanus,
1011 3891 1131 3948 magnus
1144 3876 1236 3932 banus
1248 3877 1367 3947 Boauae,

119 3961 259 4032 promittit
276 3959 384 4017 Jacobo
402 3961 515 4018 Daltino
533 3963 627 4019 comiti
644 3964 759 4036 Rugnsii
781 3969 809 4020 et
826 3964 955 4021 omuibus
972 3963 1113 4020 nobilibus
1131 3969 1159 4020 et
1176 3966 1368 4022 communitati

119 4047 243 4104 civitatis
270 4047 438 4118 Ragonium,
467 4065 497 4106 ae
520 4067 585 4106 cum
612 4051 762 4123 Ragneiuis
789 4053 899 4108 ffimam
925 4063 1023 4124 pacem
1050 4057 1232 4110 curaturum.
1257 4053 1367 4109 Iurant:

118 4150 217 4191 comes
244 4133 341 4206 Ugrin,
368 4152 461 4192 comes
487 4135 625 4208 moonja,
652 4139 838 4194 cubicularius
865 4141 1008 4209 (amasus)
1027 4137 1162 4207 Grdomil,
1180 4139 1366 4196 cubicularius

18 4237 21 4248 ’
117 4221 248 4292 Bjelhnn‚
267 4221 403 4292 vojevoda
412 4223 511 4288 Parta,
530 4223 659 4282 Grubela
675 4225 868 4297 pincernarum
885 4225 1025 4296 magister,
1043 4226 1229 4282 cubicularius
1244 4226 1367 4294 Simeon,

116 4307 170 4366 Jet
191 4307 457 4380 Obdenovidenovil,
475 4311 628 4370 Domaelev
641 4312 768 4380 Gunetid,
787 4313 940 4368 Hrunialav
956 4311 1074 4382 Smadit,
1094 4313 1202 4384 Radoje
1214 4313 1366 4384 Drugovit,

116 4395 257 4453 Berieilav
275 4396 369 4461 Reme,
388 4397 517 4453 Kukmut
535 4397 690 4469 Odramliic,
707 4397 800 4455 Vllsda
818 4399 978 4456 Vllrasovil.
1227 4427 1230 4432 ·

173 4483 340 4542 Milloeicb:
358 4486 433 4540 Mon.
451 4484 565 4541 Scrblcu
580 4503 611 4556 p.
629 4490 673 4543 32.
786 4499 788 4504 ·

114 4691 118 4704 ‚
174 4623 327 4680 DLXXII.
345 4625 491 4697 neptuni,
511 4629 555 4682 30.
574 4625 684 4695 Aprclls
703 4627 784 4680 1249.
809 4625 990 4682 Innocentius
1008 4625 1061 4683 IV.
1078 4641 1152 4698 pape
1167 4624 1263 4681 scribit
1280 4625 1368 4681 archi-

111 4708 244 4770 diacono
262 4713 291 4768 et
308 4712 431 4784 capitulo
449 4711 624 4786 Spalatensi:
644 4729 709 4771 cnm
726 4727 843 4770 vacante
855 4729 906 4770 suo
916 4719 1029 4787 pastore
1046 4713 1158 4770 intrem
1174 4711 1314 4772 ioannem
1332 4713 1367 4772 de
