3464 5382
353 409 417 476 150
844 432 866 474 1.
889 416 1090 484 musard,

348 599 450 654 lestent
473 603 501 653 et
524 603 652 668 gravent;
677 597 851 668 strigoniensi
878 601 970 651 autem
994 601 1022 652 et
1045 595 1182 650 colocensi
1208 593 1422 665 archiepiscopis
1447 597 1475 648 et
1493 611 1592 664 zogra-

347 686 436 742 bienni
454 687 585 757 episcopo
603 684 718 742 mandet
736 685 891 756 separatim,
910 687 942 738 ut
958 683 994 739 ad
1013 683 1106 740 omnia
1123 680 1264 756 praedicta
1282 681 1417 737 seruanda
1434 681 1594 754 quemlibet

347 772 523 845 compellant.

311 905 313 910 .
402 861 531 916 fiscinam
548 863 669 917 Monam.
688 865 738 916 oct.
758 850 853 931 Hesp.
871 859 897 930 1,
913 875 942 928 p.
963 863 1022 912 198.

399 999 604 1056 ceoexclx.
623 1001 822 1073 bupduni,17.
841 998 1006 1068 Septembris
1025 1001 1103 1054 1245.
1122 997 1303 1054 Innocentius
1320 995 1363 1051 IV
1381 1013 1457 1068 papa
1468 997 1593 1068 injungit

348 1088 571 1160 archiepiscopis,
598 1087 744 1159 episcopis,
773 1085 930 1154 abbatibus,
957 1084 1094 1157 prioribus
1121 1090 1171 1140 etc.
1200 1102 1249 1156 per
1276 1100 1392 1155 regnum
1413 1084 1593 1158 Hungariae,

347 1175 467 1244 Samiae,
486 1174 624 1243 Gallittae,
642 1174 798 1240 Slavoniae,
825 1173 954 1228 Oroatiae
981 1179 1009 1228 et
1036 1172 1194 1230 Dalmatiae
1220 1172 1386 1240 constitutis,
1413 1188 1449 1226 ne
1467 1172 1592 1243 amplius

346 1264 494 1318 molestent
511 1263 609 1318 fratres
628 1261 831 1334 praedicatores
849 1265 878 1316 et
895 1266 1018 1330 gravem.

401 1350 531 1406 fletam
550 1350 625 1406 Mon.
643 1355 693 1404 oet.
715 1351 806 1419 Hesp.
824 1351 848 1416 I,
863 1365 892 1418 p.
913 1352 975 1405 200.

398 1473 433 1528 D.
454 1475 531 1528 1245.
550 1475 593 1527 12.
613 1472 774 1527 Decembris.
801 1471 869 1526 Bela
895 1469 939 1526 1v
965 1487 1014 1526 rex
1040 1469 1205 1538 manifestet,
1233 1467 1308 1540 qnod
1335 1485 1399 1524 cnm
1416 1468 1540 1524 Abraam
1561 1473 1593 1524 et

346 1559 479 1616 Nicolaus
498 1559 547 1614 filii
565 1560 673 1615 comitis
692 1557 808 1629 Nicolai,
827 1559 949 1614 Thomas
967 1563 995 1613 et
1011 1557 1248 1625 Bartholomaeus,
1267 1557 1316 1612 filii
1334 1557 1457 1613 Thomas
1469 1555 1590 1624 comitis,

346 1647 382 1702 ab
407 1646 504 1702 eadem
528 1647 773 1718 consanguinitatis
797 1647 871 1701 linea
894 1643 1102 1712 descendentes,
1127 1661 1144 1699 a
1170 1645 1238 1700 flore
1256 1645 1397 1718 pueritiae,
1416 1650 1444 1700 et
1461 1650 1591 1715 tempore

342 1735 497 1806 juventutis
515 1735 604 1806 ipsius
621 1735 695 1804 regis
713 1734 797 1790 Belae
815 1739 844 1790 et
861 1749 929 1789 suae
947 1731 1086 1787 fidelitatis
1098 1731 1233 1804 obsequie
1244 1733 1269 1788 ei
1281 1732 1489 1804 impendissent,
1502 1731 1590 1787 variis

345 1821 456 1876 casibus
475 1838 505 1877 sc
522 1827 551 1876 et
568 1839 619 1876 sua
638 1839 688 1892 pro
707 1821 754 1877 illo
772 1820 947 1894 exponendo,
964 1827 1025 1876 tum
1043 1822 1195 1891 legationes
1207 1823 1235 1876 in
1248 1821 1361 1878 remotis
1374 1820 1501 1894 partibus
1513 1819 1590 1875 ultra

346 1910 477 1964 terminos
496 1911 574 1978 regni
591 1908 667 1980 apud
688 1909 791 1964 emices
810 1915 838 1964 et
856 1915 1002 1964 extraneos
1026 1907 1150 1964 studiose
1169 1908 1341 1980 exequendo,
1358 1913 1484 1980 tempore
1502 1924 1590 1978 porro

345 1997 545 2066 persecutionis
562 1997 741 2052 Tartarorum
758 1997 786 2052 in
805 1995 878 2052 bello
897 1997 1046 2068 campestri
1064 2013 1128 2052 eum
1146 1996 1271 2068 praefata
1290 2001 1373 2068 gente
1391 1997 1459 2052 inito
1472 1994 1591 2050 vulnera

344 2083 468 2138 laetifera
485 2083 662 2155 recaptando,
690 2083 802 2139 tandem
825 2084 898 2140 eirca
922 2083 1065 2150 maritima,
1089 2084 1182 2138 multis
1205 2083 1406 2152 recedentibus,
1430 2082 1590 2152 dequibus

345 2187 394 2226 rex
413 2171 519 2226 ffimam
538 2171 652 2241 gerebat
675 2188 761 2242 spem,
786 2170 905 2226 eundem
930 2171 1024 2238 secuti,
1049 2171 1179 2226 virtutm
1199 2171 1347 2226 dmutibus
1365 2170 1538 2238 cumularint,
1559 2175 1591 2225 et

348 2259 466 2330 propriis
483 2257 625 2314 laboribus
650 2263 678 2314 et
695 2259 824 2330 expensis
843 2275 899 2314 non
917 2264 1070 2329 parcentes,
1094 2258 1226 2314 continua
1244 2257 1384 2314 fidelitatis
1406 2273 1492 2330 opera
1509 2273 1590 2312 exer·

345 2362 407 2402 cere
424 2363 479 2400 non
498 2347 640 2418 cessarint,
667 2347 734 2415 quia
760 2347 917 2418 complures
942 2347 1021 2418 regni
1048 2344 1156 2402 nobiles
1183 2351 1211 2400 et
1228 2345 1352 2416 plebeios
1370 2345 1407 2401 ab
1429 2344 1589 2400 incursibus

346 2431 503 2503 praedictae
521 2431 655 2488 barbarae
673 2434 764 2503 gentis
782 2433 940 2490 enormibus
958 2449 1073 2490 suorum
1091 2432 1226 2490 effusione
1245 2433 1413 2502 sanguinum
1430 2432 1589 2488 deffensan-

345 2525 395 2588 tes,
414 2525 513 2592 utpote
531 2519 626 2576 fideles
651 2525 679 2576 et
702 2521 817 2592 experti,
835 2519 1010 2576 laudabiliter
1034 2519 1235 2576 conservarint:
1253 2520 1281 2573 in
1299 2519 1588 2591 recompensationem

344 2612 438 2664 tantae
456 2606 596 2664 fidelitatis
614 2609 682 2680 ipsis
700 2613 801 2666 terram
825 2608 962 2664 Rokonuc
990 2607 1141 2678 (Rakevec)
1159 2608 1188 2662 in
1206 2607 1309 2664 ducatu
1328 2607 1476 2664 Slavoniae
1503 2607 1588 2666 sitam

344 2694 457 2760 confert,
477 2700 505 2749 et
523 2711 571 2749 eos
590 2711 639 2766 per
657 2696 820 2766 magistrum
838 2695 898 2752 Fila
916 2696 1105 2768 praepositum
1129 2694 1337 2766 aagrabiensem
1355 2693 1493 2750 introduci
1511 2695 1588 2750 facit

345 2781 412 2852 Ipsa
430 2780 567 2851 siquidem
585 2787 658 2837 terra
684 2800 773 2838 vacue
799 2782 940 2854 quondam
958 2789 986 2839 et
1003 2783 1113 2839 deserta
1140 2782 1262 2838 Martino
1280 2782 1353 2838 bano
1372 2782 1430 2838 filio
1448 2782 1530 2838 Waie
1551 2799 1587 2837 ex

346 2866 495 2923 donatione
513 2869 589 2938 regia
604 2867 657 2922 fuit
668 2869 776 2936 collata,
790 2871 967 2941 postmodum
979 2869 1015 2925 ad
1028 2869 1183 2926 Robertum
1195 2868 1335 2940 quondam
1347 2869 1586 2940 archiepiscopum

345 2955 563 3025 strigoniensem,
583 2955 683 3011 abhinc
701 2955 737 3010 ad
756 2957 856 3012 Possm
874 2957 987 3025 benum,
1006 2973 1024 3013 a
1040 2973 1097 3028 quo
1115 2957 1151 3012 ad
1170 2957 1246 3014 Ocuz
1264 2957 1354 3026 (oric)
1372 2957 1483 3022 benum,
1502 2961 1533 3011 et
1549 2957 1587 3010 ab

342 3043 391 3098 illo
408 3042 443 3097 ad
462 3042 575 3099 fratrem
592 3043 665 3114 regis
685 3043 876 3113 Oolomanum,
896 3060 990 3115 regem
1007 3049 1035 3100 et
1052 3044 1153 3100 ducem
1171 3043 1327 3112 Slavoniae
1340 3043 1487 3115 emptionis
1503 3043 1586 3098 titulo

343 3130 433 3186 extitit
450 3131 598 3199 devoluta3
622 3130 733 3188 undem
761 3131 914 3188 (lolomano
938 3137 1048 3188 mortuo
1068 3130 1104 3186 ad
1122 3148 1223 3186 manus
1241 3131 1330 3202 regias
1348 3129 1471 3186 reducta.
1491 3133 1586 3186 Motae

343 3225 436 3274 eumin
454 3223 543 3274 terrae
562 3223 641 3274 sunt:
660 3236 678 3274 a
696 3217 779 3274 fluvio
797 3219 875 3274 Lana
900 3220 1021 3290 (Lonja),
1041 3219 1090 3274 ubi
1115 3219 1191 3275 cadit
1209 3218 1237 3276 iu
1255 3217 1368 3273 fluvium
1386 3217 1538 3281 Gracbous
1557 3225 1588 3272 et

343 3322 393 3376 per
411 3305 511 3360 vallem
538 3305 573 3359 ad
601 3321 689 3360 unum
715 3306 811 3374 Beroh,
840 3323 889 3377 per
915 3305 992 3377 quod
1010 3306 1150 3376 egreditur
1176 3305 1212 3361 ad
1240 3305 1348 3373 vadem,
1372 3321 1444 3374 quae
1461 3303 1538 3360 vadit
1556 3305 1585 3359 in

344 3408 461 3462 parvum
478 3391 612 3460 rivulum
628 3391 705 3450 ,unde
722 3392 797 3447 cedit
815 3391 850 3448 ad
868 3392 971 3448 flumen
989 3393 1135 3460 Priscisna,
1155 3399 1184 3450 et
1201 3408 1251 3464 per
1269 3407 1354 3446 uuam
1371 3391 1471 3448 vallem
1489 3407 1585 3446 ascen·

343 3477 417 3532 ditur
435 3479 534 3534 iterum
558 3479 593 3533 ad
619 3495 704 3534 unum
730 3479 818 3534 Berch
842 3484 869 3534 et
892 3479 967 3536 eadit
991 3479 1027 3535 ad
1050 3479 1154 3535 fiumen
1182 3477 1347 3547 Rodovicsa,
1372 3483 1400 3533 et
1424 3477 1585 3550 perplures

344 3571 432 3620 metas
451 3565 487 3620 ad
505 3570 606 3620 terram
623 3567 791 3638 populorum
813 3568 895 3621 castri
923 3566 1045 3622 Kemlulu
1064 3584 1099 3622 ex
1117 3584 1174 3622 una
1192 3571 1278 3639 parte,
1297 3583 1332 3621 ex
1350 3565 1436 3621 altera
1454 3565 1490 3619 ad
1507 3565 1583 3621 aliud

343 3652 467 3706 Kemlnlr
486 3653 653 3724 populorum
672 3652 800 3709 dominae
819 3655 930 3724 reginae
949 3657 977 3712 et
988 3655 1205 3712 conterminatur
1217 3659 1305 3709 terrae
1317 3651 1472 3720 Rolronuk3
1485 3653 1586 3707 iterum

344 3738 379 3794 ad
398 3740 479 3808 viam,
499 3757 548 3811 per
566 3755 649 3810 quam
667 3739 744 3796 vadit
761 3741 789 3795 in
802 3742 902 3798 vertice
916 3742 997 3796 unius
1011 3742 1098 3797 Beroh
1111 3739 1306 3798 descendendo
1318 3739 1392 3797 cadit
1404 3739 1439 3796 ad
1452 3757 1585 3810 magnam

343 3827 425 3896 viam,
444 3833 471 3882 et
489 3829 665 3884 continuetur
683 3846 718 3884 ex
736 3835 815 3900 parta
833 3829 979 3885 Dubluaca
997 3829 1108 3902 populis
1128 3831 1223 3885 Endre
1242 3830 1290 3884 tilii
1308 3829 1389 3896 Petri,
1409 3835 1436 3884 et
1449 3845 1483 3883 ex
1496 3828 1585 3883 altera

342 3913 484 3984 Volomer,
503 3916 648 3970 etiterum
666 3915 701 3970 ed
719 3915 874 3984 Rokonuk;
899 3933 981 3988 porro
999 3917 1136 3972 transiens
1161 3915 1278 3972 eandem
1296 3917 1368 3972 dam
1386 3915 1423 3972 ad
1440 3915 1536 3982 Bercb,
1556 3923 1586 3971 et
1696 3963 1697 3988 ,

343 4019 392 4074 per
411 4003 515 4074 sylvam
533 4002 608 4058 cadit
624 4005 652 4058 in
672 4003 771 4058 vallem
789 4003 884 4060 Scuba
895 4003 1039 4074 Dublizca,
1051 4021 1123 4074 quae
1141 4004 1216 4059 cadit
1227 4005 1255 4058 in
1268 4020 1398 4074 magnam
1410 4003 1584 4072 Dubliscam,

343 4096 370 4145 et
388 4092 602 4148 conterminatur
619 4091 731 4162 populis
755 4091 849 4146 Endre
872 4097 900 4146 et
923 4093 1033 4163 populis
1058 4091 1187 4148 dominae
1205 4091 1366 4158 Bentiohec;
1384 4092 1528 4148 etiterum
1547 4091 1583 4146 ad

342 4179 495 4244 Reconuk;
513 4185 541 4234 et
559 4196 607 4250 per
624 4179 739 4236 fluvium
756 4179 903 4234 Dubluaca
919 4179 1033 4235 inferius
1051 4181 1078 4234 in
1098 4179 1196 4236 eadem
1220 4197 1293 4251 aqua
1319 4185 1395 4236 tenet
1412 4187 1500 4236 metas
1518 4197 1585 4236 curn

341 4267 426 4323 Petro
445 4273 554 4324 etcum
572 4269 683 4339 populis
702 4269 785 4324 castri
802 4267 954 4336 brisiensis;
973 4273 1002 4324 et
1020 4285 1068 4339 per
1086 4267 1203 4324 eandem
1221 4284 1323 4338 aquam
1341 4267 1376 4322 ad
1395 4265 1542 4338 Gustorig,
1555 4274 1585 4324 et

342 4372 393 4426 per
411 4353 527 4410 eandem
546 4373 647 4426 aquam
665 4355 812 4411 Dubluzca
835 4353 872 4412 ad
890 4355 963 4412 viam
981 4356 1118 4412 exercitus
1141 4371 1230 4427 usque
1248 4355 1389 4423 orientem,
1407 4355 1456 4410 ubi
1474 4361 1584 4414 conter-

341 4441 462 4496 minatur
479 4449 568 4498 terrae
591 4441 769 4498 subulcorum
794 4443 898 4499 domini
922 4445 1009 4516 regis3
1033 4444 1098 4499 hinc
1120 4444 1196 4500 vadit
1223 4443 1259 4498 ad
1281 4444 1384 4499 flumen
1403 4443 1533 4512 Scolnulr,
1553 4451 1581 4500 et
1696 4487 1697 4510 ,

341 4529 418 4585 vadit
435 4546 484 4600 per
502 4535 587 4600 capnt
604 4531 632 4584 in
650 4529 772 4586 medium
790 4533 881 4604 campi
900 4537 927 4588 et
943 4531 1007 4586 hinc
1019 4531 1055 4585 ad
1068 4531 1218 4598 Reconulr;
1238 4548 1319 4604 porro
1332 4529 1409 4586 vadit
1421 4531 1455 4586 ad
1468 4531 1582 4587 fluvium

340 4617 420 4673 Lena
449 4621 477 4672 et
502 4619 718 4674 conterminatur
745 4620 823 4675 terris
850 4619 1053 4686 cruciferorum,
1082 4623 1110 4674 et
1137 4619 1236 4674 iterum
1255 4620 1333 4674 terris
1352 4619 1499 4674 comitatus
1521 4621 1581 4676 Μο-

340 4703 449 4760 ravcba.
468 4705 589 4762 Litterae
606 4705 660 4762 hae
678 4711 744 4761 suunt
771 4723 854 4764 aurea
872 4707 949 4762 bulla
973 4706 1127 4763 roboratae.
1146 4707 1200 4762 Per
1217 4723 1317 4762 manus
1335 4707 1477 4762 Benedicti
1495 4707 1582 4763 archi-
