3488 5380
631 355 777 399 annuens.
1301 333 1365 401 237

121 523 217 576 nmen
234 535 292 576 non
310 517 438 576 obstante
456 536 490 576 eo
508 527 691 594 susceperunt
709 519 820 578 ordines
837 527 865 578 et
883 522 1059 578 celebrarunt
1078 523 1178 593 officia,
1197 541 1283 596 quare
1302 525 1371 598 petit

122 623 141 662 a
159 607 226 664 sede
244 607 399 680 apostolica
421 625 471 681 pro
496 609 537 664 eis
560 609 777 667 absolutionem.
800 609 935 667 Concedit
957 611 1043 682 igitur
1067 629 1141 683 papa
1165 617 1197 667 ut
1220 613 1370 684 episcopus

122 694 239 750 eosdem
256 695 510 752 exommunicatos
528 695 656 754 absolvat
675 714 693 752 a
710 698 767 754 lata
786 699 932 755 sententia.

175 781 293 840 Lseos‘ssm
312 781 394 838 hiem.
413 783 444 839 di
465 785 549 840 nau.
564 800 595 854 p.
617 789 661 839 78.

174 937 332 995 Dcuxol.
354 940 496 998 venetiis.
524 945 604 998 12⁶0.
632 947 657 996 9.
681 943 797 1011 Aps-ilie.
823 943 971 1000 Raineriua
996 942 1078 998 Genu
1100 942 1160 998 dux
1178 942 1368 1011 Venetiarum,

121 1041 179 1082 una
197 1043 262 1082 cum
279 1027 380 1083 minori
397 1027 541 1084 et'maiori
562 1029 679 1086 consilio
696 1033 724 1084 et
741 1029 947 1086 collaudatione
965 1031 1073 1102 populi,
1091 1030 1265 1086 attendentes
1283 1029 1368 1086 fidem

122 1119 151 1169 et
173 1113 350 1170 devotionem
377 1130 463 1186 quam
485 1113 618 1183 loannes,
642 1115 736 1171 (luido
759 1121 788 1170 et
811 1115 961 1184 Henricus,
984 1117 1051 1172 olim
1074 1117 1189 1172 comites
1206 1116 1323 1188 Veglae,
1341 1121 1370 1172 et

122 1201 351 1273 praedecessores
378 1201 505 1272 ipsorum
531 1200 568 1256 sd
595 1218 742 1258 commune
759 1201 941 1258 venetiarum
968 1203 1134 1272 habuerunt,
1162 1204 1318 1260 concedunt
1342 1211 1371 1260 et

121 1287 288 1344 confirmant
305 1287 448 1343 nobilibus
466 1288 533 1344 viris
552 1287 677 1356 (Joanni)
696 1287 852 1357 Schiuelae,
870 1295 937 1344 nato
954 1289 1097 1360 quondam
1120 1292 1229 1346 comitis
1253 1291 1370 1346 Bartho-

121 1375 233 1444 lomaei,
251 1391 284 1432 ac
303 1375 364 1446 ejus
382 1373 446 1430 filiis
468 1373 553 1432 Petro
573 1373 741 1443 Schinellae,
765 1375 979 1432 Bartholomaeo
1004 1383 1032 1432 et
1059 1376 1202 1446 bedonico,
1224 1366 1372 1434 Bartholo-

120 1479 202 1518 maeo
228 1467 256 1518 et
279 1461 412 1531 Gnidoni,
434 1463 498 1518 filiis
521 1461 663 1534 qnondam
685 1463 826 1519 (luidonis
848 1463 884 1520 de
907 1453 1006 1534 Vegla,
1032 1469 1060 1520 et
1083 1481 1180 1521 eornm
1201 1465 1369 1522 haeredibus

120 1549 254 1606 masculis
273 1549 302 1604 in
321 1555 488 1622 perpetuum
505 1551 553 1618 ita,
572 1548 649 1622 qnod
667 1566 740 1605 unus
758 1550 838 1606 alteri
861 1550 1000 1619 succedat,
1025 1552 1185 1607 universum
1206 1555 1369 1608 comitatum

120 1636 230 1708 Voglae
249 1642 277 1692 et
294 1636 404 1692 insulae
422 1635 457 1693 de
474 1637 601 1693 Presichi
619 1653 683 1692 orm
699 1637 829 1693 omnibus
841 1636 1004 1705 redditibus,
1015 1639 1090 1707 viris,
1102 1639 1266 1706 rationibus,
1279 1640 1366 1696 hono-

120 1723 274 1789 rificentiis,
291 1723 416 1780 collectis
434 1728 462 1780 et
479 1725 599 1796 regaiiis,
617 1730 646 1781 et
663 1723 776 1796 quidem
800 1741 894 1782 comes
921 1725 1062 1782 Schinella
1084 1731 1113 1782 et
1139 1726 1188 1782 filii
1215 1732 1244 1783 et
1270 1743 1367 1784 eorum

121 1811 257 1868 haeredes
274 1810 454 1868 medietatem
472 1813 559 1868 totins
577 1813 733 1881 comitatus,
752 1817 780 1868 et
800 1813 959 1882 Federicus,
979 1812 1209 1870 Bartholomaeus
1228 1819 1256 1869 et
1274 1813 1367 1870 Guido

119 1916 153 1954 ac
171 1915 269 1956 eorum
282 1897 416 1956 haeredm
433 1899 518 1954 aliam
533 1899 717 1956 medietatem.
731 1899 905 1970 (Sequuntur
917 1906 999 1972 pacta
1016 1905 1045 1956 et
1062 1900 1255 1970 conditiones).
1273 1901 1311 1956 Et
1323 1907 1366 1958 est

120 1984 282 2042 sciendum
300 1985 376 2057 quod
394 2001 446 2057 pro
464 1985 538 2042 diota
556 1987 736 2043 concessione
754 1987 843 2058 ipsius
861 1988 1010 2044 comitatus
1035 1989 1106 2044 solvi
1129 1993 1158 2044 et
1179 1987 1241 2044 dari
1264 1987 1368 2044 debent

119 2073 262 2130 communi
280 2071 466 2129 Venetiamm
483 2073 569 2130 libras
594 2081 750 2146 nongentas
767 2075 907 2132 veneticae
931 2092 1047 2146 parvas;
1068 2075 1104 2130 de
1127 2076 1230 2146 quihus
1254 2075 1369 2131 habebit

119 2162 174 2217 700
190 2160 250 2216 dux
268 2177 319 2232 pro
339 2161 441 2217 salano
459 2161 485 2218 ei
503 2177 643 2229 concesso,
670 2163 723 2218 000
745 2167 840 2218 autem
862 2162 966 2218 nobilis
984 2163 1026 2218 vir
1048 2161 1215 2218 laurentius
1239 2162 1367 2234 Teupolo

118 2247 210 2304 donec
234 2248 341 2317 vixerit,
364 2253 392 2303 et
416 2264 450 2305 eo
478 2247 629 2304 decedente
652 2249 810 2304 communis
827 2247 946 2306 Veneta
968 2249 1117 2305 Praeterea
1143 2247 1367 2320 quandocunque

119 2351 172 2406 per
189 2351 337 2391 commune
354 2334 538 2391 venetiarum
553 2335 736 2391 armabuntur
754 2337 852 2407 galeae
869 2337 905 2392 30
922 2342 972 2392 aut
989 2336 1127 2407 superius,
1145 2336 1246 2391 armari
1263 2335 1367 2392 debent

120 2437 207 2478 unam
224 2421 334 2493 galeam
353 2421 480 2478 homines
506 2423 594 2494 ipsius
621 2423 771 2479 comitatus
798 2440 894 2479 eornm
921 2424 1059 2494 expensis.
1086 2423 1124 2478 Et
1151 2424 1175 2478 si
1202 2422 1367 2494 magnitudo

119 2509 303 2566 Venetiarum
318 2509 370 2564 ibit
388 2526 437 2582 per
450 2509 634 2582 partitionem,
648 2527 721 2566 nnus
739 2528 774 2566 ex
792 2511 940 2566 comitibus
959 2509 993 2566 de
1012 2509 1097 2566 domo
1110 2509 1219 2581 Veglae
1237 2510 1288 2566 ibit
1305 2526 1366 2581 per-

119 2595 254 2652 sonaliter
270 2598 299 2652 in
317 2595 393 2652 dicto
411 2599 534 2653 exercitu
553 2603 582 2653 et
599 2598 685 2654 stabit
698 2597 787 2654 donec
805 2599 853 2653 alii
871 2597 979 2652 nobiles
992 2595 1095 2653 Veneti
1111 2597 1295 2652 morabuntur
1306 2597 1366 2652 suis

119 2683 259 2755 expensis.
277 2683 349 2740 Item
367 2685 439 2740 infra
463 2683 559 2740 decem
584 2701 672 2740 annos
699 2691 840 2754 venturos,
863 2684 966 2740 debent
989 2683 1055 2739 dicti
1078 2685 1194 2742 comites
1218 2689 1246 2740 et
1269 2701 1366 2740 eorum

119 2769 256 2844 haeredes
274 2787 377 2843 ponere
395 2771 425 2826 in
442 2770 568 2827 Venetiis
587 2772 616 2826 in
634 2771 860 2843 possessionibus
883 2771 969 2826 libras
995 2771 1092 2826 decem
1115 2771 1203 2826 millia
1225 2772 1365 2828 veneticae

120 2875 220 2930 parvas
239 2863 267 2914 et
284 2875 335 2930 pro
353 2857 550 2930 comparandis
568 2859 801 2930 possessionibus.
820 2859 957 2930 Tempore
976 2859 1041 2914 belii
1060 2857 1167 2912 dabunt
1186 2859 1237 2914 100
1249 2863 1299 2913 aut
1311 2857 1364 2912 200

118 2944 247 3001 homines
264 2962 315 3018 pro
334 2945 414 3002 soldo
432 2946 516 3016 quale
533 2945 646 3002 dabitur
657 2947 686 3001 in
698 2946 833 3002 Venetiis.
851 2947 889 3001 Et
900 2945 1013 3016 quando
1026 2944 1142 3016 predicti
1155 2944 1270 3000 comites
1283 2947 1365 2998 erunt

119 3049 171 3104 pro
188 3037 313 3104 tempore
331 3034 361 3088 in
379 3033 514 3102 venetiis,
532 3033 635 3088 debent
653 3033 737 3088 simul
755 3049 818 3090 esse
841 3050 905 3089 cum
929 3032 1027 3088 maiori
1050 3031 1174 3098 coneilio,
1192 3035 1364 3086 sacramento

118 3119 234 3176 astricti.
253 3118 486 3191 Subscripesrunt
503 3121 660 3192 Raynerius
676 3122 757 3177 Genu
771 3121 838 3188 dux,
850 3119 869 3176 J
871 3136 975 3176 oannes
988 3119 1122 3187 Quirinos
1131 3117 1227 3188 judex,
1239 3117 1365 3174 Jonnnes

119 3207 292 3263 Gradsnicus
316 3207 421 3276 judex,
448 3207 580 3264 (tibertus
608 3207 758 3264 Dandulus
782 3208 883 3278 judex,
910 3208 1024 3263 Marcus
1052 3205 1170 3262 Totulus
1197 3204 1365 3272 consiliator,

118 3295 264 3351 Marsilius
283 3295 399 3366 Georgii
417 3296 585 3365 consiliator,
604 3296 717 3352 Marcus
739 3295 844 3359 Olurio,
862 3295 1030 3362 consiliator,
1048 3293 1234 3349 Thomasinus
1252 3291 1365 3348 Mauro·

118 3399 205 3438 cenna
223 3383 394 3452 consiliator,
412 3383 548 3440 Nicotaus
567 3383 701 3451 Quirinus
713 3383 881 3450 consiliator,
895 3381 1042 3438 Conradne
1054 3380 1236 3437 cancellarius
1248 3379 1365 3451 scripsit.

170 3471 221 3526 100
239 3475 415 3540 consumpto
434 3471 627 3526 Marcontossis'
643 3471 828 3540 Vincipuerrc
846 3470 879 3525 dc
899 3486 925 3524 c.
944 3472 1022 3522 1480.
1039 3469 1130 3524 Habet
1142 3483 1247 3538 qaoque
1259 3467 1365 3522 Lucius

116 3559 152 3614 de
169 3572 255 3628 repeto
273 3557 368 3613 Dalm.
387 3562 413 3613 ct
434 3557 527 3614 Oroct.
545 3557 608 3612 uic.
630 3557 648 3612 1
653 3556 684 3612 V.
702 3573 764 3626 cop.
786 3562 812 3611 8.
830 3561 857 3613 et
875 3556 991 3625 zp'actc:
1009 3558 1083 3612 lton.
1108 3571 1180 3626 spec.
1204 3555 1268 3610 hist.
1286 3553 1363 3614 Sion.

117 3645 221 3702 mesu
240 3647 263 3699 1.
280 3659 310 3714 ρ.
331 3649 371 3712 91,
391 3659 452 3700 cum
470 3644 612 3714 arcuum
629 3631 838 3702 maecenate.

168 3783 343 3842 Dcoxcn.
361 3785 525 3856 homnine.
543 3789 620 3842 1260.
634 3789 677 3841 20.
693 3785 811 3854 Aprilis.
826 3785 986 3840 Alexander
998 3785 1050 3840 IV.
1064 3803 1138 3857 papa
1149 3785 1265 3860 mandat
1276 3783 1365 3841 archi·

117 3874 238 3931 diacono
266 3873 426 3946 spalatensi
450 3878 482 3928 ut
509 3873 674 3928 senteutiam
700 3873 786 3927 latam
812 3873 849 3928 ab
877 3873 1085 3944 archiepiscopo
1110 3871 1241 3928 Jadrensi
1268 3879 1364 3927 contra

117 3961 370 4034 archipresbyteros
394 3965 422 4015 ot
445 3955 559 4016 clericos
582 3959 618 4014 de
636 3959 773 4027 Sibenico,
800 3960 882 4016 sicuti
907 3967 950 4016 est
973 3961 1056 4030 jueta,
1081 3962 1245 4015 auctoritate
1270 3960 1363 4030 ponti-

117 4049 184 4118 iicis,
204 4047 393 4120 appellatione
411 4052 527 4115 remota,
546 4047 659 4102 firmiter
677 4047 818 4102 observari
837 4048 928 4104 facist

167 4135 299 4190 Fcrlcts':
320 4135 404 4204 Illyr.
423 4133 501 4190 Sues.
524 4137 553 4190 T.
571 4134 623 4190 IV.
640 4151 669 4204 p.
688 4139 750 4191 347.

166 4274 354 4330 Dccx0111.
380 4275 524 4332 venetiis.
552 4280 630 4332 1260.
654 4277 750 4332 Mense
781 4276 883 4345 Aprili.
912 4275 1058 4330 Rainerius
1083 4274 1164 4328 Genu
1189 4273 1246 4327 dux
1269 4271 1360 4327 Vene-

116 4363 217 4418 tiarum
235 4367 334 4417 notum
351 4362 424 4428 iacit,
439 4361 591 4432 quodcum
603 4363 675 4417 inter
695 4362 833 4418 Jounnem
851 4357 1243 4433 Teupolo,filiumquonda1n
1259 4356 1360 4412 Jacobi

116 4449 194 4506 ducis
213 4449 404 4516 Venetiarum,
429 4449 559 4504 comitem
584 4449 781 4517 Absareueem,
809 4467 860 4519 pro
878 4465 908 4503 se
926 4454 955 4504 et
971 4447 1130 4503 hominibus
1149 4443 1314 4500 Aheareneis
1333 4449 1361 4498 et

116 4539 214 4594 Chersi
232 4553 267 4593 ex
285 4554 342 4592 una
360 4541 439 4608 parte
457 4543 485 4592 et
502 4535 610 4591 nobiles
622 4537 696 4591 viros
713 4535 892 4601 Friderioum‚
905 4535 1150 4591 Bartholomaeum
1163 4539 1190 4588 et
1202 4530 1361 4586 Gvidon'em

116 4627 229 4682 comites
254 4625 362 4696 Voglae
387 4643 437 4696 pro
456 4641 486 4679 se
505 4629 647 4680 eteorum
671 4623 837 4678 haeredibus
863 4629 891 4678 et
913 4619 1072 4677 hominibus
1096 4620 1203 4688 Vegiae
1226 4624 1254 4673 et
1272 4617 1360 4673 Vino·

1225 4728 1256 4779 18
