3480 5356
315 341 378 406 308
825 305 1057 416 innumerus,

316 530 392 586 latua
410 529 578 586 Laurentius
598 527 688 582 banus
706 539 816 596 semper
834 525 907 595 regis
919 521 1083 578 adhaeserat
1094 519 1181 576 lateri.
1199 519 1272 574 Item
1283 535 1348 574 eum
1359 518 1474 575 heberet
1491 525 1562 576 treo-

315 621 404 672 tstum
430 621 458 674 et
480 613 650 683 colloquium
675 627 738 668 cum
763 627 827 682 rege
847 610 977 668 Beemiee
1001 607 1077 680 apud
1103 607 1264 672 Pesonium,
1289 622 1344 662 non
1369 607 1470 662 timeus
1495 607 1560 661 insi·

314 703 423 760 disset
443 701 576 756 versutias
602 698 669 755 dicti
692 698 766 769 regis
784 699 812 752 in
832 695 953 768 quadam
977 695 1071 750 insula
1093 695 1141 749 ubi
1167 693 1337 764 colloquium
1364 693 1467 750 fecerat
1489 694 1561 748 inter

316 791 439 861 reliques
451 787 573 845 asseclas
586 786 644 856 regi
657 784 814 840 assistebat.
827 783 861 838 Ιιι
875 783 1051 855 expeditione
1064 783 1147 837 etism
1160 787 1257 836 contra
1267 783 1435 837 Aushenees
1448 786 1561 854 prepter

315 877 466 933 versutiam
483 873 556 944 regis
580 873 711 928 Βοοιιιίιο
735 870 979 942 comprimendam,
1005 869 1052 942 qui
1078 869 1267 940 multiplieiter
1284 866 1368 924 fidem
1386 868 1475 938 fregit,
1499 868 1560 922 inli-

315 963 392 1020 deles
409 962 529 1034 regiain
548 976 631 1015 enum
659 957 813 1014 dominium
838 955 1011 1014 admittendo
1030 961 1057 1012 et
1075 957 1237 1012 thesaurum
1258 955 1336 1025 regni
1353 955 1560 1022 connectendo,

315 1050 406 1106 dictus
424 1049 515 1106 banus
533 1047 662 1103 solertem
681 1052 709 1102 et
727 1047 757 1100 in
774 1043 881 1101 bellicis
901 1041 1050 1100 sudoribus
1071 1042 1218 1114 presidum
1236 1057 1267 1096 se
1285 1041 1410 1097 exhibuit
1428 1043 1561 1098 continuo

314 1140 343 1194 in
361 1139 435 1208 regis
454 1137 577 1192 exercitu
596 1139 693 1190 contra
711 1134 864 1205 potentiam
882 1132 956 1202 regie
977 1131 1108 1186 Boemiee
1132 1128 1308 1185 laudabiliter
1331 1127 1515 1186 concertando
1534 1134 1562 1184 et

314 1241 379 1282 cum
397 1224 520 1280 exercitu
537 1222 616 1292 regni
633 1220 756 1281 confinia,
773 1217 962 1286 defendend03
991 1233 1041 1289 pro
1061 1217 1163 1288 quibua
1189 1217 1306 1272 servitiis
1329 1232 1379 1271 rex
1401 1217 1426 1270 ei
1451 1231 1561 1288 posses·

315 1313 422 1368 sionem
439 1310 531 1382 Uyhel
543 1325 607 1364 cum
621 1307 751 1374 Debrete,
764 1307 852 1378 Lybo,
871 1305 1018 1362 Petverich
1031 1310 1059 1360 et
1072 1304 1208 1360 Zerdabel
1219 1305 1248 1358 in
1261 1307 1427 1376 perpetuum
1438 1303 1562 1360 donavit.

373 1399 495 1455 Wsaeel:
517 1395 582 1452 eos.
600 1395 670 1465 dipl.
689 1394 797 1463 Arped.
816 1392 887 1449 XII.
902 1409 932 1462 p.
953 1394 998 1445 40.

373 1533 534 1592 ΜΧΧΧΠ.
552 1534 695 1592 venetiis.
720 1537 794 1588 1271.
815 1537 838 1586 9.
857 1532 976 1601 Aprilis.
1002 1531 1093 1603 Oeptn
1111 1530 1163 1586 fuit
1181 1545 1245 1602 pare
1264 1531 1291 1584 in
1310 1544 1386 1584 cons.
1409 1529 1508 1585 maiori
1533 1535 1563 1585 et

317 1622 499 1694 prolongatus
527 1621 661 1677 terminus
685 1620 739 1675 illis
766 1619 801 1674 de
818 1617 919 1689 Vagus,
938 1618 974 1673 de
991 1618 1120 1690 pecunia,
1144 1633 1228 1688 quam
1246 1615 1313 1672 dare
1340 1621 1469 1672 tenentur
1485 1633 1562 1672 com·

320 1709 406 1777 muni,
425 1707 553 1764 videlicet
569 1707 606 1764 de
623 1707 734 1762 duabus
753 1705 879 1777 partibus
896 1705 971 1760 mille
989 1712 1017 1762 et
1034 1705 1088 1762 XL
1106 1703 1246 1760 librarum.

368 1796 483 1864 Io'ssds't':
502 1795 623 1853 Most·1.
642 1797 702 1850 105.

367 1935 541 1994 Mxxxm.
562 1937 641 1992 1271.
660 1937 701 1990 11.
719 1933 800 1990 llua'i.
819 1933 979 2004 Stephanus
997 1931 1034 1988 V.
1052 1947 1101 1988 rex
1119 1931 1251 2000 nodfieat,
1270 1931 1345 2004 quod
1362 1931 1432 1986 dum
1449 1932 1560 1988 virente
1587 1957 1592 1964 ·

315 2029 394 2096 patre
412 2041 464 2080 auo
483 2023 551 2079 Belo
578 2038 642 2092 rege
666 2021 801 2078 ducatum
824 2020 1032 2075 Transilvaniae
1056 2024 1161 2074 tenemt
1187 2023 1215 2073 et
1237 2034 1336 2089 graves
1354 2019 1562 2090 persecutiones

314 2110 400 2182 patris
419 2109 462 2164 sui
480 2109 546 2164 lieet
563 2109 691 2164 inmerito
710 2123 859 2180 perpessus
885 2107 992 2176 fuisset,
1013 2106 1147 2164 Nicolans
1165 2105 1250 2161 iudex
1267 2106 1359 2162 curiae
1377 2107 1447 2177 ejus,
1466 2123 1560 2161 cemes

314 2197 497 2267 simigiensis,
515 2197 564 2266 qui
584 2200 651 2252 tuno
675 2197 808 2266 temperie
826 2195 901 2267 apud
920 2199 1027 2268 patrem
1043 2193 1104 2264 ejus
1122 2209 1216 2250 cemes
1233 2193 1392 2248 Sirmiensis
1411 2192 1511 2262 luerat,
1529 2209 1560 2249 ee

314 2283 350 2340 ad
370 2300 435 2340 eum
453 2283 487 2338 de
506 2284 568 2354 ipso
587 2283 721 2339 comitatu
741 2298 793 2340 suo
811 2299 874 2338 eum
898 2281 1094 2338 honestissime
1116 2280 1221 2335 familia
1236 2281 1385 2348 transtulit,
1404 2297 1455 2352 pro
1473 2279 1560 2336 fideli·

313 2370 419 2427 tatibus
437 2375 466 2425 et
483 2370 601 2425 servitiis
619 2371 687 2438 suis,
712 2371 918 2426 ammissionem
937 2374 965 2424 et
982 2367 1199 2424 destructionem
1217 2367 1427 2439 possessionum
1445 2383 1560 2423 auarum

314 2458 387 2514 ultra
406 2457 536 2512 Drawam
555 2462 636 2513 etex
654 2457 709 2512 ists
728 2463 806 2530 parts
824 2457 941 2512 Drawae
958 2472 992 2510 ao
1010 2455 1202 2510 universorum
1220 2453 1358 2512 bonerum
1377 2471 1491 2511 suorum
1509 2455 1559 2509 mi·

315 2545 389 2600 nime
417 2559 613 2615 expavescens,
641 2543 744 2614 quibus
772 2543 901 2600 omnibus
929 2560 977 2615 per
1006 2547 1112 2614 petrem
1140 2541 1202 2612 ejus
1225 2543 1317 2598 luerat
1340 2542 1485 2614 spoliatus.
1504 2543 1559 2597 Pro

316 2631 398 2688 factis
416 2631 535 2687 servitiis
554 2647 626 2702 quse
644 2631 701 2700 ille,
719 2631 766 2702 qui
791 2647 846 2702 qua
873 2630 952 2687 miles
967 2636 1098 2685 strenuus
1120 2629 1220 2684 claruit
1241 2634 1270 2684 et
1291 2628 1377 2698 fulsit,
1400 2629 1459 2699 regi
1481 2645 1559 2700 prae·

317 2719 395 2788 stitit,
420 2719 612 2790 possessiones
636 2717 773 2789 quasdem
798 2718 887 2774 Fuere
910 2719 990 2774 iuxta
1010 2733 1113 2788 aquam
1131 2715 1459 2784 Herrad,1wanchcnm
1479 2717 1558 2785 villis,

316 2806 412 2862 Heres
430 2821 494 2862 cum
512 2805 703 2869 tibialibus
721 2821 785 2862 cnm
803 2812 894 2862 osane
913 2807 1015 2860 Mursn
1033 2803 1151 2860 contulit
1168 2808 1197 2860 et
1214 2803 1336 2860 denerit

374 2892 494 2948 Wessssl:
513 2891 578 2948 ece.
596 2893 667 2962 dipl.
686 2893 793 2964 Arpod.
817 2893 897 2949 VIII.
917 2896 976 2948 334.

367 3033 541 3090 mxxxiv.
560 3033 706 3104 'imerii
726 3035 803 3088 1271.
823 3037 865 3087 13.
884 3033 968 3088 Meli.
993 3032 1112 3088 Factum
1130 3033 1182 3088 fuit
1199 3033 1328 3104 generale
1352 3031 1499 3088 consilium
1523 3035 1558 3090 ci-

316 3121 409 3178 vitatis
430 3120 624 3190 Traguriensis
641 3121 669 3174 in
689 3119 806 3176 eeclesia
825 3119 853 3174 S.
872 3120 1016 3174 Laurentii
1033 3120 1061 3174 in
1080 3137 1136 3190 quo
1158 3120 1331 3191 prepositum
1350 3119 1411 3187 fuit,
1429 3135 1494 3176 cum
1511 3120 1558 3177 do·

314 3207 406 3262 minae
424 3206 538 3261 Grubse
557 3207 638 3265 uxori
656 3205 683 3260 d.
702 3205 844 3278 quendem
857 3207 988 3262 Tolimeri
1006 3224 1057 3278 pro
1075 3223 1107 3262 ee
1125 3211 1153 3262 et
1170 3207 1234 3262 dhis
1252 3207 1357 3278 pluries
1375 3207 1432 3262 sint
1449 3209 1557 3264 termini

315 3293 450 3364 assignati
468 3297 496 3348 et
513 3291 633 3348 vendere
650 3291 784 3348 deberent
801 3294 895 3349 omnia
916 3310 1011 3350 eorum
1036 3294 1110 3348 bons
1127 3309 1199 3364 ques
1217 3293 1322 3351 babent
1345 3295 1374 3350 in
1399 3295 1508 3351 civitate
1532 3299 1559 3350 et

314 3385 374 3436 teto
392 3379 453 3449 eJue
472 3378 606 3444 dishlmu,
626 3383 653 3436 et
670 3385 769 3450 postea
786 3379 840 3436 luit
856 3381 957 3436 iterum
981 3381 1115 3436 terminus
1139 3382 1298 3452 assignatus
1316 3398 1366 3454 per
1384 3382 1558 3438 Millecinum

314 3466 443 3522 nuntium
469 3466 626 3521 eommunia
652 3465 688 3520 ed
709 3466 828 3522 Pssesm
848 3467 989 3538 Roestsm,
1012 3485 1076 3524 eum
1101 3469 1170 3524 alias
1193 3471 1287 3525 emnia
1315 3469 1499 3546 venderentur
1516 3484 1557 3523 se·

314 3551 439 3608 cundum
457 3553 672 3608 instrumentum
690 3553 834 3624 publicum
852 3555 978 3624 magistri
996 3555 1138 3611 Francisci
1157 3555 1265 3612 notarii.
1283 3557 1362 3612 Tune
1381 3555 1489 3612 nobiles
1507 3557 1557 3612 viri

315 3639 461 3695 Johannee
480 3638 566 3706 Vitsl,
590 3638 733 3710 Josephue
758 3641 833 3698 Petri
851 3647 879 3696 et
896 3642 1024 3720 blasium
1049 3642 1172 3698 Simonis
1194 3644 1267 3698 cives
1292 3644 1382 3714 Trag,
1407 3657 1556 3714 propesue

314 3731 379 3780 runt
397 3725 473 3795 qued
492 3741 586 3782 amere
605 3728 761 3782 communie
780 3727 962 3798 Spalatensis,
981 3729 1062 3785 motis
1080 3729 1144 3785 filiis
1162 3730 1302 3785 Tolimerii
1321 3735 1349 3786 et
1366 3732 1449 3786 matri
1461 3745 1557 3786 eorum

313 3811 416 3868 debent
433 3813 592 3884 prolongari
610 3815 742 3870 terminus
761 3831 850 3886 usque
869 3815 936 3871 dum
955 3818 1075 3888 poterint
1097 3815 1242 3873 commode
1264 3817 1382 3874 rendere
1400 3833 1453 3874 sua
1472 3816 1552 3874 bona

315 3899 398 3956 Unde
416 3915 514 3956 omnes
532 3897 568 3956 de
585 3901 710 3969 oonsilio,
734 3903 859 3959 volentes
884 3904 1012 3975 precibus
1035 3905 1190 3961 eommunis
1213 3903 1387 3976 Speletensls
1409 3910 1439 3960 et
1462 3921 1558 3962 eoram

315 3986 525 4042 ambasatorum
543 3986 683 4042 adsentire
701 3987 807 4044 dictum
825 3992 973 4046 torminum
992 3992 1227 4064 prolongaverunt
1244 4007 1334 4062 usque
1352 3991 1388 4047 ad
1406 3992 1509 4048 testum
1536 4011 1557 4050 s.

315 4072 383 4141 Viti,
402 4073 449 4129 tali
468 4073 633 4142 conditione,
662 4074 737 4146 qued
762 4075 836 4132 dicte
860 4075 958 4133 Grube
985 4080 1028 4134 vel
1052 4079 1111 4134 eius
1137 4085 1299 4150 procurator
1321 4079 1415 4134 venire
1438 4079 1559 4135 debeant

314 4161 482 4232 Tragurium
499 4165 528 4216 et
546 4177 597 4216 sua
615 4161 690 4218 bene
707 4161 826 4218 vendere
850 4170 959 4220 tantum
975 4165 1135 4221 hominibus
1153 4165 1189 4222 de
1207 4167 1351 4236 Tragurio,
1370 4172 1398 4221 et
1416 4167 1440 4221 si
1457 4167 1557 4222 sende·

314 4249 370 4303 rint
386 4247 498 4312 forensi,
518 4253 653 4304 statutum
673 4250 808 4320 estquod
833 4257 900 4306 tuno
924 4251 1018 4306 omnin
1035 4251 1110 4308 bena
1128 4254 1183 4308 sint
1200 4254 1356 4308 communis
1380 4253 1507 4323 Tragurii
1530 4257 1558 4308 et

315 4335 470 4391 vendantur
488 4353 538 4407 pro
556 4337 703 4392 communi.
724 4338 826 4391 Actum
848 4339 1058 4409 praesentibus:
1083 4340 1206 4395 Zanicha
1227 4339 1343 4407 Oasetti,
1368 4339 1498 4411 Duymue
1521 4338 1556 4394 de

316 4423 400 4492 Oega,
418 4421 519 4479 Nicole
535 4423 644 4492 Jacobi,
663 4424 792 4479 consules
810 4441 880 4481 cem.
899 4425 980 4495 drag.
1004 4426 1076 4480 Item
1100 4442 1194 4482 cemes
1217 4427 1353 4495 Marinus,
1376 4427 1468 4483 Dasea
1491 4428 1555 4482 Am·

315 4509 405 4577 blasii,
423 4509 590 4566 Valentinus
608 4511 683 4567 Petri
701 4511 803 4580 Lucae,
822 4513 900 4567 Luca
918 4512 1061 4582 Matthaei,
1080 4513 1246 4570 Valentinus
1264 4514 1300 4569 de
1318 4513 1472 4582 Οιιιιιιὶιιιι,
1492 4514 1556 4570 Ber·

316 4603 398 4653 tanus
417 4597 529 4666 Marini,
556 4597 717 4670 Stephanus
739 4599 842 4654 Marini
866 4600 927 4670 ejus
949 4599 1040 4669 frater,
1069 4600 1176 4656 Cebrus
1203 4602 1277 4658 Petri
1304 4601 1405 4671 Lucae,
1432 4601 1555 4659 Jscebue
