3544 5344
697 273 843 324 scamni.
1350 253 1392 326 51

158 445 228 500 Meta
252 447 341 517 prima
365 447 437 500 inter
461 446 589 501 Gorizam
613 452 641 501 et
663 446 725 517 Gay
749 453 792 502 est
815 447 911 512 Glave,
935 446 1000 502 inde
1017 447 1053 502 ad
1075 464 1205 519 campum
1222 449 1393 520 Breaopolje,

32 525 39 575 ἒ
156 533 214 588 inde
231 551 316 604 snper
334 539 419 606 caput
437 533 521 588 sontis
539 533 664 600 illaveca,
683 534 718 589 ad
738 541 822 606 caput
833 535 884 589 rivi
896 535 1087 606 Kneaepotok,
1101 535 1136 591 ad
1149 537 1239 592 rivum
1251 537 1393 605 Koranna,

155 619 268 675 indeed
286 620 388 692 ροᾱεω
406 621 507 675 montis
525 621 649 691 Oelycae,
667 621 732 677 inde
750 637 800 692 per
818 637 949 676 cacumen
970 623 1073 677 montis
1090 621 1235 679 descendit
1252 622 1287 679 ad
1307 624 1395 680 rivum

19 693 41 720 ”¹
155 705 316 778 lvanpctok,
335 713 364 762 at
381 723 431 779 per
448 707 520 762 dam
540 705 574 761 ad
594 723 723 778 campum
748 707 908 780 Ohiatepcle
932 715 960 764 et
977 709 1012 764 ad
1034 708 1150 765 dumam
1168 709 1269 765 Velike
1287 710 1394 782 greche,

154 792 214 848 inde
232 811 282 864 per
300 795 374 848 viam
392 794 427 848 ad
447 793 559 849 Glinam
583 793 618 849 ad
642 801 728 866 eaput
745 796 795 850 rivi
819 797 984 866 Pesteuoga,
1002 795 1066 850 inde
1088 812 1138 867 par
1155 798 1229 852 uam
1247 797 1283 852 ad
1301 798 1395 852 locum

154 880 351 951 Poluchyscha,
378 881 427 935 ubi
450 881 603 951 antiquitus
626 881 679 936 fuit
703 883 831 949 ecclesia;
855 881 921 938 inde
945 882 980 936 ad
1005 889 1128 938 montem
1151 883 1339 950 Vtokanerch,
1359 883 1394 938 ad

18 993 43 1020 η
153 967 251 1035 locum,
271 967 319 1022 ubi
337 968 412 1022 rivus
430 968 607 1038 Tclstipotok
625 967 699 1023 cadit
716 970 743 1022 in
763 969 912 1036 Geraniaa3
930 968 994 1023 inde
1013 969 1137 1024 ascendit
1155 977 1277 1025 montem
1290 969 1392 1037 Suebo,

154 1056 225 1108 venit
243 1053 279 1108 ad
297 1055 417 1110 rivulum
441 1055 570 1110 Gerstina
594 1062 621 1110 et
645 1053 681 1110 ad
705 1056 817 1110 salicem
835 1073 919 1127 super
940 1054 1060 1124 Glinam,
1080 1056 1189 1112 atinde
1208 1063 1397 1128 supracaput

154 1140 199 1194 rivi
227 1139 398 1211 Skopechna
425 1141 460 1196 ad
479 1143 560 1208 viam,
588 1158 659 1212 quae
686 1143 761 1197 venit
785 1142 819 1198 de
844 1141 949 1212 Seyne;
974 1149 1002 1198 et
1020 1159 1070 1213 per
1091 1143 1165 1198 viam
1189 1159 1273 1214 supra
1298 1144 1395 1198 silvam

153 1225 399 1283 Krete‘Buchovia
417 1227 452 1282 ad
471 1229 587 1300 primam
605 1235 708 1284 metam
726 1229 821 1284 Glave.
840 1231 928 1284 Porro
945 1229 1090 1284 constitnit
1107 1247 1164 1298 rex,
1177 1229 1252 1300 quod
1271 1229 1307 1284 ad
1320 1247 1397 1286 exer·

152 1314 234 1368 citum
263 1313 421 1384 quindecim
447 1315 576 1369 loricatos
604 1321 631 1369 et
658 1321 768 1370 centnm
795 1315 902 1386 pedites
919 1315 1083 1370 vernaculos
1110 1315 1241 1387 expedire
1266 1316 1394 1371 debeant.

152 1401 265 1455 Terram
283 1409 375 1456 autem
401 1418 450 1472 per
473 1401 637 1472 pristaldum
661 1403 774 1457 Petrum
799 1403 886 1456 filium
909 1401 1013 1458 Jorcho
1038 1402 1074 1457 de
1098 1402 1235 1472 Zagrabia
1258 1403 1396 1472 assignari

153 1487 222 1542 iacit.
241 1489 358 1542 Testes:
387 1487 467 1544 Chal
494 1505 587 1543 comes
615 1487 813 1558 bodrogiensis,
841 1487 955 1542 Alladar
979 1489 1118 1558 magister,
1141 1489 1279 1543 Martinus
1298 1489 1395 1556 banus,

22 1597 38 1619 v
152 1573 254 1630 Bachia
281 1590 376 1629 comcs
402 1575 602 1644 zagrabiensis,
630 1575 757 1631 Andreas
783 1575 914 1644 magister
946 1579 1035 1630 terrae
1064 1575 1211 1645 indigenae
1242 1575 1395 1630 Guncellus

153 1661 377 1732 archiepiscopus
395 1662 568 1732 spalatensis,
588 1661 723 1716 Martinus
741 1663 889 1733 episcopus
908 1661 1102 1728 corbaviensis,
1122 1661 1232 1717 Michus
1248 1661 1395 1732 episcopus

153 1747 285 1815 liniensis,
305 1747 477 1802 Herebertus
496 1748 583 1802 abbas
601 1749 740 1820 Toplicae,
758 1749 913 1804 Bonoelaus
932 1765 1024 1804 comes
1046 1748 1204 1817 gericensis.
1223 1747 1328 1801 Datum
1347 1763 1397 1818 per

151 1833 287 1889 Mathiam
305 1836 496 1906 praepositum
513 1836 719 1904 zagrabiensem
738 1836 818 1890 aulae
836 1836 929 1906 regiae
947 1834 1148 1890 cancellarium.

201 1921 270 1978 Hoc
289 1921 462 1992 privilegium
479 1923 673 1978 confirmatum
691 1929 733 1980 est
751 1939 849 1994 araga
866 1922 1009 1978 Ludovico
1027 1923 1042 1976 1
1060 1940 1085 1978 a
1098 1923 1175 1990 1381,
1194 1921 1305 1992 Sigism.
1319 1921 1395 1990 1412,

152 2007 233 2064 Ferd.
253 2007 269 2062 1
288 2025 312 2062 a
332 2010 408 2064 1550.

204 2095 282 2164 Oria.
301 2097 333 2149 in
351 2096 464 2151 arctico
483 2098 612 2150 comitam
635 2097 740 2166 Wojkfi.

202 2199 337 2255 cmxvi.
355 2201 497 2273 venetiis,
515 2206 558 2256 15.
578 2204 677 2257 Martii
695 2206 774 2256 1224.
794 2202 906 2258 Marcus
925 2201 1098 2256 Ocntarenus
1116 2199 1152 2255 de
1170 2200 1289 2255 confinio
1308 2216 1330 2252 s.
1344 2199 1396 2255 Sil-

152 2288 233 2342 vestri
255 2294 311 2342 stat
328 2287 436 2358 plegius
455 2295 482 2344 et
500 2295 617 2359 pagatcr
634 2289 747 2345 domino
765 2289 829 2344 duci
848 2289 883 2344 ad
908 2295 1014 2360 partem
1035 2287 1190 2343 communis
1214 2287 1396 2342 Venetiarum

153 2392 202 2445 pro
220 2374 354 2445 Stepacia
371 2379 400 2430 et
418 2376 507 2430 Zunio
524 2376 560 2430 de
578 2377 702 2446 Ragusia
720 2383 747 2432 et
765 2375 800 2431 de
817 2393 914 2431 eorum
931 2374 1042 2431 duobus
1061 2375 1151 2445 piatis,
1170 2373 1218 2444 qui
1235 2373 1348 2428 filerunt
1360 2371 1396 2426 sd

152 2463 242 2534 ripam
259 2462 349 2532 ipsius
368 2461 463 2529 Marci,
482 2463 536 2517 sub
552 2479 626 2533 pena
644 2465 713 2518 1000
731 2463 863 2518 librarum
880 2463 1063 2518 veneciarum.

204 2567 320 2636 Hadid:
339 2569 412 2622 Mon.
430 2567 492 2622 tor.
511 2566 589 2622 Sicu.
607 2583 671 2622 mer.
689 2568 713 2622 I.
729 2585 760 2637 ρ.
779 2572 822 2622 32.

204 2687 351 2744 CLXVII.
370 2689 512 2756 veneciis,
531 2704 618 2744 menae
642 2690 731 2757 aprili
749 2692 826 2746 1224.
844 2689 911 2744 Dux
932 2689 1115 2744 venetiarum
1139 2688 1204 2744 facit
1228 2687 1394 2742 recordatio-

152 2793 216 2831 nem
236 2793 301 2832 cum
320 2791 372 2830 sno
390 2775 505 2831 consilio
521 2775 555 2832 de
568 2793 609 2843 eo,
625 2775 710 2846 quod,
723 2777 794 2831 sicut
805 2776 872 2830 dicit
883 2774 1045 2832 Leonardus
1058 2775 1224 2830 Semitecclo
1236 2774 1272 2829 de
1285 2792 1306 2828 s.
1319 2774 1395 2841 Vite,

152 2879 215 2918 cnm
244 2863 304 2933 jam
335 2861 442 2918 dudum
472 2863 627 2918 transiisset
649 2865 677 2918 in
708 2862 830 2934 quadam
856 2863 938 2918 barca
970 2865 1087 2917 Ancona
1116 2877 1212 2916 versus
1238 2861 1396 2926 Piscairam,

152 2949 279 3005 homines
298 2949 333 3005 de
351 2948 475 3020 spalato,
495 2955 522 3005 et
543 2950 677 3017 homines,
703 2951 750 3020 qui
768 2949 897 3006 dicuntur
915 2967 976 3006 esse
995 2949 1103 3015 Cacicii,
1123 2948 1273 3002 existentes
1291 2948 1318 3000 in
1338 2965 1394 3002 unc

153 3035 272 3092 barcoso
290 3035 317 3090 in
335 3037 404 3090 mari
423 3053 508 3107 supra
530 3043 653 3092 montem
677 3039 817 3104 Anconae,
842 3037 947 3106 agressi
973 3042 1000 3091 et
1017 3035 1153 3107 persecuti
1178 3035 1232 3088 sint
1256 3050 1327 3100 eum,
1353 3049 1397 3087 sa·

153 3121 280 3192 metando
299 3129 326 3178 et
344 3122 505 3194 proeliando
524 3139 612 3194 usqua
630 3125 659 3178 in
677 3131 785 3190 terram,
805 3130 832 3179 et
849 3129 916 3178 tunc
934 3123 1048 3178 dimissa
1066 3121 1148 3176 barca
1159 3120 1232 3190 fugit
1249 3121 1277 3174 in
1292 3125 1394 3174 terram

154 3211 253 3282 stipsi
272 3209 408 3280 Spalatini
427 3217 454 3264 et
473 3210 574 3265 Oacieii
592 3217 743 3282 coeperunt
760 3211 872 3266 barcam
890 3217 918 3266 et
935 3209 1153 3280 negociationem
1171 3207 1239 3262 dicti
1257 3204 1396 3261 Leonardi

154 3303 181 3352 et
197 3297 338 3352 Dominici
356 3297 460 3352 Valerii
478 3296 513 3352 de
532 3315 553 3352 s.
572 3297 721 3368 Raphaele.
740 3297 817 3353 Inter
835 3300 953 3368 drapum
973 3303 1000 3352 et
1011 3297 1115 3352 ferrum
1127 3301 1154 3350 et
1166 3311 1274 3349 ramum
1286 3293 1398 3348 suerunt

153 3399 197 3438 res
215 3385 244 3438 in
262 3384 356 3440 valore
376 3385 443 3439 1600
460 3383 592 3438 librarum
610 3386 803 3440 veneticarnm.
822 3385 889 3439 Dux
916 3383 1095 3438 mandaverat
1113 3399 1162 3454 par
1179 3382 1284 3436 litteras
1303 3379 1397 3434 Maleo

155 3469 266 3526 Feriolo
284 3471 430 3542 capitaneo
447 3470 600 3540 gallearum
618 3471 754 3541 inquirere
772 3473 801 3526 in
819 3471 935 3543 Spalato
953 3471 989 3527 de
1010 3469 1157 3541 praedictis
1177 3470 1261 3524 rebus
1282 3468 1398 3534 ablatis;

154 3558 202 3613 sed
222 3557 288 3628 quid
308 3563 406 3629 postea
425 3575 508 3630 super
527 3559 684 3630 praemissis
702 3559 806 3614 factum
818 3560 941 3628 ignorat;
953 3557 1116 3614 Leonardus
1128 3564 1222 3613 autem
1234 3557 1308 3624 dicit,
1321 3554 1397 3626 quod

154 3646 266 3701 Maleus
283 3645 389 3700 nullam
406 3644 471 3700 inda
489 3646 610 3716 potuerit
627 3647 760 3716 consequi
778 3647 821 3700 vel
839 3645 941 3701 habere
959 3647 1105 3702 racionem.

206 3733 323 3801 Ljatic:
342 3735 521 3788 lincamenta
539 3733 602 3788 atat.
622 3733 696 3788 Sica.
715 3734 811 3788 maid.
831 3736 863 3802 1.,
880 3750 909 3804 ρ.
928 3737 971 3788 33.

207 3837 339 3894 CLVIII.
359 3839 517 3910 ’replictae
542 3839 711 3910 (sapuero,
737 3842 772 3891 26
795 3831 859 3894 Mai
882 3843 960 3892 1224.
980 3837 1136 3894 Domaldus
1154 3853 1247 3892 comes
1265 3835 1396 3903 notificat,

154 3925 231 3994 quod
249 3925 277 3979 in
296 3921 459 3996 praesentia
470 3926 542 3994 regis
561 3925 644 3981 Belae
663 3931 691 3980 et
708 3925 813 3994 B(elns)
826 3925 891 3980 bani
904 3927 962 3992 (aut
975 3926 1067 3997 potius
1084 3925 1177 3978 Banco
1191 3923 1265 3990 bani)
1278 3928 1305 3978 et
1316 3922 1400 3977 Julne

154 4013 263 4068 comitis
282 4019 310 4068 et
327 4013 477 4067 multorum
494 4013 629 4067 nobilium
654 4013 861 4082 Hungarcrum,
887 4012 985 4067 fratres
1003 4011 1135 4082 Toplicae
1154 4010 1315 4079 conquaesti
1334 4009 1396 4076 sint,

155 4099 231 4169 quod
250 4099 296 4154 ssle
313 4099 454 4170 quandam
472 4105 573 4154 terram
585 4099 692 4154 dederit
703 4100 862 4170 templariis,
875 4101 987 4154 nomine
1000 4099 1100 4168 Mogos
1112 4097 1140 4151 in
1153 4097 1285 4151 comitatu
1299 4095 1399 4162 Gerae,

155 4188 273 4256 quaein
292 4185 435 4258 privilegio
463 4186 598 4242 dictorum
622 4187 738 4242 fratrum
763 4187 924 4242 continetur.
950 4186 1141 4254 Interrogatus
1165 4199 1257 4238 coram
1282 4199 1347 4250 rege
1372 4187 1400 4236 et

155 4273 296 4330 nobilibus
314 4280 431 4329 testatus
450 4281 499 4342 eet,
518 4273 596 4328 illum
614 4291 757 4344 nunquam
781 4275 901 4344 aliquam
920 4279 1020 4328 terram
1038 4273 1066 4326 in
1085 4270 1161 4328 Gora
1179 4268 1337 4342 possedisse
1356 4267 1399 4322 vel

156 4361 307 4432 templariis
325 4361 449 4428 dedisse;
467 4367 495 4416 et
513 4362 536 4415 si
560 4361 696 4432 templarii
715 4361 809 4431 aliqnc
827 4360 912 4415 modo
930 4361 1035 4414 litteras
1053 4360 1276 4430 impetraverunt,
1295 4355 1400 4410 litteras

156 4446 241 4502 salsas
260 4464 329 4516 esse,
349 4454 376 4502 et
394 4465 443 4519 per
461 4447 586 4502 fraudem
604 4449 765 4519 impetratas
786 4447 916 4502 declarat.

210 4535 341 4592 Tectae:
360 4537 438 4591 Mon.
457 4539 524 4605 epia.
543 4552 618 4604 sagr.
637 4535 661 4604 1,
677 4551 707 4604 p.
727 4539 769 4593 52·
1279 4618 1295 4653 ὴ
