3488 5380
729 385 874 430 suemus.
1178 405 1180 418 ·
1357 359 1423 428 259

175 555 324 628 Drsgossii
342 561 370 612 et
386 553 505 612 Nioolse
532 559 560 610 et
577 552 702 612 Mmintii
719 552 756 609 sd
774 551 930 609 Leooborin
953 568 1040 626 prope
1057 550 1165 607 vinesm
1191 549 1275 606 Cerni
1299 550 1423 608 Ooloote.

175 643 248 700 item
274 644 354 700 unes
371 643 407 699 sd
426 643 550 714 Loquise
567 646 596 697 et
614 641 687 698 eliso
704 641 801 696 rinese
819 655 907 712 prope
933 639 1023 694 Eiinm
1049 638 1151 695 Cebbri
1169 645 1198 696 et
1215 639 1343 696 comitem
1362 640 1422 694 Ms-

175 731 237 789 rini.
254 731 327 788 Item
348 730 449 786 domus
467 731 496 784 in
513 729 651 800 Tragurio
676 745 764 800 prope
788 728 904 784 domurn
928 727 1041 798 Georgii
1066 727 1101 783 de
1125 727 1228 798 Oeghe‚
1253 728 1319 782 item
1342 728 1422 783 loeus

175 820 234 876 sire
253 819 396 892 psrstines
414 833 501 890 prope
519 816 634 872 domum
657 815 766 872 Orome.
784 815 857 871 Item
875 816 927 872 280
945 815 1074 888 pecudes.
1095 817 1175 884 Quae
1194 815 1305 887 quidem
1329 815 1423 870 omnis

177 908 270 981 precio
300 907 376 961 mille
400 910 595 962 sexcentorum
616 903 749 959 librarum
771 909 931 960 venetorum
951 905 1130 976 parvulorum
1149 903 1276 960 venditae
1294 907 1368 959 sunt
1387 931 1421 944 —

174 993 372 1050 Praesentibus
390 993 508 1048 testibus
525 991 634 1048 Jsoobo
652 991 857 1060 erohidieoono,
876 990 1011 1048 Gervssio
1035 992 1192 1064 primicerio
1214 991 1330 1070 Trogur.
1353 989 1421 1046 an·

174 1083 257 1140 niobe
275 1082 405 1151 cruenti,
424 1081 529 1138 Duimo
547 1078 583 1136 de
602 1079 706 1152 Cogis,
719 1079 832 1134 Doneto
845 1077 980 1148 Solsdini,
998 1079 1100 1137 Nioole
1116 1079 1218 1136 ieoobi
1236 1083 1264 1133 et
1281 1078 1421 1134 Bertnnno

175 1170 287 1234 bissini.
304 1169 437 1227 silvester
454 1168 491 1225 de
510 1168 582 1225 Urso
600 1167 774 1224 examinator
794 1181 909 1240 menum
934 1167 1017 1224 misit.
1041 1167 1238 1223 Bonsvmtore
1261 1165 1336 1221 Petri
1354 1165 1422 1222 ciris

174 1258 361 1316 snoonimnns
378 1259 503 1313 noterius
520 1255 676 1314 eommunis
694 1254 821 1326 Tragurii
839 1253 957 1326 scripsit.

227 1373 357 1432 Fortotr':
377 1372 462 1444 ΜΨ.
480 1371 559 1430 Suer-
580 1372 610 1428 P.
628 1369 680 1426 IV.
696 1386 725 1440 p.
744 1373 806 1424 347.

230 1532 457 1592 nocouxxn.
475 1535 590 1607 Preion.
610 1537 690 1590 1264.
710 1539 734 1588 6.
753 1534 915 1590 martiris.
942 1534 1111 1603 R(olsndus)
1133 1536 1225 1592 benus
1250 1537 1336 1593 totius
1360 1537 1421 1594 ela-

175 1623 275 1680 ron'ne
293 1623 439 1694 signifiost,
457 1622 534 1694 quod
552 1639 616 1678 oum
634 1638 728 1678 eomes
746 1622 852 1693 Meges
865 1622 983 1693 jobsgio
1000 1623 1083 1679 osstri
1101 1623 1275 1680 Zeledlensis
1286 1642 1350 1682 enrn
1366 1626 1420 1683 irs·
1533 1655 1536 1660 ·

174 1709 264 1768 tribus
282 1711 341 1768 suis
363 1710 494 1783 Symone,
517 1709 627 1768 Jseobo
651 1716 680 1766 et
704 1710 821 1784 Egydio,
843 1710 1035 1767 Lnnosrednm
1059 1713 1188 1768 comitem
1211 1713 1300 1769 tilium
1324 1714 1420 1771 Burei

176 1813 272 1854 oorsm
289 1797 358 1854 Bels
375 1815 441 1869 rege
459 1814 545 1871 super
569 1803 652 1854 terre·
665 1798 794 1854 uorum
812 1803 841 1854 et
857 1799 1085 1856 Drsvsmureoun
1102 1801 1156 1856 sits
1173 1801 1375 1870 convenissent,
1392 1807 1422 1859 et

175 1885 248 1942 idem
276 1902 338 1948 rex,
353 1886 389 1942 sd
417 1887 650 1943 exominsiionem
668 1887 734 1942 bsni
757 1887 812 1942 tine
835 1886 930 1942 debito
954 1887 1135 1944 decidendum
1158 1891 1365 1958 transmisisset,
1388 1897 1421 1946 ut

174 1973 209 2031 de
238 1989 315 2030 more
339 1977 368 2030 et
388 1973 591 2030 consuetudine
613 1974 693 2046 regni
715 1973 864 2032 flieroniee
887 1974 1044 2046 spprobets
1069 1975 1159 2032 isosre
1182 1976 1310 2034 debebat.
1339 1977 1419 2035 Idem

176 2060 268 2118 bunne
285 2061 426 2118 hominem
445 2077 527 2118 snum
551 2060 718 2132 Gregorinm
742 2060 779 2118 de
802 2063 931 2133 Zynnsss
948 2061 1089 2131 (Srinnis)
1107 2079 1159 2134 pro
1177 2064 1311 2134 pristsldo
1330 2065 1419 2121 eidem

175 2149 281 2221 Mogek
302 2165 338 2205 ex
356 2148 488 2206 iratribus
505 2146 541 2205 sd
560 2149 701 2205 uitandum
720 2149 911 2205 Lsnoeredum
930 2149 965 2204 sd
985 2149 1050 2204 bsni
1069 2152 1263 2222 proesentism,
1281 2153 1419 2209 munemit-

173 2237 290 2294 tendum
307 2235 396 2293 duxit
415 2236 522 2292 Verum
549 2253 613 2292 oum
638 2241 732 2309 partes
755 2253 849 2293 eorem
874 2253 908 2292 eo
933 2237 1100 2294 constituisse
1123 2239 1249 2307 fuissent,
1274 2241 1420 2298 confessus

173 2330 216 2382 em
241 2323 420 2381 Lsnoeredus
447 2329 598 2396 sntequsm
623 2325 652 2379 in
678 2325 796 2381 iormsm
820 2323 918 2396 J'ndioii
946 2324 1140 2396 procederent,
1167 2331 1268 2384 terrum
1291 2328 1420 2386 Temere

173 2411 385 2468 haereditarium
405 2428 466 2468 esse
485 2412 590 2480 eroget
608 2412 717 2468 comitis
736 2417 764 2467 et
781 2415 891 2484 petrum
916 2429 1041 2468 suorum.
1066 2414 1149 2470 Unde
1172 2415 1275 2471 ruditis
1298 2418 1420 2488 portium

172 2499 412 2574 propositionibus
430 2499 521 2556 benus
539 2499 705 2572 pristaldum
730 2517 811 2556 suum
834 2499 1000 2571 Gregorium
1024 2500 1060 2556 sd
1084 2502 1256 2560 limitandum
1279 2509 1308 2560 et
1332 2521 1419 2561 seuer-

172 2586 294 2642 nendsm
311 2592 412 2642 terrem
431 2588 548 2643 emisit.
573 2587 661 2643 Cuius
679 2593 768 2643 terroe
790 2587 934 2642 Tornsvse
956 2589 1047 2659 prims
1064 2593 1138 2645 metr
1156 2591 1253 2662 incipit
1270 2607 1287 2646 s
1305 2591 1419 2648 flumine

172 2675 294 2730 Zsretks
312 2673 361 2730 nbi
379 2678 445 2730 sunt
463 2673 535 2730 duee
553 2679 643 2731 metse
662 2692 719 2731 uns
732 2675 884 2741 Laurentii,
903 2676 990 2730 nitere
1001 2676 1110 2732 comitis
1126 2677 1230 2747 Mogek
1248 2681 1276 2732 et
1292 2678 1418 2736 instrum.

171 2761 249 2818 Hine
265 2762 344 2818 iuxte
361 2777 491 2838 magnam
509 2763 582 2816 virm
604 2763 703 2818 iterum
716 2751 788 2817 ineo
800 2767 892 2816 metue
909 2761 1054 2819 dictorum.
1073 2763 1149 2819 Hino
1166 2763 1203 2820 sd
1222 2765 1372 2821 secundem
1390 2772 1417 2822 et

144 2853 146 2858 “
171 2837 281 2905 tertium
298 2865 430 2922 megnsm
448 2850 529 2904 viem.
548 2849 624 2906 Hine
647 2850 683 2905 sd
708 2865 812 2921 squam
835 2848 962 2914 Ternevs
986 2855 1015 2904 et
1038 2865 1088 2920 per
1112 2850 1205 2922 ipsum
1228 2851 1344 2908 fluvium
1368 2870 1417 2925 per

170 2937 289 3010 longum
306 2937 382 2993 venit
399 2937 435 2992 sd
453 2943 542 2994 metes
558 2938 696 3010 entiquss,
709 2954 827 3010 querum
846 2953 903 2992 uua
912 2937 1055 2992 Laurentii
1067 2938 1122 2993 slis
1134 2939 1240 3008 Mogek
1252 2945 1280 2994 et
1292 2941 1416 2998 stonum.

169 3025 205 3082 In
223 3025 329 3080 oriente
346 3025 423 3080 venit
439 3024 476 3080 sd
493 3030 595 3080 terrem
613 3026 723 3080 comitis
740 3023 901 3091 Lnnoeredi,
919 3023 984 3079 hino
1002 3024 1038 3080 nd
1057 3041 1144 3082 unum
1158 3031 1289 3098 stagnum
1302 3027 1416 3085 otum

168 3111 277 3169 mslsos
300 3117 439 3179 voesturn,
463 3112 611 3168 reflectitur
628 3111 664 3168 sd
683 3129 785 3184 squam
802 3112 931 3167 Tornsrs
948 3115 976 3166 et
994 3113 1069 3167 venit
1086 3112 1122 3166 sd
1140 3119 1241 3170 terram
1259 3115 1344 3171 Lens.
1362 3117 1416 3172 Per

168 3201 259 3256 verim
276 3204 366 3256 metes
383 3199 477 3256 eundo
495 3201 570 3256 venit
587 3199 624 3255 ed
642 3199 757 3258 fluvium
775 3198 895 3255 Zsrstkn
912 3203 940 3254 et
957 3199 1128 3255 terminetur.

222 3305 378 3376 Oriaimiis
395 3320 562 3376 poponens
580 3305 612 3362 in
629 3305 789 3362 witeroom
806 3305 911 3360 musaei
929 3303 1085 3362 nobedis
1103 3305 1269 3388 inprobior.
1294 3306 1413 3365 Donata

165 3407 218 3464 per
235 3392 263 3450 «i.
275 3390 448 3460 jurmorerrr
465 3392 657 3464 Kovoeboory.
1363 3439 1364 3442 ,

220 3529 566 3589 Dooouxxm.1res.
586 3535 628 3588 23.
648 3531 811 3588 Deoembrs'r.
833 3531 901 3587 Bele
920 3529 973 3586 LV.
995 3546 1044 3586 rex
1062 3531 1098 3586 ed
1116 3532 1333 3603 postulationem
1356 3549 1414 3588 ms·

168 3617 247 3700 gistri
265 3617 404 3690 Tyburoii,
422 3619 551 3675 ooneefflt
575 3619 615 3674 iili
638 3635 703 3675 oum
726 3617 877 3675 liberorum
901 3619 1001 3675 solutio
1018 3623 1111 3674 mrest
1128 3617 1164 3674 de
1183 3618 1312 3674 omnibus
1330 3619 1414 3676 robus

167 3709 195 3762 et
212 3705 438 3778 possessionibus
451 3707 510 3762 suis
523 3706 685 3763 facultatem
697 3705 843 3762 ordinandi
855 3711 884 3762 et
896 3705 980 3762 isndi
989 3706 1145 3778 unicunque
1155 3707 1282 3762 reliuorit
1290 3709 1413 3780 exeeptis

169 3792 308 3850 tinniunt
326 3793 483 3850 cruciferis.
501 3793 608 3850 Detum
627 3810 676 3866 per
694 3810 795 3850 menne
819 3792 944 3864 magistu
968 3792 1049 3848 Peuli
1073 3793 1153 3850 eleoti
1177 3793 1309 3852 Albensis
1332 3796 1414 3852 sulse

165 3895 222 3952 reg.
240 3880 465 3938 rioeosnoelisrii.

218 3985 268 4042 Ee
295 3986 367 4042 ortis
388 3985 551 4042 mommrii
574 3986 608 4042 ris
634 3985 729 4044 florii.
753 3987 834 4042 Fere.
853 3989 876 4042 Ι.
896 3987 929 4042 N.
949 3988 974 4054 2,
990 3999 1043 4056 per
1066 3984 1169 4041 bonum
1192 3985 1411 4045 stem-neee-

164 4071 497 4146 marmenem
515 4072 627 4130 onor.
1309 4057 1317 4070 '

218 4209 459 4270 Dooouxxtv.
486 4214 568 4268 1261.
594 4211 754 4285 Stephsnus
769 4212 868 4268 iunior
891 4227 940 4267 rex
964 4209 1048 4282 Ung„
1072 4209 1130 4266 dux
1154 4211 1362 4267 ibsnsilvsnise
1384 4217 1412 4267 et

164 4301 295 4359 dominus
313 4299 512 4367 cumanorum,
531 4299 638 4356 eonfert
655 4300 749 4357 comiti
767 4297 873 4368 Heres}
891 4297 939 4370 qui
957 4315 974 4352 n
991 4297 1139 4369 primaevis
1152 4297 1251 4352 eetstis
1264 4314 1331 4354 suse
1344 4303 1411 4354 tem·

163 4387 281 4461 poribus
297 4387 326 4444 in
344 4387 439 4444 multis
457 4391 486 4442 et
502 4385 619 4443 diversis
639 4387 763 4444 erbonlis
787 4387 811 4443 ei
836 4386 954 4444 fideliter
978 4385 1127 4452 serviverit,
1151 4390 1253 4440 terrem
1278 4385 1410 4454 anwod,

163 4475 199 4532 ed
219 4491 303 4547 qnsm
321 4473 554 4530 renmbulsndem
572 4475 683 4530 emisit
700 4473 773 4530 Both
791 4475 924 4530 maiorem
941 4472 1080 4530 munins
1097 4472 1181 4527 osetri
1198 4470 1233 4528 de
1252 4471 1361 4528 Wnlko.

214 4578 313 4648 Pejor:
334 4579 399 4636 (iod.
420 4579 490 4650 arpi
511 4577 546 4636 it
559 4579 611 4636 IV.
627 4579 680 4637 eoi.
700 4579 756 4636 ΙΙΙ.
772 4595 802 4648 p.
820 4581 884 4638 202.
