3376 5350
641 350 646 360 ·
665 355 813 398 ssosscs.
1302 305 1361 407 4¹21

171 535 359 590 MCDLXVI.
378 533 511 591 laurini.
531 537 606 589 1291.
625 537 668 588 21.
687 535 799 589 tramit.
819 535 945 589 Andreas
957 533 1010 588 111.
1024 551 1071 588 rex
1085 533 1199 588 mandat
1211 533 1369 606 hospitibus

120 624 153 678 de
174 629 267 678 monte
286 622 385 690 Grech,
405 637 470 677 cum
496 624 628 693 magister
652 621 757 677 Paulus
782 622 855 676 filius
882 621 1016 692 Stephani
1041 622 1105 676 bani
1130 622 1264 692 palatium
1287 639 1369 676 suum

119 711 241 765 existens
267 710 419 780 Zagrabiae
443 711 471 765 in
496 717 590 765 monte
617 710 758 776 Grecensi,
782 709 857 778 quod
882 727 898 764 a
925 709 1026 764 comite
1045 707 1148 763 Hodus
1173 715 1200 763 et
1224 709 1287 762 liliis
1311 710 1369 763 suis

117 815 168 868 pro
187 797 349 852 concambio
368 798 541 868 quarundam
560 798 767 868 possessionum
786 813 898 850 suarum
913 797 1024 867 recepit,
1037 795 1141 850 Gilioni
1154 797 1260 851 concivi
1273 811 1370 850 eorum

118 901 169 955 pro
187 885 305 940 servitiis
323 891 351 940 et
368 885 450 940 rebus
469 887 597 955 expensis
620 884 771 950 donaverit,
790 890 928 954 quatenus
948 883 1053 938 dictum
1072 883 1209 953 palatium
1229 881 1303 937 dicto
1322 882 1370 937 Gi-

118 973 186 1026 lioni
204 973 346 1043 assignare
364 972 490 1026 debeant.

173 1059 298 1114 Taureae:
318 1059 397 1114 Mos.
416 1061 489 1113 eicit.
510 1061 593 1130 Zapr.
618 1060 643 1114 I.
658 1077 689 1128 p.
707 1063 749 1112 65.

171 1198 514 1254 MODLXVII.1291.8.
536 1199 653 1267 Aprilis.
679 1199 837 1264 Marcellus,
862 1199 1010 1268 episcopus
1029 1197 1176 1263 Nouensis,
1195 1197 1369 1251 transummit

118 1302 169 1358 pro
187 1287 264 1340 Luca
282 1287 339 1341 lilio
357 1287 470 1351 Dessae,
489 1288 548 1340 cive
565 1286 702 1352 Jadrensi,
720 1287 826 1340 litteras
846 1286 967 1356 magistri
982 1284 1202 1356 Templariorum
1215 1299 1264 1354 per
1285 1283 1367 1338 Hun-

119 1374 225 1446 gariam
244 1373 387 1428 Guiilelmi
406 1373 441 1427 de
460 1373 578 1443 Peymos
603 1391 686 1443 super
713 1373 862 1428 donatione
885 1379 974 1427 terrae
998 1372 1169 1427 Podskalina
1186 1373 1215 1426 in
1234 1371 1370 1426 territorio

125 1459 257 1514 Zablatae
277 1461 496 1515 deann01‘284.
524 1459 601 1514 idem
626 1467 830 1531 transumptum
855 1462 999 1515 confirmat
1021 1460 1105 1515 frater
1132 1459 1273 1526 Salamon,
1297 1459 1372 1528 prior

123 1547 298 1617 provincialis
317 1547 481 1618 Hungariae
500 1549 538 1614 (et
555 1546 719 1616 Slavoniae).

158 1653 303 1721 cha’ayi:
325 1652 389 1708 God.
413 1651 483 1720 dipl.
507 1652 615 1721 Arpcd.
634 1653 659 1706 I.
678 1656 736 1707 148.
756 1683 789 1692 -
808 1652 904 1721 cher:
926 1652 991 1708 God.
1020 1651 1088 1722 dipl.
1118 1653 1216 1723 Hrmp.
1245 1652 1275 1706 Τ.
1303 1652 1369 1707 VII.

124 1739 335 1808 mfflpffl

173 1879 393 1935 MCDLXVHI.
421 1879 546 1950 Neapoli
579 1884 656 1933 1291.
679 1885 703 1934 6.
729 1881 822 1936 dicati.
848 1881 966 1936 Carolus
991 1881 1013 1936 Ι.
1040 1899 1089 1936 rex
1116 1881 1226 1938 Siciliae
1253 1880 1368 1936 mandat

118 1969 284 2038 justitiariis,
304 1969 456 2038 capitaneis
474 1973 502 2022 et
519 1967 581 2021 ahie
600 1967 766 2022 officialibus
793 1969 921 2038 Apuliae,
950 1985 1014 2022 cum
1039 1969 1087 2023 viri
1111 1967 1219 2023 nobiles
1244 1969 1372 2038 Doymus

122 2072 216 2110 comes
234 2055 268 2110 de
287 2055 389 2126 nglia
407 2061 435 2109 et
453 2054 603 2108 Radislaus
616 2055 750 2120 Rabonio,
769 2057 843 2125 regis
862 2061 890 2110 et
907 2056 1019 2126 reginae
1038 2057 1175 2110 consortis
1187 2071 1255 2110 suae
1267 2053 1372 2121 fideles,

124 2143 159 2198 de
178 2143 302 2213 Ungaria
319 2144 460 2197 venientes
479 2141 514 2196 ad
533 2149 644 2212 portum
663 2141 874 2197 Manfredonise
893 2143 1047 2213 applicasse
1067 2143 1205 2209 dicuntru,
1224 2138 1324 2197 deinde
1343 2157 1373 2196 se

122 2230 158 2285 ad
178 2231 250 2300 regis
269 2231 453 2300 praesentiam
472 2229 606 2296 collaturi,
631 2235 768 2298 quatenus
792 2230 905 2284 eoadem
931 2231 1045 2286 comites
1069 2235 1213 2301 totamque
1237 2229 1371 2283 familiam

125 2325 153 2372 et
170 2317 328 2372 comitivam
348 2333 445 2372 eorum
464 2333 526 2372 cum
552 2316 718 2371 animalibus
740 2323 768 2371 ct
793 2317 875 2371 rebus
898 2317 985 2372 libere
1009 2319 1177 2388 permittant,
1203 2317 1308 2371 nullam
1333 2317 1373 2370 eis

122 2407 251 2460 iniuriam
270 2405 371 2459 inferre
390 2411 567 2476 praesumant
585 2410 613 2459 et
630 2403 829 2459 honorabiliter
847 2405 920 2460 sicut
938 2405 1017 2460 decet
1029 2410 1149 2460 tractent
1167 2410 1194 2459 et
1213 2405 1375 2459 necessariis

124 2492 294 2562 provideant

180 2578 303 2633 Weaael:
323 2580 395 2632 Actu
414 2584 557 2632 extranea.
576 2579 600 2632 I.
620 2582 660 2632 77.

176 2719 365 2776 mcucxix.
390 2719 552 2774 blaulchsa
579 2721 655 2771 1291.
680 2721 722 2772 17.
748 2719 840 2773 Jonas.
868 2718 1003 2788 Magister
1021 2719 1125 2774 Paulus
1143 2720 1217 2774 filius
1236 2717 1370 2790 Stephani

124 2808 189 2862 bani
208 2807 354 2878 significat,
374 2805 448 2876 quod
468 2823 502 2860 ex
520 2821 657 2859 consensu
676 2805 791 2859 fratrum
811 2811 838 2860 et
856 2806 975 2860 liliorum
995 2823 1107 2860 suorum
1131 2807 1266 2876 palatium
1291 2823 1372 2860 suum

124 2895 200 2966 quod
218 2894 317 2950 habuit
340 2893 491 2963 Zagrabiae
514 2893 541 2946 in
565 2899 658 2946 monte
682 2891 773 2947 Grech
798 2909 849 2963 pro
867 2894 1029 2948 concambio
1048 2911 1064 2947 a
1083 2894 1182 2947 comite
1205 2893 1308 2946 Hodus
1333 2910 1373 2946 re-

124 2991 207 3053 cepto
226 2981 343 3036 contulit
362 2979 455 3035 comiti
474 2979 579 3034 Gilioni
599 2979 650 3034 civi
670 2979 704 3034 de
723 2979 823 3048 Grech,
836 2988 918 3050 prout
937 2982 1019 3035 etiam
1038 2986 1117 3050 pater
1135 2980 1195 3050 ejus
1214 2977 1372 3050 Stephanus

125 3071 216 3124 banus
235 3070 325 3124 bonae
343 3069 491 3123 memoriae
509 3068 563 3138 ipsi
583 3069 676 3122 comiti
696 3074 907 3139 perpetraverat

182 3155 311 3211 thlcit:
329 3157 408 3209 Mors.
428 3156 501 3208 civit.
521 3155 605 3225 Zapr.
625 3156 650 3209 I.
665 3172 697 3224 p.
715 3158 757 3209 66.

180 3295 356 3351 MODLXX.
382 3296 544 3352 Kamarun.
573 3298 648 3350 1291.
671 3299 697 3350 8.
722 3295 804 3350 ‚latu
830 3294 957 3349 Andreas
981 3294 1033 3348 111.
1058 3311 1106 3348 rex
1131 3295 1275 3366 significat,
1299 3295 1374 3364 quod

124 3384 232 3439 Paulus
250 3384 324 3436 filius
343 3381 477 3452 Stephani
495 3382 561 3436 bani
579 3383 676 3437 retulit
696 3384 758 3437 viva
781 3397 861 3436 voce:
887 3383 963 3452 quod
988 3383 1121 3453 palatium
1146 3381 1290 3452 quoddam
1316 3381 1375 3437 Ste-

124 3471 210 3542 phani
229 3471 301 3537 bani,
314 3469 463 3540 patrissui,
477 3463 598 3524 aristeus
610 3469 762 3540 Zagrabiae
775 3470 802 3524 in
815 3477 909 3525 monte
922 3471 1062 3538 Grecensi,
1076 3469 1151 3540 quod
1165 3471 1258 3525 comiti
1271 3471 1375 3525 Hodns

125 3558 282 3614 contaderat
300 3564 327 3611 et
345 3572 377 3610 ac
396 3573 428 3611 eo
445 3557 472 3610 in
493 3557 686 3611 concambium
705 3575 756 3626 pro
773 3557 790 3610 4
809 3558 1030 3626 possessionibus
1048 3557 1178 3613 videlicet
1195 3557 1326 3613 Pollruna
1344 3560 1373 3613 in

127 3646 262 3700 comitatu
280 3644 315 3699 de
333 3643 445 3710 Borsad,
465 3645 531 3698 item
545 3643 661 3712 'Bukem
686 3643 762 3699 Mixa
780 3651 808 3699 et
826 3643 924 3714 Gyurh
943 3645 970 3698 in
990 3645 1122 3700 comitatu
1141 3646 1175 3700 de
1193 3645 1316 3700 Zobolch
1336 3661 1376 3700 re·

125 3727 244 3802 ceperat,
263 3730 365 3788 Gilioni
385 3731 437 3784 civi
457 3729 597 3798 (iaccensi,
620 3732 801 3801 personaliter
824 3733 933 3799 astanti,
959 3749 1010 3802 pro
1034 3734 1152 3788 serdtiis
1170 3738 1199 3786 et
1216 3749 1376 3802 recompen-

126 3821 234 3875 satione
252 3835 343 3874 rerum
362 3836 474 3874 suarum
494 3819 545 3874 sibi
565 3825 593 3873 et
612 3819 753 3888 Stephano
771 3819 844 3874 bano
863 3819 939 3874 fratri
964 3837 1015 3875 suo
1037 3821 1065 3875 in
1090 3821 1254 3875 necessitate
1280 3837 1375 3874 eorum

127 3908 254 3962 datarum
274 3913 301 3962 et
319 3923 504 3978 expensarum
530 3907 685 3961 contulerat
703 3909 762 3962 iure
780 3913 922 3978 perpetuo.
942 3907 978 3962 Et
996 3909 1049 3978 ipsi
1068 3907 1209 3962 collationi
1228 3907 1376 3962 Ladislaus

126 3995 201 4048 filius
220 3995 329 4048 comitia
348 3994 451 4048 Hodus
469 4011 520 4064 pro
539 4010 569 4048 se
587 3999 615 4048 et
633 4011 683 4064 pro
702 4001 779 4064 patre
804 4011 863 4060 suo,
882 4011 915 4048 ac
934 3995 1065 4065 magister
1089 3994 1208 4049 Brictius
1226 3994 1300 4048 filius
1319 3996 1376 4049 An-

126 4082 208 4136 dreae
235 4087 371 4151 cognatus
396 4083 505 4135 comitis
529 4081 632 4134 Hodus
656 4081 836 4151 personaliter
860 4099 1004 4137 assensum
1028 4082 1222 4152 praebuerunt,
1247 4081 1282 4136 ad
1308 4083 1376 4151 peti·

126 4171 231 4224 tionem
251 4185 369 4239 quorum
387 4185 436 4222 rex
455 4169 557 4222 dictam
577 4168 754 4223 donationem
773 4169 952 4224 confirmavit.

180 4253 313 4310 thlcic‘:¹
325 4257 405 4310 Mon,
424 4256 497 4310 civit.
517 4257 602 4327 Zapr.
622 4258 648 4314 Ι.
665 4273 695 4325 p.
714 4259 756 4310 66.

180 4395 361 4464 MODLXXI
388 4395 521 4466 Rapnsii.
542 4401 678 4453 1291.11.
698 4398 782 4452 Jrriii.
802 4399 904 4452 Coram
923 4397 1035 4450 Andrea
1053 4395 1193 4460 Dandulo,
1213 4395 1303 4450 clarae
1322 4411 1377 4449 me-

127 4487 231 4541 moriae
249 4483 387 4539 Johannis
406 4483 528 4539 Danduli
555 4485 633 4540 ducis
654 4485 754 4541 Venet.
774 4485 839 4552 filio,
859 4484 959 4538 comite
978 4484 1121 4554 Ragusino
1140 4490 1168 4536 et
1182 4483 1284 4552 juratis
1303 4481 1378 4552 judi-

128 4575 208 4630 cibus
226 4572 340 4627 Andrea
358 4572 495 4640 Benexae,
520 4574 648 4628 Dimitrio
672 4573 707 4626 de
733 4571 860 4638 Saracha,
886 4572 995 4625 Marino
1020 4569 1171 4640 Pasagnae,
1196 4568 1282 4622 Juuio
1307 4568 1378 4622 Pici·

130 4663 191 4718 neci
209 4667 237 4716 et
255 4660 358 4716 Saviuo
376 4657 493 4717 Gifebae
512 4663 541 4726 (l)
561 4661 595 4714 de
615 4660 750 4728 Vodaci0,
770 4659 888 4714 Savinus
906 4658 1038 4714 Ghetaldi
1057 4675 1120 4712 cum
1144 4672 1259 4712 assensu
1285 4657 1379 4710 uxoris

1233 4749 1275 4812 30
