3488 5380
343 386 407 450 230
844 413 863 453 r.
883 401 1080 474 uuuurrnvrt,

343 575 462 630 Martino
480 575 578 644 iratre;
599 581 627 632 et
644 591 694 647 per
711 575 827 648 longum
845 577 968 648 spatium
985 578 1069 634 intrat
1086 577 1115 634 iu
1133 578 1223 635 lutum
1241 580 1316 651 quod
1335 582 1419 654 vulgo
1432 582 1584 640 Ohnrnuoh

340 663 439 720 dicitur
457 663 505 718 ubi
524 669 552 720 et
569 669 759 720 commetauns
778 664 911 720 chlreuc
928 665 1002 720 filius
1020 665 1094 722 lsan.

392 771 441 826 Ec
459 787 519 828 mec
537 770 657 842 entique
675 769 841 841 collectione,
859 771 929 843 erip.
953 772 1060 828 ιιιιιιι.

394 912 608 971 DOCLXVIII.
627 919 706 972 1258.
719 914 879 986 Stephanus
892 913 983 970 banus
995 915 1080 970 totius
1100 915 1248 972 Slavouiae
1261 920 1289 972 et
1301 917 1463 988 capitaneus
1476 917 1585 989 Styriae

343 1001 476 1070 notificat,
495 1001 570 1073 quod
595 1019 659 1058 oum
680 1020 728 1058 rex
747 1003 815 1058 Bela
839 1003 864 1058 ei
888 1001 916 1056 in
940 1007 1000 1058 tota
1025 1001 1157 1059 Slavonia
1174 1009 1202 1060 et
1220 1005 1375 1076 specialiter
1395 1006 1428 1060 in
1451 1006 1584 1061 comitatu

342 1089 525 1144 Vorosdieusi
543 1097 630 1147 terras
648 1091 730 1147 castri
748 1109 765 1146 a
783 1096 907 1162 tempore
925 1090 1070 1146 Oolomaui
1088 1091 1161 1162 regis
1177 1091 1310 1147 alienatm
1322 1091 1461 1149 vindicare
1476 1109 1585 1164 pracce-

345 1178 439 1248 plasea
462 1177 575 1233 taudem
602 1178 730 1234 Andreas
754 1193 847 1234 comes
867 1177 1070 1233 Worosdiensis
1094 1186 1123 1234 et
1143 1179 1310 1250 jobagiones
1332 1181 1415 1236 castri
1439 1181 1500 1252 eJus
1528 1182 1585 1235 uni·

345 1263 426 1333 versi,
445 1265 550 1320 scilicet
567 1265 702 1334 Damasi,
724 1266 864 1321 Martinus
882 1263 991 1336 Volpot
1014 1265 1087 1320 filius
1112 1265 1248 1336 Neadaaa,
1274 1267 1414 1323 choalav
1437 1275 1466 1323 et
1486 1268 1586 1324 Deme·

346 1353 415 1407 trina
433 1353 507 1408 filius
526 1354 597 1423 ejus,
618 1353 774 1420 Folcumar,
793 1353 863 1408 Paul
882 1352 956 1407 filins
975 1353 1093 1422 Pousae,
1116 1353 1247 1422 Reuehat,
1267 1355 1370 1410 Martio
1388 1354 1462 1410 iilius
1480 1356 1585 1422 Zuliclr,

346 1439 458 1496 Iwalren
476 1441 550 1496 lilius
569 1441 697 1510 Manche,
724 1440 845 1496 Acuzlav
870 1440 943 1495 filins
970 1441 1052 1508 Ache,
1077 1445 1105 1496 et
1128 1443 1227 1496 caeteri
1247 1442 1412 1512 jobagionea
1437 1444 1528 1510 castri,
1552 1459 1586 1498 ex

347 1533 419 1582 terra
437 1528 555 1583 filiorum
575 1528 643 1584 Selk
660 1529 772 1584 uomire
792 1528 882 1600 Ebrys
900 1528 975 1600 apud
989 1533 1115 1584 sanctum
1128 1529 1236 1600 Elyam,
1255 1529 1303 1584 ubi
1321 1535 1364 1584 est
1381 1538 1586 1586 commetaneus

347 1615 483 1670 Martinus
502 1615 575 1670 filius
593 1617 690 1672 Zulich
710 1615 849 1686 quandam
874 1616 1038 1688 particulam
1056 1621 1144 1672 terrae
1162 1616 1197 1671 ad
1217 1617 1334 1672 alterum
1357 1616 1503 1672 dimidium
1527 1635 1585 1674 are·

346 1709 420 1758 trum
445 1703 650 1760 reambulantes
676 1711 882 1776 proposuerunt
907 1720 999 1759 coram
1024 1702 1098 1758 bano
1122 1709 1219 1759 contra
1241 1703 1313 1758 filios
1337 1703 1404 1760 Sellr
1427 1703 1503 1774 quod
1528 1706 1589 1776 ipsa

346 1797 418 1845 terra
435 1791 518 1846 castri
537 1795 618 1859 esset,
638 1790 674 1846 ad
694 1791 768 1862 quod
789 1791 838 1845 filii
856 1790 924 1846 Sella
941 1789 1145 1862 responderunt
1162 1791 1250 1862 ipsam
1278 1791 1441 1862 particulam
1465 1797 1493 1847 et
1518 1793 1587 1849 alias

348 1885 435 1933 terras
453 1879 593 1950 emptitias
614 1895 676 1936 esse
694 1895 759 1934 suas
778 1895 794 1933 a
813 1878 921 1950 Zopiua
939 1883 966 1933 et
984 1877 1077 1933 Eudre
1090 1883 1264 1949 comparatas
1282 1884 1310 1934 et
1328 1895 1412 1951 super
1433 1878 1487 1936 hoc
1509 1881 1589 1952 priri-

349 1967 453 2035 legium
472 1967 585 2038 capituli
604 1967 722 2037 Zagrab.
751 1971 970 2037 praesentarunt.
997 1964 1079 2022 Unde
1110 1965 1211 2021 auditis
1239 1965 1358 2037 partium
1387 1967 1536 2038 propositis
1563 1973 1590 2022 et

348 2053 490 2109 tenoribus
510 2052 644 2124 privilegii
663 2054 778 2126 capituli
796 2052 876 2108 duxit
895 2053 983 2121 banus
1006 2053 1107 2108 dictam
1126 2053 1289 2124 particulam
1308 2059 1396 2109 terras
1414 2059 1506 2110 castro
1525 2055 1589 2110 Wo-

349 2139 484 2194 rosdiensi
503 2157 564 2195 esse
583 2141 800 2211 relinquendam.
827 2139 883 2195 Sed
908 2139 1086 2211 postmodum
1111 2139 1238 2195 Andreas
1262 2157 1355 2196 comes
1373 2147 1400 2196 et
1423 2141 1588 2211 jobagiones

349 2228 432 2282 castri
451 2228 569 2284 eandem
588 2229 752 2300 particulam
771 2229 799 2282 iu
818 2227 910 2300 Ebrys
931 2245 966 2283 ex
984 2245 1080 2284 eorum
1092 2227 1267 2300 beneplacito
1286 2228 1350 2283 liliis
1369 2227 1437 2284 Sella
1455 2228 1590 2299 relinque·

350 2321 415 2370 runt
434 2315 461 2369 in
481 2321 655 2387 perpetuum.
675 2316 708 2370 In
727 2318 807 2372 cuius
825 2315 1019 2372 concambium
1036 2317 1064 2370 in
1084 2321 1157 2371 terra
1175 2315 1280 2371 Zbelov
1298 2315 1441 2384 (Zbelava)
1455 2332 1543 2387 prope
1555 2315 1590 2370 ad

351 2401 541 2457 Varasdinum
559 2419 576 2457 a
595 2403 658 2460 filiis
677 2403 744 2459 Sella
763 2409 869 2461 tantam
887 2410 989 2458 terram
1007 2411 1177 2475 receperunt,
1195 2403 1270 2475 quod
1289 2404 1393 2459 iactum
1406 2403 1496 2458 banus
1509 2404 1592 2459 etiam

347 2495 440 2545 ratum
457 2490 562 2546 habuit

400 2580 448 2634 Ec
465 2579 578 2636 cretico
596 2580 730 2636 camneti
749 2580 880 2636 Budenai.
904 2579 1024 2634 Weaael:
1045 2579 1109 2635 Ood.
1128 2579 1197 2649 dipl.
1216 2579 1325 2649 Arpcd.
1338 2579 1395 2634 111.
1416 2582 1477 2633 491.

403 2722 587 2778 DCOLXIX.
613 2723 835 2791 Spalati.1259.
854 2725 896 2776 19.
915 2721 1027 2777 Martii.
1052 2721 1197 2790 Regnante
1221 2719 1288 2775 Bela
1312 2719 1364 2776 IV.
1389 2735 1461 2790 rege,
1485 2724 1592 2791 tempo·

350 2810 426 2864 ribus
445 2809 559 2880 Rugerii
577 2809 778 2880 archiepiscopi
798 2808 981 2880 Spalatensis,
1000 2807 1087 2864 nobili
1105 2809 1164 2862 viro
1183 2807 1302 2864 Widone
1320 2806 1464 2878 Veglieusi
1483 2807 1591 2873 comite,

350 2895 493 2954 Vinodolii
513 2903 541 2952 et
559 2896 719 2952 Modrusiae
738 2896 863 2967 ejusdem
881 2897 999 2952 civitatis
1024 2896 1173 2951 Potestate.
1199 2895 1270 2950 (lum
1289 2895 1363 2950 idem
1381 2895 1509 2950 Potestas
1528 2911 1593 2949 cnm

348 2984 500 3056 judicibus,
519 2985 635 3040 consilio
654 2991 681 3040 et
699 2985 897 3040 communitate
915 2985 1074 3055 spalatensi
1093 2991 1120 3039 et
1138 2983 1262 3038 similiter
1279 2999 1344 3038 com
1359 2981 1510 3053 judicibus,
1528 2999 1592 3036 con-

350 3073 412 3127 silio
430 3079 458 3127 et
476 3073 615 3128 communi
635 3073 812 3144 Traguriensi
831 3073 859 3126 in
878 3088 978 3142 guerra
996 3072 1116 3126 maxima
1134 3087 1185 3142 pro
1203 3069 1308 3125 honore
1321 3085 1439 3124 coronae
1458 3069 1551 3138 regiae
1564 3077 1592 3124 et

350 3160 482 3215 fidelitate
500 3158 674 3214 observanda
693 3165 885 3234 permanerent
903 3175 967 3214 cum
985 3157 1144 3213 infidelibus
1168 3157 1316 3212 Pollizanis
1341 3155 1431 3212 dictae
1453 3171 1591 3222 coronae3

349 3265 443 3304 comes
472 3247 597 3316 Butteco,
622 3248 675 3303 Dei
701 3254 728 3303 et
752 3248 827 3318 regia
851 3247 941 3317 gratia
963 3246 1116 3300 maritimus
1144 3245 1234 3299 banus
1261 3245 1401 3315 promissit
1424 3250 1451 3298 et
1474 3244 1593 3299 firmavit

351 3341 555 3392 sacramentum
574 3341 602 3390 et
620 3352 650 3391 ιι
669 3336 811 3390 voluntate
831 3335 943 3406 propria
970 3333 1103 3403 obligavit
1120 3335 1148 3387 in
1167 3331 1264 3388 eadem
1289 3347 1389 3401 guerre
1412 3331 1491 3386 iuxta
1515 3347 1594 3402 prae·

352 3423 441 3478 dictas
460 3424 672 3480 communitates
691 3439 759 3488 esse,
779 3439 830 3477 nec
848 3439 945 3492 pacem
963 3422 1085 3490 aliquam
1103 3421 1193 3475 iacere
1211 3419 1281 3474 velle
1294 3420 1352 3474 siue
1365 3435 1502 3474 consensu
1515 3435 1594 3490 prae·

353 3511 489 3566 dictarum
500 3511 732 3566 communitatum
745 3510 908 3580 promittens
917 3509 1000 3563 etiam
1010 3524 1106 3562 omues
1119 3507 1214 3561 fideles
1227 3505 1353 3561 subditos
1364 3521 1483 3562 coronae
1494 3506 1596 3561 intrare

353 3599 380 3653 iu
397 3615 525 3668 guerram
538 3597 648 3653 dictam.
662 3599 686 3652 E
699 3613 832 3652 converso
843 3597 1006 3667 juraveruut
1018 3601 1142 3666 potestas
1155 3601 1182 3649 et
1194 3595 1284 3649 dictae
1296 3593 1509 3649 communitates
1524 3593 1596 3648 bauo

355 3704 419 3742 cum
438 3703 471 3742 eo
490 3686 608 3740 fideliter
626 3701 801 3756 perseverare
819 3685 845 3738 iu
865 3700 974 3754 guerra,
992 3699 1043 3738 nec
1061 3699 1124 3737 eum
1143 3682 1298 3752 relinquere
1317 3679 1488 3736 ullomodo.
1516 3679 1598 3735 Haec

353 3774 446 3828 omnia
476 3774 587 3828 luerunt
614 3772 688 3828 sacta
711 3789 804 3828 coram
832 3771 915 3825 fratre
943 3770 1109 3826 Sebastiano
1131 3770 1221 3840 priore
1249 3768 1280 3824 fr.
1308 3766 1534 3823 Praedicatornm
1562 3766 1597 3820 dc

353 3861 469 3932 Spalato
488 3867 516 3916 ιι
534 3861 617 3916 fratre
636 3860 726 3916 Gessa
744 3865 772 3914 et
789 3860 907 3916 aliorum
927 3859 959 3912 fr.
978 3858 1123 3912 affirmata.
1143 3857 1209 3911 Tres
1229 3856 1333 3911 litteras
1352 3854 1473 3910 alfabeto
1493 3852 1596 3908 divisas

355 3949 480 4004 fecerunt
497 3949 710 4004 communitates
728 3947 866 4018 sigillibns
884 3947 1010 4018 repartiri
1027 3947 1097 4000 inter
1115 3945 1232 3999 Butteco
1249 3943 1385 4000 comitem.
1404 3941 1509 4014 Spalat
1523 3958 1596 3997 com·

354 4052 438 4090 mune
456 4041 484 4091 et
501 4035 616 4106 Tragur.
635 4052 790 4092 commuue.

406 4124 527 4179 Lucius:
547 4127 588 4178 De
606 4139 690 4194 rapae
710 4124 803 4178 Dalm.
823 4130 848 4178 et
869 4125 962 4179 Oroct.
982 4122 1044 4176 Lio.
1064 4124 1080 4174 1
1085 4120 1113 4176 V.
1133 4135 1194 4189 cap.
1215 4121 1263 4172 IX.

407 4265 577 4320 DOOLXX.
609 4265 695 4334 Apud
719 4265 830 4321 Oetam.
863 4269 940 4319 1259.
966 4267 1056 4318 Menae
1079 4262 1197 4317 Martio.
1226 4259 1389 4315 Mansredus
1414 4276 1462 4314 rex
1487 4259 1598 4314 Siciliae

355 4360 451 4408 notum
480 4354 552 4420 facit,
572 4353 648 4423 quod
667 4353 730 4408 licet
749 4353 833 4407 totius
857 4352 1013 4406 Dalmatiae
1037 4351 1161 4404 homines
1186 4348 1246 4403 dati
1264 4349 1292 4402 in
1312 4363 1424 4401 sensnm
1448 4345 1598 4417 reprobum

355 4442 420 4496 olim
438 4447 533 4496 contra
552 4447 658 4511 patrem
677 4441 736 4495 eius
757 4440 844 4494 multa
859 4439 983 4494 enormia
1007 4438 1209 4494 commisissent
1228 4443 1255 4490 et
1273 4435 1374 4490 damna
1393 4433 1513 4505 plurima
1531 4433 1598 4489 fide-

355 4529 428 4583 libus
447 4530 506 4583 eius
525 4529 683 4583 intulissent
701 4529 843 4599 piraticam
863 4526 1023 4592 exercendo
1039 4525 1170 4595 quoniam
1183 4529 1276 4578 tamen
1293 4521 1398 4594 syndici
1412 4523 1598 4576 universitatis

355 4617 530 4688 Spalatensis
550 4617 692 4671 venientes
711 4615 746 4671 ad
766 4616 826 4670 eius
846 4614 1030 4686 praesentiam
1049 4613 1235 4683 promiserunt
1248 4611 1414 4677 solemniter,
1434 4613 1461 4664 et
1479 4615 1535 4662 tam
1549 4625 1600 4680 pro

356 4715 434 4778 parte
453 4721 550 4760 eorum
569 4719 653 4775 quam
671 4704 788 4759 aliorum
808 4703 907 4760 civium
929 4702 1018 4758 dictae
1037 4706 1108 4756 terre
1124 4700 1295 4772 juraverunt,
1313 4697 1389 4768 quod
1402 4701 1499 4754 contra
1511 4697 1600 4767 regni-
