3544 5344
376 383 415 447 10
872 408 893 448 r.
916 394 1113 464 auxnmnvro,

425 571 521 626 XXX.
545 575 579 626 A
599 573 678 624 1203.
703 571 783 624 Missi
800 569 1008 624 Jadertincrum
1031 576 1130 641 petunt
1153 588 1170 624 a
1191 571 1320 626 ReInerio
1344 571 1401 627 filio
1424 574 1504 628 ducis
1522 573 1613 629 Vane

372 661 473 714 iiarum
492 665 520 714 et
538 676 554 712 a
572 659 697 727 consilio,
715 677 766 730 pro
785 658 981 713 communitate
997 658 1184 725 Jadrensium,
1203 665 1234 714 ut
1251 659 1373 714 habeant
1389 665 1546 731 respectum
1564 661 1613 714 mi-

373 746 538 802 sericordiae
556 762 622 816 erga
639 746 710 801 illos.
729 745 894 817 Approbant
912 761 1007 800 ornnes
1026 744 1196 801 conditiones
1214 747 1291 816 pacis
1309 753 1337 802 et
1354 747 1540 818 subjectionis.

428 833 507 902 Tasci
534 839 559 888 ct
588 833 709 888 Thomas
737 833 964 896 &tundentur
990 832 1092 887 llltercr
1117 832 1254 887 Hondela·
1281 833 1341 888 aad
1367 833 1614 904 Staolapcsclticlttc

379 919 519 990 Venedips.
536 920 561 975 I.
581 923 641 974 421.
665 919 783 974 chsel:
804 917 896 974 Oodcrc
913 919 982 988 dipl.
1001 919 1110 988 Arpad.
1134 919 1181 974 VI.
1201 921 1260 972 261.

426 1051 538 1106 XXXI.
558 1053 653 1108 1110000
674 1051 779 1106 Martii
796 1068 822 1106 a.
840 1054 910 1106 1203
934 1051 1058 1105 Joannes
1078 1049 1114 1104 de
1133 1049 1289 1104 Oasammis
1312 1052 1420 1120 legatus
1445 1051 1613 1121 apostolicus

375 1140 470 1195 scribit
487 1139 617 1211 pontificI,
642 1139 717 1210 quod
735 1143 852 1193 tractato
870 1138 982 1207 negotio
1000 1138 1193 1192 Patarinorum
1210 1138 1238 1191 in
1256 1138 1350 1192 Bosna
1366 1138 1449 1193 fuerit
1467 1137 1613 1208 aliquantis

375 1227 474 1282 diebus
492 1227 520 1280 in
539 1227 671 1296 Ungaria,
696 1224 770 1281 unde
793 1231 887 1296 sperat
910 1242 973 1278 curn
997 1225 1103 1279 nunciis
1128 1224 1275 1294 bulgaricis
1299 1225 1338 1279 ire
1362 1225 1397 1280 ad
1422 1225 1614 1294 0000000010-

374 1313 530 1369 iohannem.
548 1313 593 1368 De
605 1313 699 1368 Bosna
710 1313 799 1372 refert.
813 1311 888 1381 quod
903 1311 1005 1366 ibidem
1024 1311 1121 1366 unicus
1139 1311 1315 1381 episcopatus
1328 1311 1371 1378 sit,
1390 1312 1537 1383 episcopus
1549 1327 1614 1366 vcro

375 1405 500 1455 mortuus
519 1405 568 1454 est
588 1399 660 1454 Cum
683 1399 737 1455 hoc
760 1415 875 1468 regnum
894 1399 930 1453 sit
947 1397 1074 1452 adminus
1098 1397 1234 1452 dictarum
1253 1397 1347 1452 decem
1366 1403 1393 1452 et
1411 1397 1482 1468 plus,
1501 1403 1616 1468 possent

375 1487 414 1541 ibi
432 1487 517 1542 creari
535 1493 590 1542 tres
608 1487 652 1542 vel
670 1493 790 1557 quatuor
808 1487 938 1557 episcopi,
962 1485 1134 1540 necessarius
1152 1490 1244 1540 00100]
1264 1490 1337 1539 essct
1354 1489 1382 1539 et
1400 1502 1473 1540 unus
1490 1485 1614 1540 Latinus.

431 1575 564 1628 Tbcinm
583 1575 661 1630 dioc.
680 1573 756 1628 Slav.
774 1574 870 1628 merid.
891 1576 920 1642 l,
938 1589 965 1640 p.
985 1577 1026 1626 19.

428 1705 555 1760 XXXII.
576 1705 664 1776 Apud
681 1705 831 1771 laceram,
854 1719 943 1757 meam
961 1703 1064 1771 Aprili.
1084 1707 1158 1758 1203.
1184 1703 1215 1758 B.
1234 1702 1384 1758 Flandriae
1402 1707 1430 1758 et
1449 1702 1615 1768 Hainoviae,

375 1793 567 1847 lamecensis
592 1797 619 1846 et
638 1791 873 1846 Claromontensis
897 1797 925 1844 et
946 1791 984 1844 Η.
1004 1807 1026 1844 s.
1044 1791 1124 1844 Pauli
1148 1791 1270 1856 comites,
1290 1789 1372 1845 Oddo
1390 1789 1426 1844 de
1444 1789 1572 1844 Chanliet
1589 1794 1616 1844 et

375 1880 420 1934 W.
439 1879 523 1932 frater
541 1879 602 1950 ejus
619 1877 769 1944 notificant,
789 1877 864 1948 quod
884 1893 1028 1948 supereo,
1052 1877 1127 1946 quod
1146 1877 1220 1947 apud
1237 1876 1370 1932 iaderam
1392 1875 1553 1930 incurrerint
1571 1892 1616 1929 ex-

376 1967 654 2022 communicationem
673 1965 853 2036 apostolicam
866 1965 910 2020 vel
922 1965 1054 2020 incurisse
1071 1963 1175 2029 timent,
1194 1971 1251 2017 tam
1268 1964 1322 2034 ipsi
1341 1979 1425 2032 quam
1443 1979 1616 2016 successores

377 2070 473 2108 corum
497 2052 555 2107 sedi
580 2053 748 2124 apostolicae
769 2069 800 2107 se
819 2053 949 2122 obligent,
974 2049 1049 2121 quod
1074 2049 1110 2104 ad
1134 2049 1295 2104 mandatum
1318 2050 1379 2120 ejus
1403 2049 1617 2104 satisfactionem

377 2141 514 2196 curabunt
532 2140 669 2194 exhibere.
694 2139 854 2209 Sequuntur
872 2139 943 2192 aliae
960 2137 1067 2192 litterae
1092 2153 1187 2192 eorum
1205 2135 1240 2191 ad
1259 2136 1418 2208 pontificem
1436 2142 1464 2191 et
1480 2135 1563 2190 buius
1581 2134 1616 2189 od

377 2228 440 2283 illos
457 2227 486 2282 in
504 2226 603 2282 eodem
620 2226 726 2282 merito.

435 2315 556 2370 Weasel:
577 2314 668 2369 (iodea
685 2313 753 2382 dipl.
773 2311 883 2382 Arpad.
906 2311 962 2380 VI,
977 2327 1007 2380 p.
1025 2315 1089 2380 240,
1109 2314 1170 2380 241,
1190 2313 1251 2380 242,
1270 2314 1333 2366 248.

431 2443 573 2498 XXXIII.
598 2444 841 2514 1000000,οΜ
860 2443 962 2512 Aprili.
986 2461 1012 2498 a.
1031 2446 1112 2496 1203.
1130 2440 1270 2497 Henricus
1287 2441 1419 2497 Dandulo
1437 2441 1619 2498 Venetiarum

378 2532 435 2587 dux
453 2531 561 2602 quietat
575 2531 727 2599 Rogerium
739 2531 939 2585 Maurocenum
958 2529 1134 2584 absarensem
1152 2530 1281 2584 comitem
1298 2546 1362 2584 cum
1380 2529 1437 2583 suia
1455 2528 1620 2583 haeredibus

379 2619 413 2674 de
425 2625 492 2684 toto,
509 2617 585 2688 quod
598 2617 652 2671 sibi
663 2616 729 2671 dare
741 2623 768 2670 et
780 2618 885 2672 solvere
898 2617 1041 2671 debuisset
1053 2634 1103 2687 pre
1115 2623 1206 2671 castro
1225 2616 1332 2670 Kessae
1345 2616 1496 2670 annuatim.
1509 2616 1621 2671 Testes:

379 2706 491 2760 Marcus
515 2703 656 2770 Dandulo,
681 2703 832 2770 Lellovillo,
856 2702 983 2758 Andreas
1002 2703 1147 2757 Corradus
1172 2703 1315 2773 presbyter
1339 2708 1366 2758 et
1388 2703 1513 2758 notarius
1537 2709 1621 2772 atquc

379 2793 515 2863 plebanus
533 2791 680 2857 roboravit,
698 2789 822 2845 Joannes
840 2790 986 2845 ecclessiae
1005 2809 1026 2845 s.
1046 2790 1169 2845 Silvestri
1188 2789 1331 2860 presbyter
1348 2795 1377 2844 et
1394 2795 1450 2844 not.
1469 2790 1556 2844 testis.

432 2881 550 2935 10010ος
568 2881 612 2934 Da
628 2894 712 2948 rayno
730 2879 824 2932 Dalm.
843 2883 870 2933 et
889 2877 982 2933 Croci.
1001 2879 1063 2933 Lib.
1081 2877 1142 2945 IV,
1160 2893 1221 2946 cap.
1246 2877 1325 2930 VIII.

432 3009 573 3064 XXXIV.
597 3011 632 3066 In
648 3010 749 3066 insula
767 3010 867 3080 Reqia,
890 3013 934 3064 30.
952 3009 1063 3078 Aprilis
1080 3011 1158 3062 1203.
1183 3007 1292 3062 Priores
1311 3007 1548 3076 (Bogomilorum),
1574 3007 1621 3076 qui

379 3099 512 3152 hactenus
530 3097 705 3166 singulariter
728 3096 868 3151 christiani
886 3095 1004 3149 nominis
1025 3094 1216 3166 praerogativa
1234 3093 1323 3148 vocati
1342 3099 1414 3158 sunt,
1439 3093 1466 3146 in
1485 3093 1622 3148 territorio

379 3185 489 3238 Boenae
506 3183 655 3248 constituti,
681 3183 803 3237 omnium
821 3183 887 3248 vioe,
912 3181 960 3251 qui
978 3189 1043 3236 sunt
1060 3181 1095 3235 de
1114 3197 1209 3236 eorum
1228 3181 1359 3234 societate
1383 3179 1568 3246 fraternitatis,
1593 3181 1620 3234 in

378 3269 879 3342 000000000100001000(1000000010
897 3267 1031 3338 capellani
1050 3267 1187 3338 pontificis
1203 3267 1322 3322 Romani
1339 3267 1368 3320 iu
1381 3267 1474 3320 Bosua
1492 3265 1620 3336 delegati,

380 3363 525 3428 praesente
552 3357 626 3410 bano
654 3356 754 3411 Oulino
781 3355 945 3426 promittunt
971 3361 1044 3409 stare
1071 3353 1237 3408 ordinationi
1263 3359 1291 3408 et
1317 3352 1454 3407 mandatis
1478 3353 1622 3407 Romanae

380 3444 520 3498 ecclesiae.
545 3442 749 3497 Abrenuntiant
773 3442 921 3507 schismati,
946 3446 1100 3510 agnoscunt
1124 3439 1279 3495 Romanam
1303 3440 1447 3494 ecclesiam
1466 3457 1522 3509 qua
1540 3445 1623 3510 caput

380 3547 470 3586 suum.
490 3531 523 3584 Iu
537 3528 664 3585 omnibus
679 3530 755 3596 locis,
775 3529 821 3584 ubi
834 3529 950 3583 fratrum
963 3533 1114 3584 conventus
1127 3533 1320 3592 commoratur,
1339 3526 1482 3581 habebunt
1494 3527 1622 3591 oratoria,

380 3619 409 3672 10
427 3617 556 3671 omnibus
580 3617 701 3671 ecclesiis
727 3615 824 3670 altaria
847 3621 875 3670 et
899 3631 1001 3681 cruces,
1025 3613 1110 3668 libros
1135 3614 1218 3668 etiarn
1241 3619 1299 3668 tam
1317 3613 1389 3679 novi,
1414 3629 1499 3682 quam
1523 3613 1622 3666 veteris

381 3705 538 3760 testamenti
555 3704 654 3773 legent.
674 3703 726 3757 Per
745 3702 854 3772 singula
871 3703 932 3757 loca
949 3700 1093 3756 habebunt
1111 3699 1276 3765 sacerdotes,
1295 3699 1343 3769 qui
1361 3699 1541 3754 celebrabunt
1558 3699 1623 3752 mis·

381 3809 435 3858 sas,
455 3790 568 3846 audient
589 3790 776 3846 confessiones
795 3789 960 3843 attribuent
982 3789 1186 3858 poenitentiam.
1207 3787 1361 3842 Gemeteria
1383 3785 1526 3840 habebunt
1540 3785 1624 3855 juxta

382 3879 509 3935 oratoria
528 3877 636 3948 Septies
649 3876 684 3930 de
698 3892 770 3930 anno
789 3875 924 3945 accipient
942 3891 1042 3945 corpus
1060 3873 1166 3928 domini
1183 3873 1218 3928 de
1231 3890 1316 3927 manu
1334 3871 1492 3927 sacerdotis.
1510 3872 1529 3926 J
1531 3872 1623 3941 ejunia

382 3965 577 4021 observabunt
595 3965 753 4030 Foeminae,
773 3978 844 4032 quae
857 3961 891 4016 de
904 3978 1000 4016 eorum
1018 3967 1098 4016 erunt
1115 3960 1255 4030 religione,
1274 3959 1367 4014 aviris
1386 3965 1530 4029 separatae
1544 3965 1624 4013 erunt

381 4059 439 4106 tam
456 4053 485 4106 in
502 4051 668 4106 dormitoriis
692 4065 777 4119 quam
800 4048 958 4115 refectoriis,
983 4053 1011 4102 et
1028 4048 1121 4102 nullus
1138 4047 1254 4101 fratrum
1275 4046 1350 4100 solus
1369 4063 1432 4100 cum
1451 4045 1511 4099 sola
1529 4045 1624 4100 conia·

382 4139 530 4205 bulabitur,
555 4137 630 4191 unde
648 4138 736 4208 possit
754 4136 865 4191 sinistra
883 4135 1003 4206 suspicio
1022 4133 1147 4189 suboriri.
1175 4133 1274 4204 Neque
1291 4133 1424 4203 recipIent
1442 4132 1562 4202 aliquem
1580 4131 1624 4186 vel

382 4226 504 4296 aliquam
522 4224 705 4292 coniugatam,
723 4224 777 4278 nisi
795 4229 892 4278 mutuo
907 4237 1052 4286 consensu,
1072 4221 1240 4275 continenda
1258 4218 1401 4290 promissa,
1420 4218 1503 4273 ambo
1523 4219 1624 4288 pariter

382 4311 585 4367 convertantur.
610 4311 785 4365 Festivitates
810 4315 968 4364 sanctorum
986 4307 1171 4374 celebrabunt,
1197 4313 1224 4362 et
1242 4305 1349 4360 nullum
1368 4305 1563 4359 Manichaeum
1580 4304 1624 4358 vel

383 4400 468 4454 alium
485 4398 653 4453 baeretIcum
670 4397 705 4451 ad
723 4395 907 4451 habItandum
925 4411 1019 4450 secum
1037 4394 1175 4464 recipient.
1195 4394 1232 4447 Et
1249 4393 1320 4446 sicut
1338 4396 1502 4461 separantur
1514 4390 1550 4444 ab
1562 4391 1623 4444 aliis

383 4485 570 4540 saecularibus
597 4485 653 4538 vita
679 4489 706 4538 et
732 4483 948 4548 conversatione,
976 4483 1014 4536 ita
1038 4483 1121 4536 etiam
1146 4485 1322 4535 secernentur
1349 4478 1526 4542 vestimentis,
1551 4493 1624 4546 quae

383 4573 547 4627 vestimenta
564 4579 645 4628 erunt
663 4571 764 4637 clausa,
789 4587 845 4624 non
863 4569 993 4636 colorata,
1016 4584 1103 4638 usqne
1122 4567 1156 4622 ad
1175 4567 1246 4622 talos
1265 4571 1431 4621 mensurata.
1456 4563 1625 4619 Promittunt

383 4659 467 4716 etiam
485 4659 646 4716 decaetero
665 4674 694 4714 se
712 4675 768 4713 non
786 4657 958 4724 christianos,
983 4657 1061 4711 sicut
1073 4655 1215 4722 hactenus,
1241 4653 1290 4708 sed
1314 4653 1411 4707 fratres
1435 4650 1572 4706 nominari
1589 4665 1624 4703 ne
