3488 5380
662 435 808 480 amasus.
1295 409 1360 477 263

111 605 192 661 filius
210 605 286 662 Petri
303 601 370 660 dieti
388 602 491 660 (lacon.
509 602 687 676 Lampridius
703 601 739 659 ds
756 601 858 660 Nicola
875 603 1048 658 examinator
1064 615 1179 658 manum
1195 599 1361 658 misltvu-

110 693 222 749 centius
242 707 264 747 s.
283 691 390 748 Marias
408 691 522 762 majoris
539 691 657 748 clericos
674 689 752 746 Jadr.
771 689 896 747 notarios
914 689 1032 762 scripsit.

165 777 244 850 Orio.
262 779 369 848 membr.
388 779 420 836 ia
438 795 500 836 asco
518 780 639 849 auoque
657 779 816 836 collectione
833 779 908 834 ister
924 777 1101 834 ιιιιοιῑῖαιιια
1119 775 1290 832 Dalmatica.

91 975 94 983 ,
163 917 419 976 Dcconxxxv.
437 921 517 977 1265.
535 923 578 975 17.
596 918 756 976 Februarii.
775 919 843 974 Belo
860 917 913 974 1v.
926 934 975 974 rex
993 917 1124 984 noctur,
1138 915 1213 987 quod
1227 915 1362 972 medens

108 1005 149 1062 ad
160 1007 221 1062 eins
231 1007 416 1078 praesentiam
430 1005 556 1062 Zobualo
568 1005 718 1075 (Sebislav)
730 1005 766 1062 de
779 1003 845 1060 ville
857 1004 976 1060 Chicher
988 1003 1164 1078 supplicarit,
1177 1010 1209 1060 ut
1221 1003 1362 1074 quandam

110 1093 280 1166 particulam
298 1099 387 1149 terrae
405 1093 531 1150 dotem
549 1093 668 1150 Ohicher
695 1093 825 1160 excisam,
851 1092 911 1148 sine
934 1090 1053 1146 haerede
1078 1089 1173 1146 Mikae
1191 1089 1361 1159 decedentis,

111 1179 234 1252 proximi
252 1181 358 1236 scilicet
375 1180 428 1248 sni,
446 1197 463 1237 a
481 1197 538 1252 quo
556 1179 682 1246 medem,
702 1179 854 1236 secundum
880 1180 958 1250 regni
984 1177 1215 1241 consuetudinem
1232 1177 1268 1234 ad
1288 1193 1318 1234 se
1336 1183 1364 1234 et

109 1283 180 1324 snos
190 1268 333 1339 proximos
345 1267 504 1324 devolutam
517 1269 575 1326 lore
587 1269 714 1334 assernit,
727 1267 780 1322 sihi
793 1265 957 1322 confirmare
968 1266 1138 1336 dignaretur.
1156 1265 1249 1335 Quam
1261 1271 1362 1322 terrem

109 1371 178 1410 cum
195 1355 282 1428 sylvis
299 1355 386 1426 pratis
404 1361 433 1410 et
449 1352 534 1410 fluvio
552 1354 671 1410 Latona
689 1355 755 1412 olim
775 1353 946 1411 Colomanus
964 1370 1014 1410 rex
1032 1353 1152 1410 condam
1163 1351 1288 1410 Johanai
1301 1351 1361 1408 Fri·

109 1442 189 1500 dn'ae
206 1441 349 1498 Prurentia
367 1441 402 1512 (i)
420 1441 525 1498 scilicet
552 1441 690 1511 andus,
717 1442 822 1498 Frenta
839 1441 913 1509 dicti,
943 1457 1048 1512 proavo
1070 1439 1137 1506 dieti
1162 1439 1288 1496 Znhoaio
1312 1439 1361 1496 do·

109 1529 197 1588 navit
215 1530 279 1586 Rex
295 1531 380 1600 igitur
399 1531 526 1604 petitioni
544 1545 712 1586 consensum
724 1529 869 1602 praebens,
885 1528 988 1584 dictam
1006 1533 1108 1586 terram
1126 1527 1219 1584 eidem
1236 1527 1362 1584 Zuhuxlo

111 1621 142 1673 et
162 1633 211 1688 per
229 1632 294 1672 eum
312 1617 473 1686 Laurentio,
491 1617 598 1674 Simoni
616 1621 645 1672 et
662 1617 794 1672 Lorando
818 1617 953 1688 proximis
978 1617 1036 1672 suis
1054 1615 1135 1672 duxit
1152 1615 1188 1672 de
1205 1631 1279 1672 novo
1297 1631 1363 1672 oon·

110 1703 265 1760 ferendam
282 1703 421 1760 —Dedit
438 1707 531 1776 itaque
556 1703 693 1775 Gregorio
715 1705 810 1764 comiti
834 1704 870 1760 de
892 1703 977 1776 Ungh
1002 1705 1101 1774 (Ugra)
1124 1704 1153 1760 in
1174 1703 1313 1760 mandatis
1331 1710 1363 1760 nt

112 1791 270 1866 praefatam
291 1798 392 1848 terram
415 1791 547 1864 praelatis
570 1797 712 1861 statueret,
738 1797 767 1848 et
793 1791 910 1848 eandem
933 1791 1126 1849 reamhularet
1157 1791 1246 1864 Cujus
1273 1795 1362 1848 terrae

113 1879 207 1952 prims
225 1885 300 1936 meta
317 1880 415 1952 incipit
432 1897 450 1936 e
468 1880 666 1952 septemtrione
683 1881 761 1936 iuxta
776 1895 879 1952 equam
891 1879 1071 1936 Vincetresao
1084 1881 1118 1948 tl)
1132 1883 1161 1936 et
1172 1880 1258 1936 currit
1269 1877 1305 1935 ad
1318 1895 1362 1936 cs·

115 1981 218 2023 cumen
237 1968 339 2022 montis
366 1967 439 2039 hegy
457 1967 546 2036 Fau,
565 1967 628 2024 inde
651 1967 687 2023 ad
713 1967 856 2024 meridiem
880 1967 916 2024 ad
941 1968 1033 2024 iocum
1056 1967 1149 2022 Matre
1171 1965 1269 2026 notra
1291 1965 1362 2022 Inde

112 2054 299 2126 perlongum
323 2054 445 2128 spatium
464 2053 500 2110 ad
518 2055 653 2126 angulum
678 2055 773 2126 sylvae
790 2070 864 2126 quae
887 2060 1002 2111 vocatur
1027 2053 1120 2110 Labor
1145 2053 1201 2124 hag
1225 2061 1254 2110 ct
1277 2053 1362 2110 currit

109 2141 148 2197 ed
167 2157 269 2213 squam
287 2142 391 2198 hiertin
411 2142 523 2214 paura
541 2141 665 2198 Indead
684 2143 777 2200 locum
795 2141 843 2198 nbi
862 2143 967 2198 rivulus
987 2141 1126 2198 (lhraathe
1137 2140 1300 2212 triplicatur.
1315 2139 1362 2196 ab

107 2229 177 2285 hinc
203 2245 293 2300 usqne
311 2228 346 2285 ad
365 2233 494 2300 stagnum
520 2229 603 2300 mally
622 2231 709 2298 (mali)
728 2229 845 2286 Mochar
862 2229 898 2286 ed
917 2227 993 2300 quod
1018 2244 1093 2300 aqua
1117 2227 1214 2295 defluit
1236 2232 1362 2298 tempore

111 2316 305 2372 inundationis
323 2315 358 2372 de
376 2317 488 2372 anxne
505 2317 635 2388 turinaye
653 2333 739 2388 supra
757 2315 899 2388 quoddam
917 2315 1053 2372 fossatum
1071 2317 1150 2372 iuxta
1164 2316 1253 2387 ripsm
1273 2324 1363 2385 aquae

108 2405 240 2473 Latona,
257 2403 359 2460 ebhinc
377 2403 520 2474 usquead
538 2408 626 2460 terras
644 2404 693 2460 Bis
710 2409 739 2460 et
756 2403 796 2460 sic
815 2403 985 2460 terminetur.

165 2489 267 2559 Μαι
286 2492 350 2547 cod.
369 2491 438 2561 dipl.
459 2492 489 2547 T.
509 2490 558 2546 IV.
576 2492 629 2548 ool.
650 2494 699 2546 ΠΙ.
716 2507 746 2562 p.
765 2495 827 2548 267.

165 2631 432 2689 Dcccuxxxvl.
451 2633 593 2690 venetiis
619 2637 694 2690 1265.
714 2636 758 2688 20.
777 2634 938 2690 Februarii.
964 2633 1133 2705 (lapidescit
1155 2647 1219 2704 pere
1244 2631 1272 2686 in
1296 2647 1360 2687 con·

108 2720 174 2775 silio
192 2719 290 2776 maiori
309 2719 384 2792 quod
402 2725 530 2776 teneatur
547 2726 620 2776 terre
638 2721 754 2778 Almcsil
779 2720 933 2776 secundum
954 2721 1033 2776 ilium
1053 2719 1167 2776 modum
1189 2725 1217 2775 at
1234 2718 1359 2776 ordinem

109 2807 161 2880 qui
179 2806 318 2862 ridebitur
335 2807 362 2862 d
380 2807 453 2864 Daci
471 2813 499 2864 et
517 2808 690 2880 sapientibus
708 2808 867 2864 hominihus
885 2807 920 2862 de
937 2807 1064 2864 coneilio.

164 2893 281 2961 Idultt‘l:
298 2896 373 2952 Most.
392 2897 415 2951 1.
433 2898 493 2949 ico.

164 3032 449 3091 Dcocuxxxvn.
468 3034 561 3092 zeiin.
580 3039 658 3091 12⁶5.
679 3039 721 3089 28.
742 3035 824 3091 Febr.
843 3034 989 3092 Rolandus
1008 3033 1099 3088 banus
1113 3035 1199 3090 totius
1212 3033 1360 3089 Slavonies

109 3122 242 3188 declaret,
261 3121 338 3194 quod
357 3122 509 3178 Miroalaus
528 3123 602 3178 iilius
626 3123 760 3194 Stephani
779 3123 933 3194 degenere
955 3121 1056 3190 Endre,
1079 3137 1218 3177 unacum
1241 3119 1360 3192 Mykula

6 3201 8 3212 '
109 3209 171 3264 filio
193 3207 313 3277 Nicolei,
333 3209 428 3264 uitus
446 3215 474 3265 et
491 3209 636 3281 Stephano
659 3210 792 3266 iratribus
817 3208 941 3265 eiusdem
966 3209 1112 3282 petierunt,
1131 3215 1163 3264 nt
1181 3207 1287 3264 litteras
1305 3208 1359 3279 pri·

111 3296 257 3368 vuegiues
274 3296 390 3368 capituli
408 3297 489 3370 Zagr.
512 3313 597 3369 snper
620 3297 732 3354 vendita
759 3302 831 3352 terra
858 3297 893 3352 25
920 3301 1111 3352 reretenornm
1139 3295 1279 3352 coniectas
1305 3295 1360 3368 ipsi

110 3383 248 3440 Miroxlao
267 3385 450 3455 confirmaret,
469 3401 588 3456 quorum
605 3385 801 3458 supplicationi
824 3385 937 3440 Lucach
955 3389 983 3440 et
1000 3384 1099 3440 fratres
1118 3384 1170 3452 sui,
1188 3382 1238 3438 filii
1257 3383 1359 3452 Eudre,

109 3468 233 3542 Goryna,
251 3471 402 3528 Ledialaus
421 3472 495 3527 filius
513 3473 664 3544 Gemayna,
684 3471 912 3544 Stepko‚Preda,
924 3471 1022 3528 Radus
1040 3472 1114 3527 filine
1133 3469 1255 3542 Georgii,
1274 3470 1359 3539 Borh,

111 3559 230 3614 Zlarina
247 3574 280 3614 ac
298 3560 399 3615 caeteri
414 3559 582 3630 jobagiones
600 3561 683 3616 casui
701 3559 898 3630 Zagrabiensis
921 3575 984 3616 cum
1004 3560 1062 3614 suis
1081 3559 1215 3636 proximis
1234 3563 1262 3614 et
1278 3574 1360 3630 gene-

109 3646 227 3713 ratione,
254 3645 335 3700 vicini
363 3651 392 3702 et
418 3649 616 3714 commetenei,
644 3652 804 3719 praesentes
832 3648 946 3718 plenum
972 3662 1140 3724 consensum
1165 3645 1360 3718 praebuerunt

110 3733 204 3789 Tener
222 3737 315 3789 eutem
333 3733 486 3790 litterarum
505 3735 619 3806 oepitnli
637 3735 700 3804 fuit,
719 3733 794 3805 qnod
814 3735 928 3806 Mycale
939 3734 1013 3790 filius
1026 3733 1290 3802 Nicolai,hiiroxlao
1302 3733 1360 3790 filio

112 3819 248 3892 Stephani
267 3819 302 3875 de
319 3837 421 3892 genere
440 3821 544 3894 Endre,
562 3827 663 3878 terrem
682 3838 762 3878 auem
780 3823 808 3876 in
828 3821 958 3880 Herchcn
977 3823 1191 3894 contingentem,
1209 3820 1245 3877 ad
1262 3821 1371 3892 viginti·

8 3947 9 3954 ι
113 3909 237 3980 quinque
265 3915 409 3966 vereteuos
437 3911 519 3965 sitem
542 3911 621 3966 iuxta
639 3910 733 3981 Scyne
755 3909 878 3966 miskam
901 3926 952 3982 pro
978 3911 1012 3966 25
1038 3911 1131 3982 pensis
1155 3908 1309 3966 vendiderit
1331 3909 1360 3963 in

111 4001 288 4068 perpetuum.
306 3997 360 4054 Per
377 4013 478 4052 manus
496 3998 620 4068 magistri
643 3998 788 4054 Michaelis
806 3997 927 4054 lectoris.

163 4103 211 4156 Ec
228 4102 300 4158 actis
321 4117 373 4172 per
397 4101 501 4160 honam
519 4103 799 4176 KltueeuHedmdry
819 4118 853 4160 ea
869 4105 949 4174 repsi
970 4103 1083 4162 arctico
1101 4102 1211 4159 oblatu.
1224 4102 1262 4159 N.
1274 4101 1311 4158 R.
1323 4102 1360 4157 Δ.

110 4191 192 4246 Fato.
211 4192 270 4244 1³6.
288 4191 322 4244 N.
341 4193 384 4246 21.

162 4345 467 4404 DOOOLXXXVIII.
489 4353 565 4407 1265.
594 4355 618 4404 6.
643 4351 755 4406 Martii.
781 4348 967 4421 Temporibus
985 4386 991 4401 .
1006 4389 1012 4404 .
1026 4389 1032 4404 .
1047 4389 1053 4403 .
1071 4347 1152 4404 dacis
1170 4345 1360 4414 venetiarum,

110 4433 237 4507 magistri
253 4435 397 4491 Laurentii
416 4436 617 4509 archiepiscopi
635 4437 781 4494 ledrensis
800 4443 828 4492 et
845 4437 960 4492 Antonii
979 4435 1138 4506 Superentii
1150 4435 1266 4502 comitis,
1279 4434 1360 4488 Bona

111 4523 208 4580 relicte
226 4523 368 4594 quondam
390 4523 530 4594 Pelegrini
554 4526 590 4581 de
614 4525 767 4596 Dragogne
789 4541 854 4582 eum
878 4525 936 4578 suis
959 4521 1134 4590 haeredibus,
1158 4521 1193 4578 de
1217 4521 1360 4578 voluntate

113 4626 181 4666 suae
198 4610 295 4666 metris
314 4611 428 4680 Roseae,
447 4611 542 4668 vendit
560 4613 678 4668 Nicolao
697 4613 732 4668 de
751 4612 892 4670 Mataiaro
911 4609 1053 4681 quoddam
1071 4615 1211 4666 umanum
1229 4624 1312 4664 sunm
1330 4611 1359 4664 in

113 4698 235 4753 confinio
260 4695 431 4754 Gomellicae
458 4716 510 4770 pro
539 4700 571 4755 12
597 4699 675 4756 libris
701 4700 867 4756 ducatorum
894 4703 1057 4756 venetorum
1084 4713 1239 4769 parvorum.
1261 4695 1358 4754 Testes
