3544 5344
356 260 399 325 24
852 281 873 323 r.
896 267 1093 334 autumnum,

301 491 303 498 .
354 449 405 505 ubi
422 453 541 504 metetur
559 465 622 502 cum
640 454 712 502 terra
728 447 861 504 eccleciae
884 447 1070 517 aegrabieneia
1094 451 1122 501 et
1138 446 1306 514 vertitnrad
1324 448 1415 502 locum
1433 445 1508 514 Oula,
1526 447 1590 502 inde

238 554 243 562 ·
356 537 392 592 ad
409 537 512 604 rivum;
530 535 595 591 inde
612 535 648 590 ad
665 536 809 592 ecclesiam
827 536 951 591 omnium
969 540 1134 602 sanctorum,
1153 534 1217 589 inde
1235 534 1270 589 ad
1283 535 1372 589 rivum
1385 533 1514 602 Stnd'enz,
1527 535 1591 591 iude

356 623 392 680 ad
411 623 526 690 Savam3
549 622 586 678 ab
613 623 728 678 ecclesia
751 639 794 678 ue.
818 638 853 677 aa.
878 621 976 678 dividit
993 622 1141 678 Wratiaiav
1158 626 1259 677 terram
1277 637 1365 688 auam,
1383 639 1469 694 quam
1485 622 1591 694 absque

208 687 217 698 ’
277 739 305 797 ¹.
332 717 340 771 ζ
355 709 565 788 cenamgvineu
592 709 723 781 pceaidet
750 709 794 764 Ibi
820 711 903 765 etiam
929 709 1014 764 habat
1040 708 1184 780 praedium
1210 727 1261 780 pro
1288 725 1326 776 ae,
1351 709 1399 766 ubi
1417 714 1460 764 eat
1477 709 1592 766 ecdeaia

261 799 275 838 '=
356 798 385 855 S.
405 797 530 864 Muttinis
543 797 623 869 cujm
641 796 746 868 praedii
771 803 846 852 meta
871 797 967 868 incipit
992 815 1009 852 a
1036 795 1117 865 Sava,
1140 801 1168 852 ct
1191 795 1280 852 tendit
1298 813 1386 868 neque
1407 797 1443 852 ad
1461 796 1590 868 Orapina,

352 885 455 940 deinde
473 884 509 940 ad
527 883 643 956 Gypku5
667 884 731 940 inde
754 883 791 939 ad
814 884 942 939 verticem
965 883 1067 938 mentia
1094 883 1229 940 Zelemen.
1254 883 1363 940 Praedii
1387 885 1525 952 Polouiaa,
1543 885 1591 942 ubi

356 971 513 1048 Vratiaiaua
530 988 627 1031 cumea,
640 971 796 1026 aedificavit
818 971 961 1026 ecclesiam
979 987 1001 1025 c.
1020 971 1135 1038 Nimim,
1154 973 1243 1042 prima
1259 978 1333 1028 meta
1350 979 1393 1028 eat
1410 988 1505 1028 veraua
1524 972 1591 1028 ccci·

356 1059 467 1114 dantem
485 1076 558 1130 aqua
576 1058 704 1130 Orupina,
728 1057 793 1113 inde
816 1058 852 1114 ad
876 1059 965 1113 rivum
987 1057 1049 1113 Ded
1068 1057 1180 1129 potuim,
1204 1059 1252 1130 qui
1274 1059 1418 1114 deseendit
1439 1057 1476 1114 de
1499 1065 1591 1115 munte

356 1147 422 1203 Urai
436 1145 586 1214 (Medvad),
605 1146 654 1201 ubi
671 1145 803 1201 dividitur
820 1163 837 1201 a
855 1151 929 1201 terra
946 1145 1061 1200 fratrum
1073 1163 1194 1201 auorum.
1207 1146 1305 1201 Frater
1316 1147 1401 1202 Petua
1419 1146 1504 1202 babet
1515 1163 1592 1218 prae·

356 1235 433 1290 dium
450 1233 561 1290 nomiae
578 1234 703 1289 Lubenic
720 1233 791 1288 inira
808 1239 897 1288 metae
915 1250 936 1288 a.
955 1232 1075 1300 Nicolai3
1093 1233 1231 1288 chucba
1243 1249 1307 1288 vero
1320 1239 1348 1288 et
1359 1233 1481 1288 Berialav
1494 1233 1593 1290 fratrea

356 1321 464 1378 comitia
482 1321 586 1377 habent
603 1321 746 1393 praedium
770 1321 868 1390 Biatra,
892 1321 972 1392 cnjua
996 1327 1070 1376 meta
1093 1321 1189 1391 incipit
1212 1337 1297 1392 penae
1315 1321 1437 1391 Orapina
1455 1327 1483 1376 et
1505 1319 1595 1376 tendit

357 1425 445 1480 unque
463 1409 499 1464 ad
516 1409 605 1464 rivum
621 1409 642 1464 J
642 1426 733 1477 erana,
751 1408 815 1464 iude
834 1409 956 1464 aseendit
973 1409 1009 1464 ad
1021 1413 1143 1464 montem
1155 1409 1227 1464 Ursi.
1240 1408 1396 1463 Vratialaua
1408 1408 1493 1463 habet
1511 1409 1594 1463 etiam

357 1497 500 1572 praedium
517 1498 596 1552 iuxta
614 1497 735 1568 Orapina
751 1497 862 1552 uomina
880 1497 1004 1564 chemin,
1023 1497 1101 1552 cuim
1113 1501 1186 1551 meta
1199 1501 1241 1551 eat
1252 1495 1330 1550 iuxta
1348 1513 1450 1567 aquam
1461 1503 1489 1551 et
1506 1497 1595 1552 tendit

358 1584 393 1640 ad
411 1586 499 1640 rivum
517 1584 635 1651 Kamna,
653 1583 765 1640 indeed
777 1601 907 1654 magnam
919 1585 999 1650 viam,
1015 1601 1087 1655 quae
1099 1584 1173 1639 venit
1183 1583 1220 1639 de
1232 1583 1321 1640 calida
1338 1600 1418 1654 aqua,
1431 1589 1459 1638 ct
1470 1583 1546 1640 radit
1558 1583 1594 1639 ad

357 1671 512 1728 Pritiakam.
527 1670 612 1726 Aliud
621 1669 765 1741 praedium
773 1669 905 1726 Vratielai
915 1671 1037 1737 Ztubiza,
1056 1671 1104 1725 ubi
1113 1671 1266 1727 aedificavit
1282 1672 1425 1726 ecclesiam
1437 1687 1459 1726 a.
1471 1670 1593 1741 Georgii,

357 1759 435 1814 cuiue
447 1763 530 1824 meta,
542 1774 627 1828 quam
639 1756 759 1812 ostendit
770 1759 901 1812 metariur
913 1757 1028 1813 Neadiat
1040 1757 1180 1829 pristaldo,
1193 1759 1289 1830 incipit
1300 1758 1336 1813 ad
1348 1758 1475 1814 arborem
1487 1758 1593 1826 abietis,

357 1851 386 1901 et
394 1843 612 1900 vaditadrivum
621 1842 863 1910 Gladnik;deinde
872 1844 908 1898 ad
917 1844 1379 1916 Toplizu;indeudmcntem;inde
1387 1851 1461 1900 meta
1470 1845 1593 1912 arborea,

357 1948 442 2002 quam
460 1930 581 1986 ostendit
598 1931 728 1986 meterius
746 1930 825 1998 Niak,
844 1937 871 1986 et
888 1932 943 1986 ulia
960 1949 1045 2002 quam
1056 1933 1219 1988 monstravit
1230 1932 1355 2004 Nomcy;
1367 1931 1431 1987 inde
1443 1931 1479 1986 ad
1491 1939 1594 1988 metam

358 2017 483 2084 Martium
501 2016 618 2072 indeed
642 2017 735 2072 locum
757 2017 858 2085 Holm3
882 2017 947 2073 iude
970 2017 1004 2072 ad
1030 2035 1160 2088 magnam
1183 2020 1263 2086 viam,
1288 2035 1360 2088 quae
1382 2018 1483 2074 dicitur
1500 2019 1593 2075 Torda

358 2103 457 2174 (tarda)
475 2105 527 2172 via,
545 2103 610 2159 inde
628 2103 663 2159 ad
681 2109 767 2176 caput
784 2105 834 2160 rivi
852 2105 983 2172 Caesium
1001 2105 1065 2160 iude
1083 2104 1118 2160 ad
1136 2107 1229 2162 locum
1241 2107 1365 2172 Planina,
1378 2106 1442 2162 inde
1455 2105 1491 2161 ad
1502 2107 1594 2162 lecum

358 2191 480 2246 Dubiza:
498 2190 599 2246 abhinc
616 2190 652 2246 ad
670 2197 754 2262 caput
771 2191 872 2258 Vidub
891 2197 919 2246 et
936 2193 1079 2247 revertitur
1097 2191 1133 2248 ad
1152 2193 1269 2264 primam
1290 2199 1400 2248 metam.
1419 2193 1502 2248 Aliud
1517 2211 1594 2264 prae-

357 2279 435 2334 dium
458 2278 588 2334 Bieuieaa
611 2277 695 2333 habet
718 2278 883 2345 Vratislaua,
907 2279 987 2349 cujus
1011 2285 1098 2334 metae
1123 2282 1285 2335 monstrarit
1308 2280 1407 2347 Petku,
1432 2281 1528 2352 incipit
1546 2280 1594 2336 ubi

358 2366 505 2422 Sitcmeria
529 2365 603 2422 cadit
627 2365 656 2420 in
679 2365 842 2436 Crapinam3
866 2365 930 2421 iude
953 2367 1031 2421 iuxta
1055 2383 1156 2437 aquam
1180 2367 1216 2422 ad
1241 2369 1329 2422 rivum
1350 2367 1457 2434 Zdeed;
1475 2368 1540 2422 inde
1558 2367 1593 2422 ad

357 2455 450 2508 locum
468 2451 547 2518 (llam
565 2451 666 2506 abhinc
683 2451 718 2506 ad
737 2451 910 2518 Glcboueca3
928 2458 956 2508 et
978 2469 1028 2524 per
1045 2461 1174 2521 montem,
1201 2455 1295 2510 vineae
1314 2461 1341 2510 et
1358 2461 1445 2510 metae
1464 2455 1593 2510 arboreae

359 2539 482 2596 recendit
499 2539 534 2594 ad
558 2555 687 2609 magnam
710 2539 791 2606 dam,
816 2538 915 2595 deiude
942 2540 1018 2596 vadit
1042 2541 1203 2612 Bystriaam,
1222 2541 1269 2597 ubi
1287 2549 1330 2598 eet
1346 2559 1448 2612 magna
1466 2549 1547 2609 meta,
1567 2547 1595 2597 et

358 2628 494 2684 trendens
512 2643 614 2696 aquam
631 2625 668 2680 ad
686 2626 794 2681 vineam
811 2633 839 2681 et
862 2632 946 2698 caput
963 2628 1013 2683 rivi
1037 2628 1072 2684 ad
1090 2645 1222 2684 cacumen
1240 2630 1349 2696 mentia,
1367 2629 1467 2686 deinde
1485 2631 1594 2684 reverti·

358 2721 403 2771 tur
421 2713 457 2769 ad
475 2713 590 2769 domum
607 2713 732 2780 Marb'ui;
756 2712 832 2768 vadit
855 2713 891 2768 ad
917 2721 1002 2787 caput
1024 2717 1074 2772 rivi
1097 2717 1232 2784 Lubenik,
1256 2723 1283 2771 ct
1306 2717 1354 2772 ubi
1378 2717 1451 2772 idem
1475 2717 1548 2772 cadit
1565 2718 1594 2772 in

359 2802 444 2858 alium
461 2801 556 2868 rivum,
575 2799 651 2856 vadit
668 2799 704 2856 ad
721 2801 815 2856 locum
833 2801 923 2868 Gaiae,
941 2801 1023 2858 etad
1041 2803 1132 2860 locum
1144 2803 1193 2860 ubi
1211 2805 1285 2860 rivus
1303 2804 1377 2860 cadit
1394 2805 1422 2860 in
1435 2805 1592 2876 Orapiuam.

359 2889 462 2944 Ousina
479 2893 572 2944 autem
590 2887 673 2943 frater
698 2888 831 2944 Vratialai
854 2887 938 2944 habet
961 2895 1062 2944 terram
1085 2895 1113 2946 ct
1136 2891 1278 2962 praedium
1296 2893 1394 2948 Pihina
1411 2893 1438 2946 in
1457 2893 1527 2959 loco,
1546 2892 1593 2946 ubi

359 2977 448 3034 diebu
467 2977 541 3032 rivus
567 2976 641 3034 eadit
667 2976 695 3030 in
723 2975 851 3048 Crapina‚
879 2993 963 3047 quam
989 2982 1091 3032 metam
1114 2981 1275 3036 monstravit
1293 2981 1402 3050 Nernog
1420 2985 1448 3034 et
1465 2979 1541 3034 vadit
1558 2978 1593 3033 ad

358 3065 451 3120 locum
468 3065 560 3135 Zavej,
580 3069 607 3118 et
625 3080 675 3136 per
697 3063 787 3118 variae
811 3069 899 3119 metae
922 3063 958 3118 ad
982 3081 1083 3133 aquam
1107 3065 1234 3134 Picbina;
1258 3066 1322 3122 inde
1345 3067 1380 3121 ad
1398 3071 1528 3132 montem,
1547 3065 1595 3120 ubi

358 3153 532 3222 coniungitur
550 3151 629 3206 metis
654 3150 795 3220 Vratielai‚
821 3168 938 3222 quanam
962 3151 1014 3206 fuit
1037 3153 1168 3208 metariua
1193 3153 1308 3226 Ouplen.
1336 3154 1493 3208 Vratialaue
1511 3152 1595 3208 habet

359 3256 470 3312 quoque
488 3238 632 3310 praedium
650 3237 801 3305 Horreum,
820 3239 899 3310 cujus
923 3243 997 3293 meta
1014 3239 1109 3311 incipit
1127 3240 1162 3295 ad
1187 3241 1275 3296 rivum
1293 3241 1398 3306 Zelnik,
1417 3257 1501 3310 quam
1518 3257 1595 3294 mon·

359 3327 455 3382 stravit
472 3326 559 3397 Boyla
577 3325 716 3392 meterius,
735 3333 763 3380 et
780 3325 855 3380 vadit
878 3325 914 3381 ad
936 3333 1021 3397 caput
1039 3327 1143 3394 Zelnilr,
1163 3328 1210 3382 ubi
1228 3327 1280 3382 fuit
1303 3328 1433 3382 metariua
1455 3326 1594 3393 Gerizlav;

359 3421 387 3470 et
413 3429 496 3485 perro
524 3411 654 3468 arboreae
680 3418 777 3480 metae,
805 3431 923 3484 quarum
949 3415 1080 3469 meterius
1107 3415 1159 3469 suit
1189 3415 1313 3482 Bularin,
1342 3415 1417 3470 vadit
1443 3413 1478 3468 ad
1506 3413 1595 3468 rivum

358 3501 500 3557 Lucilnica
524 3499 559 3554 ad
586 3505 688 3554 metam
711 3499 811 3556 domae
836 3500 934 3556 (iriam
958 3507 986 3556 et
1008 3501 1083 3556 cedit
1105 3503 1133 3556 in
1158 3501 1314 3574 Orapinam.
1339 3501 1423 3556 Aliud
1451 3500 1595 3572 praedium

358 3587 490 3644 Vratiaiai
517 3587 651 3642 Pleaiviza
676 3587 772 3658 incipit
797 3587 833 3642 ad
860 3593 945 3660 caput
970 3589 1097 3657 ἄποτοι,
1125 3595 1152 3645 et
1178 3589 1266 3645 tendit
1292 3588 1327 3644 ad
1355 3589 1467 3661 Lipova‚
1494 3587 1594 3643 deinde

359 3675 395 3731 ad
421 3676 530 3730 Drcnea
556 3680 584 3730 et
610 3673 645 3729 ad
672 3671 757 3745 caput
783 3675 910 3746 Brigana,
929 3681 957 3731 et
974 3677 1117 3732 revertitur
1135 3677 1170 3732 ad
1189 3678 1313 3748 primam.
1341 3677 1437 3732 Habet
1453 3677 1594 3732 Vratialav

359 3769 387 3818 et
410 3761 553 3833 praedium
577 3762 747 3832 Horouguza
770 3763 840 3817 inter
865 3764 967 3819 Zavam
994 3769 1022 3818 et
1048 3764 1171 3830 Cherub,
1199 3763 1274 3834 quod
1301 3771 1344 3819 eat
1370 3781 1516 3820 commune
1542 3763 1595 3818 ira-

359 3849 459 3916 tribua,
492 3849 571 3919 eujus
605 3853 679 3903 meta
708 3849 804 3920 incipit
834 3849 907 3921 apud
938 3851 1059 3918 Drance,
1089 3851 1219 3906 metariua
1249 3849 1302 3904 fuit
1331 3851 1435 3918 Barim,
1465 3852 1529 3907 inde
1559 3851 1593 3906 ud

359 3937 469 3992 Zavam.
488 3935 599 3990 Vranea
622 3936 705 3990 etiam
729 3941 863 4006 cognatus
889 3937 1046 4006 W(ratialai)
1071 3943 1113 3992 eat
1134 3938 1271 4008 particeps
1293 3939 1405 4009 praedii,
1423 3939 1512 3994 Tema
1530 3955 1594 3992 vero

359 4029 387 4079 et
413 4025 511 4078 Petrus
535 4023 635 4078 fratrea
659 4023 798 4078 Wratialai
822 4022 926 4078 habent
950 4023 1094 4094 praedium
1118 4023 1206 4092 otei,
1228 4027 1359 4081 metarina
1384 4026 1497 4092 Zebda,
1522 4029 1594 4079 meta

359 4109 434 4164 vadit
452 4108 487 4164 ad
505 4110 594 4164 rivum
611 4109 715 4176 Bintua,
734 4109 798 4164 iude
816 4107 851 4164 ad
869 4110 957 4164 rivum
975 4111 1075 4177 Piuiaa‚
1094 4109 1157 4165 inde
1175 4110 1210 4166 ud
1229 4113 1349 4168 Mlacam
1366 4119 1394 4168 et
1411 4112 1520 4167 Savum.
1539 4125 1594 4162 me·

359 4197 445 4252 tariua
459 4197 564 4252 Griaan.
582 4196 689 4252 Troceil
708 4197 792 4251 irater
811 4197 949 4252 Wratialai
967 4196 1051 4252 babet
1068 4197 1211 4268 praedium
1229 4199 1370 4255 Orehcvez
1388 4199 1465 4252 iuxta
1482 4197 1593 4251 Savum.

361 4283 519 4355 Stephanus
542 4284 627 4340 habet
650 4283 794 4356 praedium
818 4285 941 4351 Poiatna,
972 4285 1078 4340 metarii
1102 4292 1167 4340 aunt
1190 4287 1284 4354 Ureec,
1303 4285 1424 4342 Beriaim
1442 4291 1470 4340 et
1487 4281 1593 4338 Poedia.

360 4371 489 4427 Strizmer
516 4371 600 4427 habet
627 4371 771 4444 praedium
794 4373 913 4443 Lipouz;
942 4373 1072 4426 metariua
1096 4371 1246 4440 Martinus,
1271 4373 1393 4428 Berialav
1424 4377 1452 4426 et
1478 4372 1592 4440 Draacy.

360 4457 465 4512 Datum
483 4475 532 4531 per
550 4475 649 4514 manua
666 4459 789 4516 Themae
813 4477 837 4514 v.
861 4459 1022 4516 cancellarii.
1047 4458 1196 4514 Bertboido
1213 4460 1349 4515 colocensi
1371 4457 1464 4513 eiecto.
1489 4457 1594 4512 Gaiano
