3488 5380
675 316 823 393 nuensvsf
1305 329 1368 394 219

178 513 398 570 cccxxxiv.
416 518 493 570 1257.
512 519 554 569 30.
573 515 684 570 Martii.
704 515 771 570 Bela
793 513 845 570 IV.
867 531 916 570 rex
935 519 1032 570 notum
1051 515 1124 583 iacit,
1143 515 1218 584 quud
1238 517 1371 586 magister

126 603 229 658 Petrus
249 602 459 658 archidiaconus
478 602 672 672 Zagrabiensis
691 603 859 674 supplicavit
876 609 908 658 ut
925 603 1103 658 donationem
1130 621 1215 674 quam
1238 604 1371 660 ecelesiae

125 691 160 746 B.
179 691 220 744 M.
238 688 362 760 Virginis
388 690 416 743 in
442 690 534 744 insula
552 688 644 759 Egidii
669 690 697 743 in
722 706 779 759 qua
803 689 966 746 fundaverat
990 689 1064 745 idem
1087 689 1205 760 Egidius
1227 691 1372 746 ecclesiam

125 777 155 834 S.
174 776 283 844 Jacobi,
302 777 392 830 facere
411 774 579 842 intendebat
598 776 626 829 in
646 791 703 845 qua
726 776 808 830 etiam
827 776 926 832 iratres
949 777 1140 832 cisterciensis
1159 777 1263 833 ordinis
1288 779 1372 835 collo·

126 866 201 921 cavit
221 880 272 920 suc
291 863 452 933 dignaretur
470 863 614 935 privilegio
639 863 810 919 confirmare.
828 863 889 918 Rex
908 865 1046 919 commisit
1064 864 1235 934 inquisitioni
1253 871 1281 920 et
1299 865 1372 920 ordi·

125 951 233 1007 dationi
252 951 388 1024 Stephani
406 951 474 1004 bani
491 951 577 1005 totius
596 949 753 1018 Simonias,
778 956 809 1005 ιιι
833 949 906 1005 idem
930 949 996 1006 facti
1021 951 1119 1005 seriem
1142 951 1201 1020 regi
1224 951 1371 1007 intimaret.

126 1039 183 1106 Qui
204 1038 295 1094 eidem
312 1038 461 1109 rescripsit,
486 1037 562 1107 qnod
580 1039 640 1109 ipse
659 1054 707 1092 rex
725 1038 880 1094 contulerat
904 1037 1037 1092 fratribus
1061 1037 1243 1093 cisterciensis
1266 1038 1371 1094 ordinis

124 1133 226 1182 terram
246 1125 328 1180 unius
347 1125 430 1180 aratri
448 1125 476 1178 in
496 1124 587 1180 insula
606 1123 752 1191 antedicta,
778 1125 806 1178 in
831 1141 887 1194 qua
908 1124 961 1179 fuit
985 1125 1052 1180 olim
1074 1129 1232 1180 constructa
1256 1125 1372 1180 ecclesia

127 1213 157 1269 S.
176 1212 277 1268 Jacohi
296 1213 403 1266 iuxtam
422 1228 507 1282 qnam
526 1210 600 1266 idem
618 1211 830 1267 archidiaconus
847 1213 1002 1268 construxit
1013 1212 1164 1267 claustrum
1182 1217 1210 1267 et
1227 1212 1371 1268 ecclesiam

126 1302 154 1354 in
174 1301 308 1355 honorem
327 1299 359 1354 B.
381 1299 421 1354 M.
448 1298 580 1368 Virginis,
605 1298 746 1354 residuum
771 1302 864 1353 autem
889 1297 1013 1354 eiusdem
1036 1299 1143 1354 insulae
1168 1303 1273 1353 emerat
1298 1299 1372 1354 idem

124 1385 338 1442 archidiaconus
358 1385 521 1442 aJohanne
540 1385 596 1441 filio
618 1385 718 1441 Iroalai
739 1385 818 1456 justo
840 1385 931 1456 pretio
955 1386 1105 1456 persoluto.
1131 1385 1203 1440 Item
1227 1385 1308 1440 aliam
1332 1386 1372 1440 in·

125 1475 217 1530 sulam
236 1474 304 1528 emit
320 1489 416 1529 versus
444 1474 577 1528 orientem
595 1490 612 1527 a
627 1472 826 1543 j0bagionibus
854 1473 937 1528 castri
962 1473 1169 1544 Zagrabiensis:
1193 1473 1290 1540 Jacov‚
1308 1473 1371 1527 Hu-

127 1562 220 1632 divoy‚
240 1560 359 1627 Oherna,
379 1561 505 1615 Wloheta
529 1565 556 1615 et
580 1560 617 1614 ab
643 1560 704 1614 aliis
728 1561 854 1630 cognatis
879 1577 982 1615 eorum
1008 1560 1150 1615 intimavit
1174 1561 1256 1615 etiam
1280 1560 1371 1614 banus

125 1649 184 1720 regi
202 1648 279 1718 quod
296 1647 372 1702 idem
391 1645 601 1702 archidiaconus
618 1645 763 1701 habuisset
786 1647 839 1701 tria
863 1637 1058 1702 molendinas
1076 1653 1155 1718 parte
1173 1648 1256 1702 castri
1281 1647 1371 1702 Grech

125 1736 153 1790 in
175 1751 250 1805 equa
267 1751 340 1804 quae
358 1733 455 1788 dividit
472 1741 574 1788 terram
592 1734 675 1788 castri
693 1750 710 1788 a
728 1739 800 1788 terra
825 1733 940 1788 fratrum
958 1734 1188 1804 Zagrabieusium
1208 1751 1281 1804 qnae
1299 1733 1372 1789 idem

125 1821 290 1894 possederat
313 1820 394 1876 titulo
418 1821 573 1893 emptionis.
598 1821 642 1876 De
667 1821 769 1892 quibus
787 1821 953 1877 molendinis
971 1821 1091 1877 decrevit
1115 1822 1205 1876 banus
1223 1839 1311 1876 unum
1335 1822 1371 1876 ci-

125 1909 208 1964 vibus
235 1909 271 1964 de
299 1908 399 1964 Grech.
428 1909 489 1964 Rex
512 1909 597 1979 igitur
620 1909 766 1965 coufirmat
789 1908 953 1965 donationes
978 1909 1065 1964 iactas
1089 1927 1106 1964 a
1130 1910 1262 1980 magistro
1287 1909 1371 1964 Petro

124 2013 190 2053 cum
210 1995 321 2051 duobus
339 1995 513 2051 molendinis.
535 1995 641 2052 Datum
665 2013 715 2068 per
732 2013 831 2052 manus
850 1998 975 2068 magistri
993 1997 1140 2067 Smaragdi
1159 1997 1311 2069 praepositi
1332 1998 1372 2052 al·

125 2083 228 2150 heusis,
248 2084 329 2138 aulae
347 2083 571 2139 vicecancellarii.

181 2171 306 2226 Ttuldii:
326 2173 400 2226 Mon.
419 2171 482 2227 hist.
504 2173 533 2226 T.
552 2171 622 2239 [ρ.
642 2175 701 2226 116.

179 2309 384 2366 DOOXXXV.
409 2315 489 2366 1257.
515 2315 560 2366 30.
585 2312 660 2382 May.
688 2312 756 2366 Bela
779 2311 831 2366 IV.
857 2327 905 2366 rex
928 2311 1067 2379 notificat,
1093 2310 1169 2382 quod
1193 2311 1270 2366 Hala
1297 2311 1371 2368 lilius

125 2397 254 2464 cosmae,
273 2396 474 2452 Maladechwet
492 2403 519 2452 et
537 2396 664 2468 Volcoyn
684 2397 733 2452 filii
752 2398 874 2469 Bodych,
893 2399 1002 2454 oriundi
1021 2399 1056 2453 de
1070 2398 1270 2469 jobagionibus
1288 2401 1371 2455 castri

125 2484 336 2554 Zagrebiensis‚
360 2485 433 2539 mole
458 2485 630 2569 paupertatis
655 2487 791 2556 oppressi,
816 2503 846 2542 se
869 2503 933 2541 cum
956 2487 1014 2541 suis
1041 2487 1121 2542 terrie
1148 2485 1243 2542 domui
1268 2485 1298 2541 Β.
1323 2485 1371 2542 Se·

127 2570 236 2642 pulchri
254 2569 289 2625 de
308 2570 483 2641 Golgonicha
507 2571 692 2626 reddidissent
715 2573 872 2640 servituros,
896 2574 969 2628 sicut
993 2573 1077 2628 etiam
1100 2589 1135 2628 ιιι
1159 2572 1370 2642 investigatione

125 2657 260 2729 Stephani
273 2658 338 2713 bani
350 2659 436 2712 totius
456 2658 603 2714 Slsvouiae
616 2665 643 2713 et
661 2660 798 2730 capitanei
816 2661 923 2730 Styriae
939 2659 1056 2731 prodiit;
1068 2660 1164 2716 volens
1176 2675 1242 2730 erge
1254 2675 1303 2713 rex
1322 2676 1371 2714 eos

125 2747 154 2799 in
174 2746 260 2816 priori
278 2751 352 2800 statu
372 2752 399 2800 et
417 2745 543 2800 libertate
561 2761 731 2813 conservare,
749 2763 785 2802 ue
803 2747 864 2802 iura
882 2749 965 2802 castri
994 2747 1037 2802 sui
1060 2748 1221 2813 alienentur,
1241 2763 1289 2801 eos
1307 2763 1370 2800 cum

127 2831 208 2887 terris
227 2833 292 2898 suis,
312 2849 396 2903 super
415 2832 516 2902 quibus
533 2834 665 2902 magister
683 2833 786 2888 Macha
804 2833 979 2902 stabularius,
1003 2850 1090 2890 novas
1117 2838 1205 2888 metas
1230 2833 1308 2887 iuxta
1326 2848 1370 2886 ve·

125 2925 199 2974 teres
219 2920 314 2987 erexit,
332 2920 518 2975 restituendos
543 2919 624 2974 duxit
642 2919 678 2975 ad
696 2919 790 2976 debita
814 2926 842 2976 et
866 2921 977 2976 servitia
1000 2921 1075 2977 dicto
1099 2925 1190 2976 castro
1209 2918 1370 2974 exercenda.

124 3007 232 3062 Datum
251 3023 300 3078 per
318 3024 418 3062 manns
437 3007 583 3078 Smaragdi
602 3007 733 3062 Albensis
752 3009 883 3063 ecclesiae
902 3009 1053 3079 praepositi
1071 3008 1154 3062 aulae
1172 3006 1327 3062 cancellarii
1343 3012 1371 3062 et

4 3149 7 3162 ,
125 3094 207 3149 electi
224 3094 252 3148 iu
271 3094 510 3166 archiepiscopum
529 3093 719 3150 colocensem.

182 3181 309 3237 Ttalc'it:
328 3185 402 3237 Mon.
421 3183 503 3250 episc.
522 3182 545 3237 1.
562 3198 591 3250 p.
610 3185 665 3236 117.

178 3319 390 3376 DOOXXXVI
413 3320 548 3388 viterbii,
568 3324 643 3378 1257.
665 3325 689 3374 7.
708 3320 791 3375 Jutii.
804 3319 963 3375 Alexander
975 3319 1027 3376 VI.
1046 3337 1120 3392 papa
1137 3319 1265 3391 indulget
1283 3321 1370 3376 Bene-

124 3409 201 3464 dicto
226 3407 434 3480 archiepiscopo
462 3408 643 3478 Strigoueusi,
671 3413 702 3462 nt
728 3423 821 3462 coram
840 3407 972 3478 episcopo
988 3407 1176 3477 ,Zagrabieusi
1194 3423 1259 3462 cum
1277 3409 1370 3478 ipsum

125 3496 238 3564 haheat,
257 3503 289 3552 nt
306 3497 405 3552 asserit
423 3503 498 3552 certa
516 3497 621 3552 ratione
634 3501 809 3568 suspectum,
822 3496 967 3551 convenire
987 3512 1043 3551 non
1063 3495 1160 3560 valeat,
1180 3511 1232 3550 nec
1245 3496 1284 3563 (in
1296 3500 1370 3550 certa

125 3585 283 3656 questione)
303 3584 471 3656 respondere
489 3590 615 3640 tencatur
633 3584 744 3638 invitus.

182 3671 572 3728 Thriaer:h10e.tist.cccl.
592 3674 614 3725 1.
632 3687 660 3740 p.
680 3675 741 3723 236.

178 3793 412 3850 mccxxxvii.
431 3795 629 3869 ‘Admundaffi
655 3798 736 3848 1257.
766 3797 807 3848 21.
829 3793 912 3848 Joiii.
938 3791 1086 3848 Liutoldus
1113 3791 1149 3848 de
1174 3791 1316 3862 Lampach
1342 3797 1372 3846 et

125 3901 198 3940 uxor
223 3884 283 3938 eius
306 3883 433 3938 Alhaidis
452 3882 534 3937 simul
558 3899 621 3937 cum
646 3882 704 3937 suis
726 3880 892 3936 haeredibus
916 3879 1069 3950 Zagrabiae
1093 3895 1185 3935 coram
1209 3878 1288 3933 Duce
1310 3879 1370 3934 Ste-

125 3969 221 4042 phano
232 3971 378 4041 capitaneo
392 3968 500 4040 Styriae
518 3969 648 4038 glorioso,
667 3969 750 4024 cessit
767 3983 835 4022 suae
853 3967 1059 4038 quaerimoniae
1070 3982 1155 4036 quam
1167 3964 1265 4020 habuit
1276 3970 1372 4020 contra

4 4049 8 4066 '
124 4057 265 4112 Monialea
284 4057 418 4112 litteratas
437 4057 465 4110 in
484 4054 640 4122 Admonde‚
659 4071 743 4126 super
762 4059 841 4126 prato
859 4056 888 4109 iu
907 4053 1091 4124 Winterpelse
1105 4058 1132 4107 et
1144 4051 1284 4106 beneficiis
1296 4051 1372 4107 adia·

125 4144 261 4200 centibus.
291 4145 354 4212 Qua
376 4149 460 4200 testes
479 4142 628 4198 adfuerunt
650 4139 794 4196 Gotlridus
819 4141 855 4196 de
879 4141 1058 4211 Marchpurg,
1077 4138 1236 4208 Wuliingns
1253 4137 1289 4192 de
1307 4137 1372 4192 Tre·

126 4233 254 4287 neustein
274 4236 301 4285 et
319 4230 467 4286 Luttoldus
485 4230 520 4286 de
538 4229 663 4284 Trieben.

179 4319 275 4386 aleier.-
297 4319 362 4373 ch.
388 4319 458 4387 dipl.
479 4317 701 4372 T.1V.ool.ll
724 4333 754 4384 p.
773 4321 835 4371 437.

176 4458 428 4516 DOOXXXVIII.
448 4463 522 4514 1257.
539 4463 578 4512 11.
593 4457 725 4513 Octobris.
744 4455 812 4510 Bela
830 4454 882 4510 IV.
901 4471 950 4509 rex
968 4459 1065 4509 notum
1077 4453 1151 4522 iacit,
1169 4469 1232 4508 cnm
1251 4457 1315 4524 post
1329 4469 1370 4508 re·

125 4564 238 4604 cessum
256 4547 435 4603 Tartarorum
454 4545 490 4600 ad
508 4545 632 4600 diversos
651 4545 798 4602 comitatus
815 4560 867 4615 pro
886 4541 1041 4598 revidendia
1066 4547 1094 4597 ιι
1116 4540 1152 4596 de
1175 4557 1249 4596 novo
1272 4540 1370 4596 rectifi-

4 4655 9 4674 ·
125 4633 223 4692 caudis
242 4635 322 4691 terris
340 4639 499 4692 castrorum
512 4633 633 4689 misisset
649 4631 773 4689 diversos
788 4629 905 4703 judices,
923 4631 994 4687 inter
1011 4635 1120 4688 caetera
1138 4629 1213 4685 misit
1229 4627 1266 4684 ad
1288 4627 1370 4686 comi·
