3464 5382
354 424 415 488 162
851 443 872 485 1.
896 429 1092 494 summano.

350 609 504 684 Thoplica;
530 607 596 666 iudo
622 607 658 666 od
685 609 774 664 rivam
791 604 942 666 Vernouch
959 613 988 665 at
1005 605 1041 664 ad
1058 613 1146 664 metas
1168 607 1284 676 ΖΙιιιιιιι,
1308 607 1373 664 iudo
1397 607 1433 666 ad
1457 627 1590 682 magnam

350 700 423 755 ιὶιιιιι
441 689 470 752 iu
487 704 581 754 monte
598 703 671 752 terra
689 693 824 768 Stephani
842 691 891 750 filii
914 691 1036 768 Paos„
1060 712 1109 767 per
1126 695 1199 750 viam
1222 693 1250 750 io
1268 701 1353 768 caput
1373 694 1488 768 Zegona
1514 705 1593 756 tenet

351 791 440 842 metas
457 799 521 840 cum
538 779 695 840 Wulchuoh
713 789 741 839 at
759 799 822 838 cum
841 779 964 854 Georglo
982 787 1081 838 comite
1100 779 1157 838 filio
1175 779 1291 838 Lukaclr
1309 789 1337 839 at
1354 801 1456 856 magno
1473 786 1526 843 ιίιι.

409 888 528 944 Weorel:
549 887 614 944 Ocri.
632 887 702 958 dipl.
719 886 829 956 Amat.
848 887 910 943 VII.
927 903 955 958 p
968 890 1031 942 2⁶2.
1043 888 1172 958 miquo.
1187 887 1277 957 Oopio
1290 904 1324 942 cc
1336 889 1449 945 arctico
1462 893 1593 948 comitam

352 975 481 1044 Sume
497 975 530 1030 ιἰι
546 990 607 1030 mo
624 974 790 1030 collectione.

403 1112 538 1192 DXLIX.
555 1110 698 1185 venetiis,
722 1115 747 1170 3.
767 1109 844 1170 Maii
867 1113 944 1168 itit.
967 1111 1034 1168 Dux
1059 1111 1239 1170 venetiarum
1263 1129 1326 1171 oum
1353 1131 1405 1172 uuo
1423 1117 1538 1174 oonsilio
1557 1133 1594 1175 ex

352 1221 409 1260 una
426 1207 513 1276 parte,
532 1201 673 1258 etaltera
691 1205 784 1256 autem
802 1197 886 1257 frater
912 1195 1036 1256 Jacobus
1053 1199 1089 1255 de
1107 1199 1259 1269 Turiseliis,
1279 1201 1394 1257 nuntius
1413 1201 1505 1260 fratria
1524 1203 1594 1261 Gasi-

352 1291 436 1347 iielmi
454 1289 490 1346 da
508 1289 606 1358 Sonat,
629 1287 754 1358 magistri
781 1285 880 1344 domus
905 1283 1017 1342 militiae
1037 1287 1142 1358 templi,
1161 1285 1265 1343 iccium
1282 1286 1352 1344 duae
1370 1295 1460 1345 cartas
1478 1307 1594 1348 concor-

353 1379 425 1445 diae,
443 1377 527 1432 initae
544 1377 616 1431 iuter
634 1389 690 1442 eos,
710 1389 794 1446 sopor
811 1371 920 1430 damnis
938 1373 1011 1429 datis
1028 1375 1227 1430 mercatoribus
1245 1376 1358 1443 venetia,
1374 1377 1552 1448 replentibus
1565 1389 1596 1435 at

352 1463 527 1530 arbenaibus,
549 1463 577 1518 in
602 1461 711 1518 mutate
735 1459 826 1528 Senia,
851 1459 917 1517 olim
940 1465 1066 1532 tempore
1088 1461 1224 1534 captionis
1242 1467 1271 1518 et
1287 1463 1487 1522 combustionis
1504 1465 1595 1538 ipsius

352 1552 478 1621 civitatis,
503 1557 628 1622 tompore
645 1547 737 1604 tramis
763 1545 910 1602 Rambaioi
933 1545 1104 1616 decorose,
1122 1549 1247 1616 magistri
1263 1547 1363 1606 domas
1381 1566 1430 1624 per
1448 1551 1547 1624 Hung.
1565 1561 1597 1611 ot

353 1639 427 1696 Slav.
446 1635 532 1694 Dedit
549 1651 660 1708 quoque
679 1633 737 1691 dux
754 1632 894 1704 quandam
911 1633 1039 1702 litteram,
1057 1651 1142 1706 quam
1159 1631 1259 1692 (luerit
1279 1637 1372 1694 comiti
1384 1644 1413 1694 ct
1429 1639 1596 1696 consiliariis

353 1725 460 1798 chlao
478 1723 682 1796 praecipiendo,
706 1729 738 1777 ut
762 1717 894 1777 fratribus
919 1721 1033 1778 militiae
1050 1721 1154 1794 templi,
1173 1723 1221 1794 qul
1238 1719 1383 1794 fugiebant
1400 1741 1418 1780 a
1434 1723 1558 1782 Tortor-la
1577 1743 1597 1783 e

353 1813 523 1869 monasterio
547 1827 568 1866 a
595 1807 715 1880 Georgii,
739 1805 842 1864 damna
868 1807 922 1863 illis
947 1823 996 1882 per
1019 1809 1145 1866 hominos
1164 1809 1267 1866 Beeeaa
1284 1809 1360 1866 iliata
1378 1819 1548 1883 cognoscant
1565 1821 1598 1870 at

353 1901 397 1957 ius
415 1897 583 1955 focaucart
608 1895 706 1953 modo:
733 1901 772 1965 ut,
796 1897 819 1950 ei
838 1908 854 1950 a
878 1895 949 1952 festo
967 1911 989 1952 s.
1007 1895 1082 1952 Petri
1100 1897 1218 1969 proximi
1236 1913 1325 1968 usque
1343 1895 1379 1953 ati
1397 1897 1472 1954 aliud
1490 1899 1597 1955 laetum

355 2005 377 2043 s.
394 1985 470 2044 Petri
487 1983 578 2040 dictim
605 1983 735 2054 magister
759 1981 856 2054 templi
878 1981 983 2038 misero
1006 1983 1230 2054 procuratoribus
1247 1981 1355 2056 Vegioe
1373 1991 1463 2042 cartas
1480 1987 1596 2043 uomina

354 2075 433 2130 ducis
452 2072 542 2143 sigillo
560 2069 661 2126 domos
679 2070 792 2126 militiae
809 2070 906 2141 templi
930 2067 1072 2140 sigillatas,
1090 2071 1261 2128 continentes
1286 2071 1403 2128 tonnam
1421 2071 1596 2141 concordiae,

355 2169 422 2218 tunc
440 2164 633 2232 procuratores
660 2174 745 2213 uuam
768 2173 803 2212 cx
827 2155 994 2229 supradictis
1018 2157 1100 2213 cortis
1118 2163 1146 2212 et
1163 2155 1265 2213 dictum
1285 2160 1405 2214 litteram
1422 2159 1501 2215 dacis
1518 2157 1597 2216 uicto

355 2249 489 2318 magistro
506 2247 551 2303 vel
568 2247 627 2303 eius
651 2246 803 2302 successori
827 2250 876 2301 aut
900 2244 1007 2312 uunfio,
1034 2247 1082 2315 qui
1106 2250 1210 2300 omnm
1228 2246 1375 2315 sigillatam
1397 2248 1597 2318 opportuerit,

355 2335 422 2390 duro
440 2341 468 2390 ct
485 2333 648 2404 consignare
665 2331 786 2388 debeam
791 2350 799 2399 ;
817 2332 841 2386 si
859 2335 953 2386 autem
970 2332 1101 2401 magister
1118 2337 1224 2388 cartam
1241 2339 1269 2387 et
1285 2333 1391 2388 litteras
1409 2349 1465 2388 non
1480 2335 1596 2400 miserit,

354 2429 421 2478 tunc
439 2425 632 2494 procuratores
656 2417 744 2475 dietas
767 2416 839 2474 duaa
862 2423 953 2474 cartas
977 2423 1007 2474 et
1029 2417 1148 2474 litteram
1171 2418 1340 2491 praedictam
1363 2415 1399 2474 ad
1420 2419 1598 2476 voluntatem

355 2507 433 2564 ducis
452 2507 477 2564 ei
494 2505 656 2578 consignare
674 2503 783 2561 debent

407 2595 521 2663 Ljuttl:
540 2595 659 2650 Monam.
676 2591 785 2650 Stator.
802 2589 897 2647 merto.
915 2590 938 2658 Ι,
955 2607 983 2662 p.
1004 2593 1046 2646 79.
1067 2589 1109 2662 Of.
1127 2607 1171 2648 ιιι.
1191 2591 1272 2647 DXL
1279 2587 1339 2647 Vll.

408 2735 468 2790 DL.
483 2733 605 2804 labae,
631 2738 675 2788 16.
701 2731 786 2788 Μἰ·
811 2733 887 2786 uate.
914 2731 995 2786 Bona
1020 2730 1162 2786 abbatim
1187 2731 1347 2787 monetat
1368 2747 1392 2786 a
1416 2731 1542 2788 Platonis
1558 2729 1598 2787 ts

356 2821 451 2889 Jodru,
468 2821 662 2894 procreatibus
683 2826 712 2876 et
733 2819 972 2876 mamanibus
994 2818 1162 2874 monalium
1180 2819 1246 2886 oria,
1263 2819 1386 2890 resignat
1402 2818 1493 2890 ipsum
1510 2817 1598 2872 sats

355 2911 423 2964 tiam
441 2914 524 2981 stom
541 2909 635 2964 locam
651 2923 716 2963 cum
731 2907 812 2962 horto
830 2911 859 2963 at
876 2905 1005 2963 omnious
1022 2905 1184 2962 :mamers
1204 2907 1263 2962 anis
1285 2908 1317 2962 in
1334 2921 1434 2962 manua
1451 2905 1599 2960 hamul

353 2995 493 3069 patronos
510 2995 589 3050 eiecti
615 2999 644 3051 at
669 2994 730 3049 siut
757 2994 880 3065 capituli,
906 3007 991 3064 quam
1018 2993 1172 3050 aaadonmn
1194 2994 1284 3050 dictae
1301 2994 1406 3050 elcotrm
1423 2997 1551 3063 ⁸0an
1568 2997 1599 3047 at

357 3081 449 3154 sigilio
466 3097 518 3138 sto
536 3087 565 3138 et
581 3081 695 3153 capitali
712 3081 872 3136 communit
889 3079 1008 3136 Tatiae:
1024 3079 1158 3136 Nicotaus
1177 3080 1264 3136 abtas
1282 3079 1473 3152 aGrirogooi
1491 3077 1520 3136 a
1535 3079 1598 3134 Ma·

357 3167 618 3225 macconem
645 3173 673 3222 et
697 3167 898 3224 Psmircter
925 3163 1596 3239 Bmpnutmtal’mtrtoviostsom

358 3256 458 3312 Patrue
476 3254 671 3311 §momatur
689 3255 822 3310 nutius

410 3343 537 3399 Pericli:
556 3341 639 3413 lllpr.
655 3355 728 3398 coca
748 3344 777 3398 T.
799 3339 831 3406 V,
845 3357 876 3412 p.
896 3343 959 3395 tol.
