3464 5382
666 459 812 504 nmmos.
1294 437 1356 504 l'l'l

167 625 319 714 onvlr.
337 630 413 684 1251.
432 631 456 681 6.
475 623 594 697 Aprilis.
613 625 681 682 Bels
698 625 751 682 IV.
769 641 818 682 rex
836 625 1001 696 manifestat,
1020 625 1173 697 quodcum
1191 623 1357 705 Fridericus,

119 715 350 772 Bartholomaeus
364 721 391 771 st
403 713 505 782 (luido,
524 713 575 768 lilii
592 712 731 770 Gnidonis
749 715 865 782 comitis,
883 715 998 770 comites
1010 713 1045 770 de
1057 712 1165 785 Weg'la,
1182 713 1358 786 sprimuevis

11 789 13 802 ’
115 805 189 876 regis
208 810 236 860 et
253 821 349 861 eorum
369 803 506 876 puerities
523 802 612 872 suuis,
631 801 736 858 eisdem
754 801 940 858 indesinenter
958 801 1148 870 adhaerentes,
1169 805 1248 857 tanta
1272 790 1359 856 fideli·

118 893 182 948 tetis
202 893 314 948 servitiu
332 890 525 964 impenderint,
543 895 575 946 ut
592 895 718 960 tempore
736 889 936 962 persecutionis
958 891 1145 958 Turtsrornm,
1164 905 1229 958 rege
1246 889 1275 945 in
1297 907 1360 961 pur·

11 1045 12 1050 ¹
118 979 193 1034 dtur
210 979 357 1034 maritimis
381 977 542 1046 constituto,
567 993 622 1033 nou
646 978 738 1032 solum
760 978 789 1032 in
812 977 882 1032 mari
900 993 963 1034 curn
981 977 1099 1034 navibus
1121 978 1244 1044 munitis,
1263 993 1359 1033 verum

118 1067 200 1122 etiam
218 1069 247 1121 ln
265 1071 339 1121 terre
356 1081 420 1120 cum
438 1065 559 1132 armatis,
577 1064 613 1120 ad
632 1063 788 1126 custodium
806 1081 943 1137 personae
962 1082 1037 1134 suse,
1055 1081 1107 1122 nec
1130 1083 1186 1122 non
1212 1065 1247 1122 ad
1266 1082 1360 1137 perse·

11 1159 12 1164 ’
118 1152 261 1225 quendum
278 1152 404 1208 inimicos
415 1157 444 1207 et
454 1151 581 1207 infidele
599 1152 673 1223 regis
691 1157 749 1208 tum
766 1151 885 1209 fideliter
898 1160 927 1210 et
937 1159 1096 1210 constanter
1114 1154 1265 1222 servierint,
1284 1152 1359 1226 quod

106 1233 190 1298 'inter
208 1241 278 1296 ulios
296 1241 373 1312 regni
392 1239 488 1296 fideles
506 1257 541 1296 ex
559 1239 653 1296 debito
672 1240 736 1296 fidei
755 1242 907 1298 meruerint
923 1241 1086 1314 computari,
1104 1242 1234 1312 quocirca
1251 1241 1292 1296 eis
1310 1240 1360 1296 do·

118 1329 259 1385 ustionem
283 1329 431 1384 comitatur
455 1327 491 1384 de
514 1327 640 1394 Modrus,
662 1329 887 1400 progenitoribus
912 1330 970 1386 suis
996 1346 1046 1402 per
1066 1345 1149 1386 svum
1167 1329 1241 1401 regis
1259 1328 1358 1385 Belum

119 1415 195 1486 (ΙΙΙ.)
213 1414 356 1488 quondam
373 1431 466 1486 regem
485 1415 587 1472 iactum
599 1431 650 1472 nec
663 1432 719 1472 non
737 1415 917 1474 donationem
931 1415 966 1472 de
985 1415 1134 1490 Wynodol,
1153 1434 1170 1472 a
1188 1421 1266 1488 pstre
1286 1416 1359 1488 regis

117 1503 220 1560 lectum
237 1503 311 1576 petri
337 1519 442 1570 eorum,
460 1499 496 1557 de
513 1518 586 1557 novo
604 1502 758 1559 confirmet
785 1502 902 1559 Servitia
930 1509 1023 1560 autern
1051 1508 1196 1575 praetextu
1224 1509 1359 1559 terrerum

118 1591 284 1648 donaturum
313 1591 372 1662 regi
401 1588 498 1646 debito
527 1589 619 1644 tsliter
648 1587 729 1646 duxit
757 1589 918 1658 limitanda,
949 1588 1025 1662 quod
1052 1607 1222 1662 quamquam
1251 1591 1357 1648 ratione

11 1687 23 1734 r
118 1677 323 1736 coniurasse
347 1676 463 1733 Modros
487 1693 522 1733 ex
547 1676 718 1734 ordinatione
736 1677 820 1733 Baiae
841 1677 895 1734 111.
920 1678 993 1748 regis
1010 1694 1075 1734 cnm
1097 1678 1192 1736 decem
1215 1678 1307 1734 loricis
1331 1678 1360 1732 in

117 1783 203 1838 regno
228 1769 256 1822 st
279 1782 342 1822 curn
366 1770 487 1838 qustnor
509 1769 593 1830 extra¹
611 1781 729 1834 regnum
753 1765 867 1821 servicis
892 1765 982 1820 lucere
1005 1771 1160 1835 teneantur,
1180 1763 1361 1838 postmodum

118 1871 153 1910 ex
183 1852 356 1910 ordinatione
385 1853 458 1924 regis
488 1853 599 1908 servitia
627 1852 772 1922 utriunque
802 1852 949 1908 comitatus
978 1851 1101 1908 Vinodoi
1130 1857 1159 1908 et
1185 1852 1302 1910 Modrrrs
1333 1853 1361 1908 in

11 1985 13 2012 ,
121 1957 207 1998 unurn
235 1939 495 2012 comprehendendo
522 1938 682 2008 decreverit,
709 1944 741 1994 nt
759 1956 831 1996 *cum
856 1941 885 1996 in
912 1939 1057 1996 maritimis
1084 1945 1158 1996 esset
1181 1941 1362 2012 perrousliter

119 2029 287 2084 constitutus
304 2029 332 2082 in
351 2027 420 2082 mari
439 2026 464 2082 ei
482 2026 563 2096 galea
581 2031 609 2081 et
626 2027 719 2098 ssycis
737 2031 884 2084 teneantur
901 2027 1055 2095 deservire;
1074 2033 1216 2098 praeterea
1233 2030 1264 2084 in
1275 2043 1362 2098 regno

119 2131 183 2170 cum
201 2114 290 2170 tribus
317 2113 451 2170 militibus
478 2113 608 2170 decenter
635 2113 781 2185 expeditis,
799 2119 827 2170 et
844 2118 923 2169 extra
940 2129 1057 2184 regnum
1079 2130 1144 2170 cum
1162 2113 1273 2171 duobus
1292 2116 1360 2170 mili·

11 2255 12 2272 ,
120 2203 194 2258 tibus
213 2201 355 2258 servitium
382 2201 472 2258 lacere
498 2203 651 2256 teneantur.
679 2201 753 2268 Quia
770 2205 863 2256 temen
881 2201 1055 2258 diversitates
1082 2201 1286 2272 prseilctorum
1304 2219 1359 2258 ser-

11 2319 19 2346 ι
120 2290 247 2344 vitiorum
265 2288 438 2344 dubietatem
454 2288 630 2352 inducebant,
648 2289 764 2344 caesetio
780 2289 820 2344 eis
832 2288 962 2358 deceruit,
981 2295 1013 2345 ut
1031 2291 1089 2360 regi
1101 2290 1129 2344 in
1141 2289 1287 2354 maritimis
1299 2307 1361 2362 per-

119 2378 252 2434 sonaliter
279 2377 408 2433 existenti
435 2377 462 2430 in
489 2377 558 2432 msri
585 2393 649 2432 curu
667 2393 724 2432 uns
741 2377 812 2443 navi,
840 2393 912 2447 quus
931 2377 1016 2432 salcis
1033 2377 1141 2444 dicitnr,
1169 2383 1198 2433 et
1222 2394 1286 2434 cum
1305 2395 1362 2434 una

123 2465 209 2520 bures
226 2469 373 2520 teneantur
400 2462 552 2530 deservire;
580 2465 603 2518 si
621 2479 686 2520 vero
704 2463 826 2534 Veglsm
844 2464 964 2520 insulem
988 2481 1069 2520 susm
1087 2464 1271 2534 rehabuerint,
1296 2471 1362 2521 tuno

11 2609 13 2616 ,
120 2569 185 2608 curn
202 2553 285 2622 galee
302 2552 403 2606 servire
429 2556 582 2606 teneantur.
611 2552 731 2624 Insuper
750 2552 771 2606 si
791 2567 906 2606 necesse
928 2551 1011 2606 inerit
1029 2552 1179 2607 exercitum
1209 2554 1362 2610 croatiorm

118 2639 267 2696 convoosri
292 2638 364 2693 inirs
387 2644 510 2694 montem
535 2638 641 2706 (lvord,
660 2643 688 2694 et
706 2638 864 2709 ubicunque
882 2639 909 2693 in
928 2638 982 2693 illis
1002 2639 1135 2711 partibus,
1161 2640 1281 2696 serviant
1299 2657 1360 2696 cum

118 2721 218 2798 viginti
234 2726 349 2781 urmsu's
366 2725 496 2782 decenter
513 2725 664 2797 expeditis;
692 2725 729 2782 sb
746 2725 801 2781 istu
819 2743 884 2781 vero
903 2730 981 2798 parte
999 2728 1109 2796 montis,
1128 2743 1295 2798 quocunque
1312 2745 1361 2783 rex

118 2815 314 2872 convocaverit
340 2815 492 2870 exercitum
520 2815 679 2882 croaticum,
708 2831 771 2869 oum
799 2811 894 2868 decem
912 2815 1027 2870 armatis
1046 2815 1186 2870 servitium
1206 2814 1361 2871 exhibeant

118 2902 226 2960 Adlicit
243 2919 362 2974 quoque,
375 2901 450 2974 quod
470 2902 493 2957 si
511 2903 574 2972 quis
592 2919 627 2956 ex
644 2901 791 2958 comitibus
807 2902 866 2958 siue
883 2901 1001 2958 haerede
1020 2901 1175 2971 decesserit,
1194 2902 1307 2958 donatio
1326 2902 1361 2960 de

11 3045 19 3069 ,Ι
116 2989 245 3046 Vinodoi
263 2997 291 3046 et
309 2990 426 3047 Modrus
443 2991 550 3062 integra
567 2989 697 3046 devolvat
714 2990 750 3045 sd
768 2989 901 3046 heoredes
918 2989 1035 3045 irstrum
1053 2991 1178 3048 aliorum.

11 3071 13 3076 ’
170 3081 217 3134 Eu
236 3084 411 3148 transumpto
429 3079 566 3148 Slsplecrrr'
583 3077 613 3132 V.
626 3079 698 3149 repis
716 3079 749 3134 dr
767 3095 793 3134 a.
813 3081 886 3132 1270
902 3078 935 3134 r'rs
954 3079 1067 3134 crclrr'oo
1085 3077 1218 3136 cumali
1235 3077 1362 3134 Budrosi

11 3165 12 3210 ἒ
117 3171 289 3225 commoto.
313 3166 432 3222 Wersrsl:
452 3165 516 3221 (lod.
534 3165 603 3235 dipl.
621 3166 729 3235 Arpasl.
753 3168 782 3220 Τ.
801 3166 854 3221 XI.
872 3182 899 3236 p.
919 3171 983 3220 370.

173 3287 342 3346 nxcvm.
368 3288 530 3360 Dulcipno,
556 3288 587 3342 irc
611 3288 724 3344 ecclesio
748 3287 777 3343 S.
801 3289 915 3344 Marios
938 3287 1061 3356 majoris,
1086 3292 1127 3342 18.
1152 3287 1262 3357 Aprilis
1285 3291 1362 3342 1251.

117 3377 270 3450 Presbyter
294 3375 434 3447 Deerigue
457 3376 572 3430 nuntius
598 3375 684 3431 Salvii
713 3375 836 3448 episcopi
864 3375 1056 3432 Tribuniensis
1083 3379 1241 3447 praesentat
1257 3375 1361 3430 litteras

116 3465 246 3522 eiusdem
274 3464 397 3537 episcopi
421 3463 583 3519 Dulciuensi
609 3465 750 3536 episcopo,
773 3464 803 3518 in
827 3463 930 3534 quibus
952 3479 1016 3518 eum
1034 3468 1166 3536 provocet
1190 3464 1268 3518 iuxta
1285 3479 1362 3518 man·

113 3555 216 3610 datum
235 3553 335 3608 summi
353 3551 506 3620 Pontificis,
532 3555 670 3622 quatenus
688 3549 760 3606 inira
779 3555 842 3606 octo
862 3551 999 3606 mensium
1025 3551 1145 3622 spatium
1171 3550 1214 3606 vel
1231 3565 1361 3621 persons·

12 3647 19 3678 ³
114 3643 183 3698 liter
201 3641 246 3697 vsl
263 3657 314 3712 per
333 3645 539 3712 procuratorem
568 3655 651 3694 suum
678 3656 741 3694 cum
760 3639 829 3694 sctis
848 3644 875 3694 et
892 3640 1069 3694 munimentis
1096 3639 1258 3710 conspectui
1276 3638 1364 3694 archi·

114 3727 244 3801 episcopi
261 3727 443 3798 Ragusiensis
462 3743 492 3782 se
510 3731 669 3798 praesentet
688 3727 798 3782 Actum
817 3726 1009 3797 praesentibus
1028 3725 1214 3798 praesbyteris
1230 3725 1362 3798 Philippo

11 3805 13 3826 ⁸
114 3821 149 3872 et
167 3815 324 3883 Sdamone,
344 3813 468 3870 diaconis
488 3813 598 3870 Grobac
611 3819 638 3869 et
650 3813 797 3887 Zuppano,
816 3813 988 3870 subdiacono
1008 3813 1119 3870 Grobsc
1131 3819 1215 3884 etque
1233 3813 1363 3870 universo

113 3903 243 3976 cepitqu
260 3903 399 3958 eeclesiae.
422 3902 599 3958 Bonucursus
617 3903 750 3960 notarius.

175 3991 224 4047 En
243 3995 419 4060 transumpto
437 3989 566 4046 Bullorir'
583 3990 690 4046 orclrr'ci
708 3991 855 4061 Ropusr'rrr'.
873 3991 933 4046 MS.
953 3991 984 4045 in
1001 4006 1061 4046 mcc
1080 3989 1237 4047 collectiores
1251 4007 1281 4062 p.
1302 3993 1363 4047 406.

170 4123 307 4179 Dx01x.
335 4122 475 4190 Drivesti,
500 4123 532 4178 irs
550 4123 630 4179 dorso
649 4123 802 4192 episcopali
821 4126 865 4178 26.
895 4122 1004 4192 Aprilis
1022 4125 1096 4176 1251.
1125 4121 1274 4192 Presbyter
1293 4121 1363 4176 Des·

113 4213 205 4282 signs,
215 4211 329 4267 nuntius
341 4209 435 4278 fluvi,
454 4210 577 4282 episcopi
589 4209 788 4278 Tribunionsis,
802 4215 963 4281 praesentet
977 4209 1084 4263 literrss
1098 4226 1134 4265 ex
1148 4214 1226 4280 parte
1238 4207 1361 4264 eiusdem

11 4367 13 4384 ,
113 4299 242 4372 episcopi
270 4298 401 4370 episcopo
428 4297 611 4366 Drivastsnsi,
631 4299 658 4352 in
685 4297 787 4368 quibus
815 4297 905 4352 eidem
933 4297 1107 4368 praecipitur,
1133 4302 1164 4352 ut
1191 4297 1270 4352 iuxta
1287 4313 1364 4351 mun·

113 4387 215 4444 datum
233 4388 333 4442 summi
353 4385 495 4458 pontilicis
523 4385 677 4441 Innocentii
697 4385 748 4440 IV.
767 4385 838 4440 inira
857 4390 920 4440 octo
938 4385 1075 4439 meusium
1100 4384 1219 4456 spatium
1241 4383 1285 4438 vel
1303 4399 1363 4454 per·

114 4474 251 4531 sonaliter
268 4475 311 4529 vel
330 4489 379 4546 per
397 4479 604 4544 procuratorem
631 4489 714 4528 suum
732 4489 796 4528 cum
820 4461 982 4528 necessariis
1001 4471 1070 4526 sctis
1089 4477 1116 4527 et
1133 4464 1313 4526 munimentis
1332 4485 1362 4525 se

114 4561 281 4634 conspectui
298 4561 497 4634 archiepiscopi
521 4561 658 4631 ngusini
677 4566 841 4632 praesentet.
860 4563 962 4615 Actum
981 4559 1175 4632 praesentibus
1193 4559 1364 4630 archipraes-

115 4651 217 4722 bytsro
234 4649 344 4706 Joanne
362 4655 464 4721 nepote
482 4649 606 4720 episcopi
626 4647 757 4704 Andreae
768 4646 804 4703 de
822 4647 938 4716 Polluto,
956 4646 1075 4703 diacono
1093 4645 1203 4703 Joanno
1220 4647 1305 4702 fratre
1317 4661 1361 4702 co·

114 4737 194 4796 mitis
211 4735 400 4794 Drivssteosis
418 4741 447 4792 et
464 4736 583 4794 diucono
602 4736 733 4792 Lassaro.
750 4735 929 4791 Bonscursns
949 4735 1085 4790 notarim.

1239 4828 1278 4890 14
