3376 5350
674 424 821 468 aeonem.
1310 420 1374 484 419

128 603 271 658 obtentam
289 607 390 656 terram
408 601 577 672 possederet
596 602 653 660 Sed
670 605 699 658 in
718 606 845 670 termino,
863 605 985 674 praefixo
1009 605 1100 660 nullae
1117 605 1223 661 litteras
1250 623 1378 677 praeuen-

128 699 186 746 tare
204 691 303 760 potuit,
321 706 413 744 comes
432 691 515 760 igitur
531 691 648 746 eandem
666 697 767 746 terram
791 692 866 747 dieto
889 689 966 761 lvan,
991 699 1073 764 prout
1091 709 1160 748 avus
1177 695 1236 748 eius
1254 695 1376 750 Thomas

127 794 189 831 earn
207 776 339 846 possedit,
357 777 468 848 reliquit
489 777 693 848 possidendam,
718 780 795 833 salva
821 785 919 850 quarta
943 786 1020 852 parte
1044 787 1133 836 terrae
1155 781 1294 852 praefatae
1321 783 1378 837 Da-

128 865 242 920 maedae
260 865 423 934 pertinente.

184 951 316 1007 Tenen:
334 953 413 1007 Mon.
434 952 511 1006 Hist.
533 951 562 1008 T.
581 953 606 1008 Ι.
624 969 652 1024 p.
669 955 730 1008 227.

186 1091 376 1148 MODLVlIL
395 1093 537 1150 venetiis.
559 1097 632 1149 1290.
653 1097 694 1148 14.
717 1095 802 1149 Maii.
828 1095 1023 1152 Praesentibus
1047 1096 1155 1152 Jacobo
1180 1098 1299 1164 Donato,
1325 1099 1376 1154 Le-

130 1180 217 1236 nardo
242 1181 320 1252 (lysi,
343 1180 490 1236 Pancratio
514 1181 645 1250 Venerio,
663 1183 760 1236 Marco
783 1181 943 1253 Maripetro‚
967 1184 1058 1238 Tanto
1081 1185 1245 1241 cancellario
1267 1195 1295 1242 ct
1320 1187 1376 1240 Ru-

128 1267 253 1323 ateohino
273 1268 438 1323 Benintendi
464 1271 571 1324 notario
589 1277 617 1324 et
634 1271 724 1325 scriba
748 1269 865 1326 ducatus
884 1272 984 1328 Venet.
1009 1272 1127 1326 testibus
1149 1275 1254 1328 vocatis
1272 1281 1299 1328 et
1317 1275 1379 1329 aliie

128 1355 231 1422 multis,
253 1372 346 1410 coram
371 1355 454 1411 Petro
478 1356 645 1424 Gradonico,
669 1357 740 1412 duce
765 1357 953 1426 venetiarum,
979 1359 1133 1415 astantibus
1158 1361 1297 1415 nobilibus
1321 1365 1379 1416 An·

128 1443 194 1497 drea
212 1442 246 1497 de
265 1443 380 1509 Melino,
406 1443 551 1498 leonardo
570 1444 699 1510 Venerio,
725 1444 835 1502 Marino
859 1446 975 1512 Ruzino,
1000 1446 1131 1502 Grabono
1156 1446 1296 1516 Dandum,
1323 1447 1378 1504 Ga·

128 1531 213 1586 briele
230 1531 349 1598 Delfino,
368 1529 497 1586 Johanne
517 1530 691 1602 superantia
710 1535 886 1601 consiliariis,
904 1534 1011 1588 nobiles
1035 1535 1084 1588 viri
1110 1534 1221 1605 Peequa
1245 1535 1279 1589 de
1298 1535 1378 1590 Vari-

128 1635 207 1672 cesso
231 1625 259 1673 et
283 1619 439 1674 Domaldus
467 1621 501 1675 de
526 1620 668 1686 Zedulino,
693 1622 767 1674 cives
792 1620 826 1675 de
849 1621 945 1688 indm,
969 1622 1058 1676 nuntii
1084 1622 1163 1676 Pauli
1183 1622 1377 1688 Breberiensie‚

127 1706 192 1760 bani
211 1707 316 1760 eteius
334 1705 450 1760 fratrum
470 1709 578 1762 comitis
596 1709 708 1779 Georgii
734 1715 764 1764 et
787 1710 896 1763 comitis
920 1708 1046 1774 Mladini,
1072 1709 1231 1763 solemniter
1257 1709 1378 1763 inierunt

127 1800 157 1847 et
174 1793 353 1848 firmaverunt
369 1811 462 1848 veram
481 1803 509 1850 et
526 1812 625 1866 puram
643 1802 769 1867 treugam
788 1813 876 1866 usquc
894 1795 931 1850 ud
949 1803 1004 1851 tree
1029 1813 1117 1850 annon
1140 1797 1287 1852 continuos
1311 1813 1375 1851 cum

129 1881 155 1934 d.
175 1879 246 1935 duce
264 1881 348 1936 Petro
367 1880 526 1937 Gradonico
544 1889 572 1937 et
589 1881 748 1938 hominibus
768 1884 957 1938 Venetiarum.

183 1968 300 2036 Ljabic':
318 1970 398 2024 Mon.
417 1971 442 2024 Ι.
456 1987 486 2039 11.
505 1975 564 2025 147.

181 2129 341 2184 MCDLlX.
361 2130 491 2200 Posenae
518 2133 594 2186 1290.
615 2133 657 2186 28.
682 2131 775 2187 Junii.
801 2132 962 2202 Capitulum
985 2131 1117 2186 ecelesiae
1141 2131 1215 2186 beati
1239 2131 1314 2186 Petri
1343 2133 1377 2187 de

128 2217 237 2288 Posoga
255 2217 387 2284 notificat,
405 2217 480 2287 quod
498 2235 590 2273 comes
610 2217 731 2289 Ghyleth
744 2221 949 2290 possessionem
968 2237 1047 2274 suam
1059 2220 1192 2274 Zauareia
1203 2221 1275 2274 inter
1287 2226 1376 2275 metas

127 2306 309 2375 possessionis
328 2303 417 2359 Caeclr
436 2307 600 2360 existentem
620 2323 683 2360 cum
701 2307 831 2362 omnibus
849 2308 1022 2378 pertinentiis
1041 2313 1070 2362 et
1086 2307 1253 2362 utilitatibus
1266 2307 1377 2378 lpolyto

128 2391 239 2446 officiali
267 2409 317 2447 auo
344 2410 394 2464 pro
422 2400 510 2448 morte
534 2411 583 2448 seu
612 2393 760 2449 homicidio
786 2394 906 2462 Peronii‚
929 2395 1021 2449 fratris
1043 2395 1177 2464 praedicti
1201 2393 1304 2464 ipoliti,
1328 2411 1378 2464 per

127 2481 218 2549 ipsum
238 2481 367 2534 comitem
386 2481 539 2548 casualiter,
553 2488 585 2536 ut
602 2483 726 2549 aasenrit
751 2483 898 2550 interemti,
916 2487 944 2536 et
961 2483 1074 2552 insuper
1091 2498 1142 2552 pro
1160 2482 1305 2536 meritoriis
1323 2497 1377 2536 ser-

126 2567 204 2621 viciis
231 2567 394 2634 eorumdem,
421 2568 538 2622 contulit
565 2570 593 2622 in
622 2575 796 2639 perpetuum.
825 2568 901 2624 Meta
929 2577 1017 2624 terrae
1044 2571 1142 2640 incipit
1169 2570 1249 2624 iuxta
1276 2585 1377 2639 aquam

127 2655 239 2724 Oryaua
258 2655 322 2710 inde
341 2655 377 2710 ad
395 2653 487 2710 locum
506 2655 554 2710 ubi
572 2656 677 2710 nivinus
696 2656 785 2712 Ozech
805 2655 893 2727 potok
911 2656 986 2710 cadit
1003 2657 1031 2710 in
1051 2653 1199 2725 Oryauam,
1212 2655 1276 2710 inde
1290 2671 1375 2726 prope

128 2743 222 2797 villam
242 2741 406 2814 Gurbnnylr,
425 2743 489 2798 inde
508 2761 557 2814 per
576 2743 665 2798 varias
695 2750 782 2798 metae
800 2743 836 2798 ad
861 2749 984 2798 montem
1009 2741 1213 2811 Belni·l<elnilr,
1239 2742 1304 2798 inde
1328 2759 1378 2812 per

127 2836 235 2885 montes
253 2837 281 2884 ct
299 2847 411 2885 nemora
430 2837 458 2886 et
476 2833 564 2886 varias
583 2837 671 2886 metas
691 2831 726 2885 ad
745 2831 871 2902 primam.

178 2917 227 2972 En
244 2919 316 2972 actae
334 2934 383 2989 per
402 2919 505 2972 bonum
524 2917 807 2987 Koma-Hermann
826 2933 860 2972 ex
878 2917 990 2972 archivo
1007 2917 1088 2988 repar*
1106 2916 1217 2972 oblatis.
1237 2916 1274 2971 N.
1288 2916 1324 2974 R.
1337 2917 1372 2972 A.

126 3005 209 3060 Fosc.
229 3009 305 3060 1513.
325 3007 361 3060 N.
381 3009 422 3060 19.

180 3165 325 3220 MODLX.
349 3169 425 3219 1290.
444 3169 469 3221 6.
489 3165 564 3234 Sept.
590 3163 749 3220 Conventus
768 3163 802 3220 de
826 3163 894 3218 Zala
918 3162 1095 3218 commendet
1118 3162 1274 3230 memoriae,
1299 3162 1375 3232 quod

127 3255 240 3310 domina
258 3255 353 3309 relicta
371 3255 479 3308 comitis
498 3253 607 3308 Nicolai
625 3253 675 3308 filii
694 3251 773 3307 Chalr
789 3252 855 3306 bani
874 3251 909 3306 ab
927 3267 984 3304 nna
1001 3255 1079 3320 parte
1097 3255 1125 3305 et
1143 3249 1289 3304 Ladislaus
1301 3249 1375 3304 filius

127 3342 269 3412 Corochey
296 3359 346 3412 pro
375 3341 487 3396 domino
515 3357 566 3396 suo
594 3341 694 3396 comite
721 3339 816 3396 Ocnuz
839 3339 875 3393 ab
897 3339 983 3394 altera
1007 3339 1188 3409 personaliter
1212 3338 1374 3406 astantibus,

127 3430 225 3486 eadem
244 3431 357 3486 domina
375 3431 530 3501 portionem
549 3446 628 3484 suam
652 3427 786 3484 Oltaruch
803 3425 957 3482 vendiderit
974 3426 1069 3482 comiti
1088 3425 1190 3481 Ochua.

182 3518 307 3572 Wcozci:
329 3517 395 3574 eod.
414 3518 483 3590 slipi.
500 3519 570 3589 Arp.
584 3516 621 3571 X.
640 3533 667 3587 p.
687 3519 729 3571 12.

177 3641 335 3697 MODLXI.
348 3641 466 3697 Jadras.
478 3644 554 3694 1090.
567 3643 592 3695 8.
605 3639 773 3695 Novembris.
786 3636 937 3694 Jadrenses
950 3637 1091 3693 declarant
1103 3637 1205 3692 bonam
1224 3641 1252 3691 et
1264 3635 1371 3692 firmam

125 3745 222 3800 pacem
248 3731 438 3785 communitati
464 3728 571 3798 Spalati
591 3734 619 3783 et
636 3727 762 3798 Tragurii
782 3733 809 3782 et
826 3727 993 3797 promittunt
1016 3742 1073 3779 una
1097 3740 1157 3779 esse
1179 3724 1284 3778 amicos
1308 3723 1373 3778 hinc

124 3817 160 3872 ad
178 3833 266 3872 annos
284 3819 406 3888 quinque
425 3819 448 3871 si
467 3815 645 3886 Spalatenses
670 3815 812 3870 habebunt
836 3819 1001 3885 potestatem
1023 3813 1067 3868 vel
1092 3812 1220 3867 comitem
1244 3811 1291 3882 qni
1318 3828 1373 3865 non

123 3905 206 3960 fuerit
224 3905 259 3959 de
277 3905 430 3972 Solanonia,
449 3911 478 3959 et
496 3921 551 3959 non
569 3905 702 3974 recipient
719 3903 846 3956 inimicos
865 3918 960 3957 eornm
979 3902 1008 3955 in
1026 3916 1106 3954 suam
1125 3900 1264 3954 civitatem
1283 3915 1373 3968 neque

123 4009 187 4046 curn
210 3993 265 4046 illie
288 3999 439 4048 mercatum
456 3991 566 4058 facient,
585 3992 661 4046 salvo
678 3990 782 4045 honore
801 3989 846 4044 dd.
865 3988 1059 4054 Venetiarum;
1074 3987 1258 4041 communitas
1277 3993 1370 4041 antem

124 4079 230 4150 Spalati
250 4087 277 4134 et
295 4079 421 4150 Tragurii
439 4079 538 4134 eodem
556 4078 639 4134 modo
658 4077 742 4133 faciet
764 4077 948 4133 Jadreneibus
967 4076 1044 4130 salvo
1068 4075 1173 4128 honore
1197 4073 1273 4143 regio
1292 4072 1374 4126 Hun-

122 4168 224 4238 gariae.
243 4167 314 4222 ltcm
333 4168 356 4221 si
375 4167 490 4222 iecerint
511 4167 662 4221 exercitum
686 4182 735 4236 per
753 4181 836 4233 mare,
861 4163 1011 4220 Jadrenses
1031 4161 1137 4217 dabunt
1160 4167 1216 4215 tres
1239 4159 1373 4227 homines,

123 4255 269 4325 Spalatum
291 4255 369 4322 duos,
395 4254 560 4326 Tragurium
582 4271 677 4308 unum.
702 4253 768 4308 Hoc
792 4259 904 4324 pactum
928 4250 1102 4306 affirmarunt
1126 4265 1177 4302 auo
1201 4253 1374 4306 sacramento

101 4371 105 4380 ·
122 4342 236 4413 triginta
253 4342 379 4398 homines
396 4341 507 4397 Jadrae.

174 4431 296 4484 Mace:
313 4431 358 4484 Dc
376 4447 460 4501 reyao
478 4429 573 4484 Dalm.
593 4435 619 4484 et
640 4431 732 4484 Croot.
751 4429 814 4482 Lib.
833 4428 854 4481 Ι
856 4428 886 4482 V.
905 4443 966 4495 cap.
984 4427 1040 4482 IX.

176 4553 351 4608 MGDLXll.
378 4555 454 4608 1290.
479 4553 640 4608 Elisabetha
667 4553 754 4608 maior
780 4553 875 4623 regina
902 4551 1065 4622 Hungariae
1092 4550 1264 4616 manifestat,
1294 4547 1370 4619 quod

122 4643 254 4712 magister
271 4643 437 4696 Laurentius
455 4641 529 4695 lilius
548 4641 656 4696 comitis
674 4640 815 4695 Laurentii
835 4639 869 4694 de
887 4655 988 4710 genere
1007 4639 1077 4708 Aba,
1102 4644 1236 4710 cognatus
1261 4637 1373 4706 reginae

122 4730 287 4796 carissimus,
306 4747 323 4784 a
341 4731 487 4800 primaevis
506 4745 573 4783 suae
591 4729 724 4800 pueritiae
742 4728 914 4800 temporibus
925 4733 1020 4798 gratos
1032 4726 1199 4798 impenderit
1211 4725 1371 4790 famulatus,
