3488 5380
367 351 431 415 220
525 441 527 444 Ι
869 371 889 410 1.
910 355 1107 430 aermnae,

367 540 457 592 tatum
475 533 510 590 de
528 533 706 590 Guersenclre
733 533 895 604 magistrm
919 531 1000 588 (ihak
1026 531 1174 588 ensiterum
1201 547 1291 598 suum,
1310 533 1358 603 qui
1385 533 1494 590 rediens
1518 537 1612 592 retulit

368 629 456 679 terras
475 620 648 694 Zapolsicha,
667 621 805 688 became,
821 619 949 676 Puhurtu
960 618 1110 674 curantes
1127 619 1206 674 iuxta
1218 619 1328 675 Zawam
1340 625 1369 674 et
1380 620 1440 692 Kys
1452 621 1612 678 Gemenche
1733 625 1734 636 ¹

367 711 472 766 invenit
490 725 540 781 per
558 707 744 764 Vecherinum
767 705 947 778 jobagionem
965 705 1048 761 castri
1061 705 1225 776 abantiquo
1238 707 1352 778 pacifioe
1367 707 1513 779 possideri,
1527 725 1612 781 snper

370 813 442 868 quaa
460 795 560 852 elevari
578 793 644 850 lecit
661 809 749 850 novas
767 799 855 850 metae
873 793 951 848 iuxta
969 797 1083 860 veteres,
1102 793 1156 848 sub
1174 793 1265 864 sigillo
1292 793 1470 850 chonensis
1487 795 1612 867 capituli.

366 884 461 940 Prima
485 883 570 954 igitur
591 887 666 938 meta
692 885 780 938 terrae
808 880 973 952 Zepohicha
999 880 1096 951 incipit
1120 880 1148 934 in
1176 880 1373 952 septemtrione
1400 881 1479 938 ium
1509 887 1611 938 terram

366 971 460 1028 Endre
479 975 507 1026 et
524 969 600 1027 vadit
616 969 652 1026 ad
671 965 860 1024 molendinum
875 968 974 1024 Buisas
992 968 1020 1022 in
1039 967 1122 1024 fluvio
1135 968 1266 1037 Kotinna,
1279 967 1344 1023 inde
1358 984 1407 1040 per
1420 969 1510 1026 varlas
1523 975 1612 1025 metae

366 1058 404 1114 ed
417 1058 523 1114 Soham
542 1057 674 1114 Kotinam
686 1061 715 1110 et
732 1071 781 1128 per
798 1055 888 1128 ipsam
906 1055 935 1110 in
954 1054 1099 1112 Kokotnik
1125 1059 1153 1110 et
1176 1055 1303 1121 Trebses,
1321 1071 1394 1128 quae
1418 1054 1484 1111 Ouk
1501 1055 1610 1124 dicitur,

369 1145 433 1201 inde
451 1143 576 1200 ascendit
594 1145 622 1198 in
640 1143 761 1200 Prerova
778 1141 843 1198 inde
860 1141 897 1198 ad
915 1141 1030 1197 fluvium
1053 1140 1205 1211 Ohernech,
1223 1144 1323 1199 hanait
1336 1159 1471 1213 magnum
1482 1159 1615 1216 campum

367 1232 404 1288 ad
423 1231 551 1288 arborem
577 1231 655 1287 iwam
673 1231 701 1286 in
719 1245 822 1300 magno
841 1229 931 1302 spatio
950 1229 1024 1285 venit
1041 1227 1076 1284 ad
1094 1229 1210 1286 fluvium
1227 1229 1402 1302 Zapolsieha.
1424 1230 1512 1287 Porro
1540 1237 1614 1288 terra

366 1321 450 1392 Olup,
462 1319 563 1376 fluvius
580 1317 750 1389 (ilogovsch
763 1322 837 1374 terra
849 1315 997 1372 Vecheriui
1015 1317 1043 1371 in
1062 1315 1230 1385 munstero,
1242 1321 1316 1373 terra
1329 1317 1520 1374 Castrensium
1534 1319 1614 1374 iuxta

367 1407 482 1464 fluvium
500 1408 588 1462 Iona.
610 1405 682 1462 Item
700 1409 773 1460 terra
790 1403 940 1460 Vecherini
958 1404 1038 1460 iuxta
1055 1404 1158 1460 &vam
1172 1420 1262 1475 usqua
1280 1404 1433 1461 Pulrurrev.
1452 1405 1525 1461 Item
1543 1411 1617 1462 terra

366 1495 437 1550 inter
454 1493 601 1564 Domacby
618 1497 647 1548 et
664 1493 753 1549 Zowa.
772 1491 859 1548 terra
877 1491 1056 1548 Gucrsenche
1074 1491 1128 1548 snb
1146 1497 1355 1562 magnomonte
1368 1492 1465 1563 incipit
1476 1492 1512 1548 de
1524 1509 1612 1565 parvo

367 1581 555 1648 Guersencba,
574 1579 610 1635 ad
628 1584 714 1636 terras
726 1579 872 1635 hominum
890 1579 925 1634 de
937 1577 1082 1635 Vduorhel
1099 1577 1136 1634 ad
1154 1578 1344 1636 molendinum
1364 1581 1391 1636 in
1405 1597 1508 1653 magno
1524 1579 1615 1636 (iner-

368 1669 469 1726 aenche
493 1667 529 1724 ad
558 1673 673 1739 puteum
702 1668 794 1738 Egon,
818 1671 847 1723 et
871 1665 1023 1723 ascendens
1041 1666 1077 1723 ad
1095 1672 1218 1726 montem
1247 1667 1321 1722 venit
1339 1666 1375 1722 ad
1393 1685 1524 1738 mam
1542 1670 1618 1724 viam

367 1761 395 1812 et
412 1771 462 1828 per
480 1755 570 1812 naias
592 1759 681 1810 metas
705 1753 836 1810 arboreas
854 1753 948 1810 eundo
970 1755 1140 1810 terminatur.
1168 1754 1230 1810 Rex
1248 1754 1393 1812 confirmat
1410 1755 1494 1826 igitur
1512 1755 1616 1812 dictam

369 1850 470 1900 terram
490 1859 555 1900 oum
572 1841 654 1898 dictis
672 1841 754 1898 metis
771 1840 937 1898 Veeberino.
956 1840 1062 1897 Datum
1079 1857 1128 1913 per
1145 1857 1245 1898 manua
1264 1840 1410 1912 smaragdi
1429 1841 1508 1899 electi
1526 1844 1555 1898 in
1573 1859 1618 1900 ar·

367 1931 561 2002 hiepiacopnm
580 1929 769 1986 (tolosensem.

425 2016 491 2075 Occi.
501 2016 571 2088 dipl.
581 2016 703 2088 patriae.
723 2016 784 2072 Vll.
796 2031 825 2086 p.
842 2019 881 2072 71.
894 2015 940 2072 Ea
951 2015 1063 2072 arctico
1073 2015 1202 2072 comitata
1210 2015 1329 2088 Μὰρ
1342 2013 1437 2074 ablato
1450 2031 1484 2073 aa
1496 2015 1615 2076 Oroatia

368 2105 541 2176 Galaoceoos.

420 2227 642 2283 DOOXXXIX.
653 2225 763 2296 Catari,
773 2229 852 2280 1257.
864 2229 908 2281 26.
920 2223 1082 2281 Decembris.
1092 2223 1195 2294 Desen,
1208 2223 1243 2280 de
1256 2225 1387 2282 mandato
1400 2225 1436 2282 D.
1448 2225 1558 2284 Uroscii
1575 2229 1616 2282 in·

368 2315 496 2370 victisimi
515 2315 588 2385 regis
606 2329 700 2370 comes
719 2312 820 2379 Catari,
838 2311 953 2368 Judiccs
972 2317 1000 2367 et
1017 2311 1165 2368 consiliarii
1179 2329 1243 2368 eum
1256 2314 1398 2369 voluntate
1416 2313 1502 2370 totius
1517 2316 1618 2388 populi

368 2407 494 2458 emtuuut
512 2402 538 2457 ei
556 2406 669 2473 pactum
687 2399 763 2472 pacis
784 2397 928 2454 habendae
947 2415 1010 2455 oum
1028 2399 1188 2456 hominibus
1201 2399 1326 2470 Ragusii,
1345 2400 1380 2456 ad
1394 2417 1466 2470 quos
1479 2401 1615 2458 Basiliam

367 2489 512 2545 Dabracae
530 2493 558 2544 et
574 2487 733 2544 Johannem
765 2485 837 2557 Gige
864 2485 1072 2542 destinaverant
1098 2487 1199 2542 missos
1224 2503 1274 2559 pro
1299 2486 1465 2543 stabilienda
1489 2503 1558 2560 paca
1583 2494 1612 2544 et

367 2577 496 2644 amicitia,
514 2593 578 2632 cum
596 2575 667 2630 inter
685 2580 817 2645 abasque
835 2575 960 2631 civitates
978 2575 1069 2630 fuerat
1087 2579 1184 2630 exorta
1202 2573 1339 2644 quaedam
1357 2573 1504 2631 discordia.
1529 2574 1615 2630 Fece·

367 2669 433 2720 runt
450 2663 533 2735 igitur
551 2667 679 2734 paetum:
699 2662 738 2718 Ut
756 2661 922 2717 Catarenses
941 2661 1097 2733 Ragonium
1116 2665 1144 2717 et
1162 2662 1297 2732 Ragusini
1324 2661 1458 2717 Getarum
1471 2662 1615 2718 venientes

367 2752 454 2808 libere
473 2749 592 2806 vendere
610 2755 639 2806 et
656 2765 746 2806 emere
760 2748 871 2806 valeant
882 2750 941 2804 eine
954 2749 1047 2820 aliqua
1060 2747 1197 2805 solutione
1209 2753 1326 2820 excepta
1339 2749 1386 2804 illa
1399 2765 1484 2820 quam
1498 2749 1613 2806 solvunt

374 2839 475 2896 caeteri
493 2839 574 2894 cives.

420 2925 534 2994 Io'ubt'e':
553 2925 667 2981 Ls'ets'as.
688 2927 710 2978 1.
726 2941 756 2993 p.
770 2929 813 2978 89.

419 3047 560 3104 DGOXL.
592 3050 673 3100 1257.
705 3049 748 3100 26.
779 3045 939 3100 meandris.
967 3045 1061 3100 Desen
1091 3044 1126 3102 de
1154 3045 1285 3102 mandato
1312 3047 1422 3102 Uroscli
1439 3047 1613 3104 invictissimi
1736 3069 1737 3072 ¹

368 3137 448 3208 regis,
467 3150 561 3192 mmes
580 3132 681 3200 Catari,
706 3131 811 3188 iudices
830 3137 857 3187 et
875 3131 1024 3186 consiliarii
1042 3148 1106 3188 cum
1125 3133 1267 3189 voluntate
1285 3133 1371 3190 totius
1390 3135 1487 3206 populi
1506 3139 1611 3194 statue-

360 3229 434 3279 ·runt
451 3229 483 3279 ut
501 3227 615 3294 pactum
634 3221 722 3292 pactis
740 3218 885 3276 habendae
904 3234 968 3275 cum
987 3219 1146 3274 hominibus
1164 3219 1281 3290 Ragusii
1307 3219 1469 3289 stabilirent,
1487 3221 1523 3276 ad
1542 3239 1615 3293 quos

368 3311 502 3366 Basiliam
534 3309 647 3365 Dabrae
671 3312 699 3364 et
725 3307 883 3364 Johaunem
916 3305 1006 3378 Gigae
1029 3306 1243 3376 destinaverunt,
1263 3307 1310 3380 qui
1329 3314 1439 3365 exortas
1458 3309 1613 3366 discordias

368 3397 483 3464 levarat,
501 3402 529 3452 et
548 3401 663 3470 pactum
682 3395 758 3468 pacis
784 3395 931 3450 firmmunt
949 3395 1002 3450 eub
1028 3392 1186 3451 conditione
1210 3401 1241 3451 ut
1265 3394 1432 3452 catanenses
1459 3397 1616 3468 Baguslum

370 3485 409 3539 ire
427 3484 560 3552 volentes,
579 3483 666 3540 bbere
687 3498 779 3538 emera
797 3489 825 3538 et
843 3481 962 3538 vendere
981 3483 1090 3536 valeant
1108 3482 1213 3538 nullam
1229 3482 1389 3539 exhibendo
1408 3483 1539 3552 duanam,
1564 3501 1613 3540 ex·

370 3570 447 3642 cepis
466 3570 520 3625 illis
539 3569 737 3625 (laterensibus
756 3569 804 3641 qui
822 3569 850 3624 in
868 3569 992 3638 Regusio
1011 3573 1160 3640 apotegam
1177 3573 1310 3638 tenerent,
1331 3571 1379 3641 qui
1406 3569 1529 3626 duanam
1553 3587 1613 3644 per-

369 3657 478 3714 solvant
496 3663 527 3713 ut
544 3657 646 3712 meteri
670 3657 866 3727 Raguaienses.
888 3655 1019 3713 Similiter
1038 3661 1065 3712 et
1083 3655 1209 3712 homines
1232 3656 1348 3726 Raguaii
1367 3657 1500 3713 Getarum
1519 3657 1613 3714 venire

368 3745 491 3801 volentes
510 3744 546 3800 de
564 3749 721 3800 mercatura
740 3743 844 3798 nullam
863 3745 1021 3815 persolvent
1033 3743 1163 3812 dinanum,
1176 3744 1228 3798 nisi
1247 3744 1335 3814 quiin
1348 3743 1451 3801 Oataro
1464 3749 1612 3817 apotecam

369 3837 502 3889 tenerent
521 3831 642 3888 Michael
660 3831 750 3900 Gigas
769 3829 876 3886 iuratus
895 3831 1018 3886 commus
1038 3831 1156 3902 scripsit

421 3919 496 3990 Orio.
514 3920 544 3974 in
563 3918 676 3974 arctico
694 3917 786 3974 catice
804 3917 1015 3974 Vindobooenet
1033 3919 1190 3988 Rooasanc
1208 3923 1280 3974 ceto.
1295 3923 1330 3974 N.
1348 3925 1411 3976 960.
1430 3925 1455 3976 et
1474 3919 1613 3991 Rapaces.

367 4010 446 4063 Faac.
465 4007 506 4062 II.
526 4009 559 4061 Ν.
578 4010 620 4062 31.

417 4127 573 4183 DOGXLI.
591 4131 670 4184 1257.
696 4126 858 4198 Capitulum
882 4127 1077 4198 Zagrabiensis
1095 4128 1228 4184 ecclesiae
1252 4127 1398 4198 significat,
1417 4128 1493 4200 quod
1514 4129 1611 4188 Keuea

366 4213 440 4270 filius
458 4213 586 4270 Andreae
605 4230 656 4286 pro
674 4230 704 4270 se
723 4219 751 4270 et
769 4214 852 4270 fratre
870 4231 921 4270 suo
939 4214 1040 4271 Nicola
1058 4215 1202 4272 consessus
1221 4221 1280 4271 eet:
1300 4231 1329 4270 se
1349 4221 1377 4270 et
1394 4215 1506 4272 tratrem
1527 4233 1611 4273 suum

365 4307 467 4358 terram
485 4301 629 4358 hierichna
647 4303 728 4358 eitam
747 4318 782 4358 ex
801 4307 878 4374 parte
897 4301 1045 4358 Monoslav
1063 4302 1141 4357 iuxta
1159 4303 1270 4358 Zawam
1292 4301 1420 4359 vendiase
1446 4320 1494 4376 por
1519 4320 1611 4360 sacer-

364 4388 459 4446 dotem
476 4391 609 4446 Petonem
627 4406 677 4461 pro
697 4388 846 4461 nepotibus
860 4389 984 4445 Thomas
1002 4389 1068 4444 bani
1081 4390 1185 4446 scilicet
1205 4390 1268 4446 filiis
1288 4391 1419 4460 Thomae,
1436 4391 1560 4448 ihomae
1585 4397 1614 4448 et

366 4477 517 4549 Stephano,
528 4494 579 4549 pro
589 4477 792 4549 quinquaginta
803 4477 910 4533 marcis.
921 4476 1027 4533 Datum
1037 4493 1087 4548 per
1099 4493 1198 4533 manua
1208 4479 1332 4550 magistri
1343 4478 1488 4536 Michaelis
1501 4479 1613 4537 lectoris

366 4565 507 4622 ccclesiae.

419 4652 484 4709 θοὰ.
503 4651 572 4724 dipl.
588 4653 704 4723 patriae
726 4651 792 4710 711.
813 4655 855 4706 75.
874 4652 922 4708 Ec
940 4651 1052 4710 aretino
1070 4666 1136 4712 coss.
1149 4653 1268 4725 Erdddy
1281 4653 1447 4726 Golpocseas
1466 4653 1570 4714 ablate.
