3488 5380
655 407 658 412 ’
714 435 859 482 scema
1342 415 1406 484 247

162 601 313 660 dedinent
332 603 438 661 Contra
456 605 532 676 quod
559 605 693 677 praedicti
718 606 767 661 tilii
790 605 884 662 lindre
904 603 1114 677 responderunt,
1132 603 1209 676 quod
1234 603 1282 659 filii
1300 603 1409 674 Wrsty·

162 691 215 745 alsi
232 693 341 748 ratione
360 694 516 748 concambii
533 693 596 750 illos
619 695 655 749 00
672 697 807 749 vvretenos
825 699 913 749 terrae
930 691 1100 748 dimisissent
1117 692 1165 760 eis,
1181 690 1257 762 quod
1281 707 1408 747 concam·

162 777 242 833 bium
260 795 309 849 per
327 779 411 836 Wlxa
428 785 457 836 ct
473 779 574 852 Bodyk
601 780 629 836 in
652 785 725 836 terra
749 797 846 836 corum
869 783 966 836 eontra
987 779 1157 835 Obsbienscs
1184 779 1283 836 iecisse
1308 777 1408 834 retule-

161 869 235 933 runt,
260 866 340 922 ouius
359 868 444 923 series
462 867 491 922 in
508 867 606 923 litteris
624 867 738 939 capituli
762 867 925 924 continetur.
953 866 1065 936 Quibus
1088 865 1192 922 auditis
1214 881 1308 923 comes
1330 866 1408 938 ipsos

161 952 276 1022 triginta
293 957 428 1010 wretenos
452 953 517 1010 fillis
534 954 685 1026 Wratyalsi
710 959 852 1022 statuerat,
877 955 943 1026 quia
961 954 1010 1024 tilii
1032 953 1126 1010 lindie
1151 953 1329 1010 fideiussores
1347 969 1409 1024 pro·

161 1036 263 1094 ducere
290 1055 347 1095 non
366 1045 515 1112 potuerant
522 1058 530 1108 ;
550 1039 599 1096 sed
617 1041 796 1114 postmodnm
817 1047 975 1098 statuerunt
998 1057 1055 1108 coe,
1073 1040 1231 1112 etquidem
1255 1039 1408 1095 Martinam

160 1131 330 1193 ventrosum,
348 1127 495 1196 Daalsum,
513 1127 612 1196 Borch‚
631 1128 781 1195 lanchem,
807 1127 957 1197 Bormum,
982 1127 1156 1199 Stephanum
1177 1127 1266 1182 lilium
1288 1124 1408 1193 Nicolsi,

161 1211 285 1280 Endreb,
304 1213 476 1284 Minyalarun
494 1219 522 1270 et
539 1215 708 1288 Oporisium,
726 1216 775 1286 qui
794 1231 824 1270 se
841 1215 1019 1272 fideiussores
1032 1230 1094 1270 esse
1112 1231 1163 1286 pro
1181 1211 1246 1268 tiliis
1258 1212 1408 1284 Wrstyalni

160 1316 219 1355 non
238 1307 417 1371 negaverunt,
436 1300 568 1370 dicentes,
593 1301 670 1374 quod
695 1319 759 1358 cum
778 1301 827 1358 lilii
845 1301 947 1370 enne,
971 1302 1083 1374 populis
1101 1300 1136 1358 de
1155 1300 1260 1358 Obeobi
1282 1301 1310 1355 in
1336 1304 1410 1356 terra

161 1403 260 1442 eorum
278 1405 330 1460 pro
348 1387 432 1444 Wlxa
450 1393 478 1444 et
495 1389 597 1460 Budyk
620 1389 814 1446 concambium
838 1389 981 1446 dedissent
998 1405 1049 1462 pro
1067 1405 1110 1452 so,
1128 1389 1195 1460 quis
1206 1393 1279 1444 terra
1296 1388 1407 1444 illorum

161 1475 260 1531 melior
286 1480 361 1532 esset
384 1492 469 1547 quam
493 1483 566 1533 terre
584 1475 807 1547 Obocbiensium,
825 1477 889 1532 illos
915 1479 951 1533 00
973 1483 1102 1534 vretenos
1126 1474 1175 1531 lilii
1192 1475 1344 1548 Wratyzlai
1366 1491 1409 1530 re·

160 1562 309 1634 liquissent
332 1561 387 1617 illis
414 1569 550 1636 perpetuo
574 1563 775 1636 possidendos,
800 1563 962 1620 exhibentes
992 1580 1076 1635 super
1104 1563 1160 1620 boc
1189 1563 1273 1618 ctiam
1301 1561 1407 1618 litterar

160 1649 289 1718 comitis;
317 1649 353 1704 ad
379 1649 448 1706 baec
474 1651 618 1722 requisivit
635 1653 778 1724 praelatus
804 1666 898 1708 eomes
924 1649 1033 1708 nobiles
1060 1651 1153 1721 remi,
1176 1649 1317 1705 videlicet:
1345 1648 1406 1720 lly-

160 1737 287 1793 rorlanm
309 1753 450 1808 magnum,
475 1737 627 1795 licerinum
654 1739 791 1806 comitem,
816 1738 981 1794 lliicbaelem
998 1737 1034 1794 dc
1057 1736 1141 1804 Vrus,
1162 1735 1301 1793 Joannem
1320 1736 1408 1792 tilium

162 1823 293 1894 (irnsing,
312 1823 445 1880 Noretam
463 1825 551 1880 filiurn
569 1823 645 1882 sake
663 1831 691 1881 et
712 1825 864 1882 Martinam
885 1825 973 1880 filium
992 1823 1096 1896 Wlkoy
1113 1823 1149 1880 de
1166 1823 1247 1880 Blins
1265 1823 1314 1894 qul
1331 1822 1408 1879 dixs-

163 1916 238 1978 rnnt,
258 1909 333 1982 qnod
352 1911 402 1966 lilii
420 1911 572 1984 Wratyrlai
587 1912 790 1970 condemnandi
814 1917 907 1968 cuent
929 1913 1001 1968 siout
1023 1910 1162 1968 manifesti
1185 1910 1408 1967 calumniatores.

159 1996 230 2054 ideo
249 1997 361 2068 reliquit
377 2013 471 2054 comes
488 1999 566 2072 ipsos
583 2001 619 2056 30
636 2005 764 2056 vretenos
782 1999 847 2055 tiliis
871 1997 973 2068 Endre,
995 1999 1060 2054 liliis
1084 2003 1178 2056 autem
1196 1997 1347 2070 Wratyalai
1371 1997 1406 2052 si·

158 2085 219 2140 cuti
236 2085 483 2142 calumniatoribus
501 2086 648 2160 imponens
666 2091 832 2159 perpetuum
850 2086 998 2158 silentium.

216 2188 292 2261 Θήρ.
307 2205 385 2262 perp.
402 2191 434 2246 ic
451 2206 512 2248 mec
530 2191 695 2248 collectione.

213 2347 444 2405 Dccoxxvn.
470 2353 549 2408 1262.
568 2355 594 2406 3.
611 2351 740 2422 Augusti.
763 2350 832 2410 Bela
859 2349 909 2406 IV.
933 2365 982 2406 rex
1005 2350 1138 2419 notificat,
1157 2351 1234 2421 quod
1253 2351 1408 2420 Faroasius,

162 2437 247 2492 Petrc
264 2439 292 2490 et
310 2435 410 2492 Petrus
427 2435 526 2492 fratros
544 2437 689 2508 petiissent
706 2441 738 2492 nt
755 2441 856 2494 terram
874 2438 958 2494 castri
975 2436 1011 2493 de
1029 2436 1189 2494 Greseneba
1206 2438 1346 2494 Peotenna
1366 2439 1406 2494 cis

159 2522 287 2580 conterre
305 2527 334 2578 et
352 2523 496 2595 privilegio
514 2525 677 2580 confirmare
701 2524 870 2596 dignaretur,
894 2523 1076 2595 petitionibus
1100 2524 1252 2580 eorundem
1270 2525 1405 2596 J'nvennm

158 2611 351 2681 acquiescens,
369 2610 607 2682 consideratisque
624 2612 729 2668 meritis
746 2628 842 2670 sorum
862 2629 934 2684 quse
952 2613 985 2682 ei,
1004 2629 1099 2684 regno,
1117 2630 1174 2670 una
1196 2629 1260 2668 cum
1284 2613 1405 2671 Olivcrio

159 2698 295 2769 magistro
320 2698 524 2754 tavamioorum
545 2699 658 2769 reginae
681 2701 804 2756 consorti
826 2699 1027 2772 impenderant,
1051 2701 1154 2758 dictam
1175 2705 1277 2756 terram
1301 2699 1404 2756 eisdem

157 2785 278 2841 contulit
295 2790 324 2841 et
341 2785 465 2856 capitulo
489 2785 653 2844 Obasmensi
676 2785 819 2844 mandavit
841 2791 873 2842 nt
895 2803 952 2842 una
974 2803 1039 2842 cum
1062 2786 1174 2844 bomine
1200 2787 1324 2858 magistri
1348 2788 1405 2846 Oli·

157 2873 227 2930 varii
254 2871 406 2943 supradicti
427 2873 527 2930 comite
551 2871 587 2928 de
609 2873 768 2930 Grssencbe
791 2889 880 2930 nuum
904 2890 938 2929 ex
961 2874 1001 2930 eis
1024 2875 1142 2942 mittant,
1164 2875 1211 2945 qui
1230 2880 1331 2930 terram
1355 2891 1405 2946 per

157 2965 249 3016 metas
258 2959 448 3030 distingueret
466 2959 546 3016 Sicut
557 2976 592 3016 en
604 2961 701 3016 litteris
714 2962 829 3034 capituli
847 2966 925 3034 patet
936 2967 1011 3018 meta
1028 2966 1116 3017 terrae
1134 2960 1231 3033 incipit
1248 2961 1403 3020 stonense

156 3048 186 3102 in
205 3047 267 3118 ripa
283 3045 424 3102 Peclenna
440 3047 504 3102 binc
522 3065 571 3120 per
589 3049 690 3104 vallem
711 3049 813 3105 siccam
832 3054 860 3106 st
875 3048 1053 3105 ascendendo
1071 3053 1100 3104 ot
1117 3047 1310 3106 descendendo
1328 3048 1403 3104 cadit

156 3135 186 3190 in
205 3133 322 3190 fluvium
344 3133 510 3205 Glonnychs
535 3134 730 3205 (Glogovnioa)
748 3137 823 3192 venit
848 3135 885 3193 ad
908 3141 1009 3192 terram
1032 3135 1153 3191 filiorum
1176 3135 1280 3192 Knebk
1303 3140 1332 3192 et
1354 3153 1403 3208 per

156 3221 276 3278 Pomlov
295 3220 420 3277 ascendit
437 3220 473 3277 sd
492 3225 595 3278 metam
617 3221 692 3278 Petri
716 3223 765 3278 filii
789 3224 863 3280 Petri
887 3223 923 3279 de
945 3223 1084 3291 Monoalo,
1110 3222 1146 3278 sd
1168 3228 1270 3280 terram
1291 3222 1403 3279 Nicolai

158 3309 291 3379 Hungavi
310 3313 338 3364 et
355 3325 405 3380 per
422 3308 511 3364 valam
531 3309 663 3366 silvosam
675 3309 750 3366 cadit
767 3310 795 3366 in
813 3310 928 3366 fluvium
943 3311 1089 3380 Peclcnna,
1103 3309 1217 3368 Simone
1234 3311 1292 3367 fillo
1309 3310 1404 3367 Ireoba

156 3401 358 3465 commetansq
382 3413 401 3451 a
424 3395 539 3452 meridie
563 3401 636 3454 terra
659 3397 795 3468 Stephani
818 3397 933 3468 Ungari.
955 3398 1059 3454 Datum
1085 3414 1134 3470 per
1157 3413 1256 3454 manus
1279 3399 1403 3469 magistri

156 3483 239 3540 Pauli
257 3483 412 3556 praepositi
429 3483 562 3554 albensis,
579 3485 661 3540 aulas
679 3485 903 3541 vicecancellarii.
941 3534 943 3540 ,

211 3589 362 3734 σοῖῠῗίρῐ.
385 3589 501 3660 patrias
523 3589 586 3647 Vll.
602 3607 632 3660 p.
653 3595 695 3645 81.
713 3591 762 3646 Es
786 3592 858 3647 cetis
885 3605 950 3648 coos
974 3591 1094 3662 murac
1118 3607 1133 3647 e
1158 3591 1275 3649 &ostio
1300 3591 1401 3662 Gabo-

158 3693 235 3735 crcas
300 3677 363 3734 atu.

209 3815 608 3876 Docoxxvm.s1misat.
627 3821 708 3876 12⁶2.
726 3821 751 3874 0.
769 3817 944 3888 Septembris.
968 3818 1106 3890 Tempore
1130 3818 1239 3874 comitis
1260 3818 1356 3875 lindos
1373 3820 1401 3874 in

156 3905 284 3972 Almisio,
302 3903 377 3960 idem
394 3921 488 3960 comcs
506 3903 603 3960 deos
621 3909 649 3960 ct
666 3921 759 3961 comcs
777 3903 796 3960 J
799 3921 862 3960 nrra
879 3921 943 3960 cum
962 3905 1020 3960 suis
1038 3904 1203 3977 propinquis
1222 3911 1250 3960 et
1267 3921 1330 3961 cnm
1342 3910 1402 3962 tota

156 3993 355 4050 communitate
373 3992 491 4048 civitatis
509 3993 666 4061 testificant,
685 3991 760 4064 quod
779 3991 815 4046 ad
834 4009 931 4048 eorum
955 3993 1093 4048 civitatem
1111 3992 1296 4048 accessissent
1312 3993 1402 4048 nuntii

156 4080 365 4151 Ragnsinornm
383 4079 503 4135 scilicet:
521 4079 605 4136 stater
622 4079 744 4136 liliohsel
767 4079 802 4136 de
825 4079 921 4136 ordine
941 4079 1167 4136 Praedicatorum
1191 4085 1220 4136 et
1243 4081 1342 4136 Petrus
1366 4080 1401 4146 de

156 4166 277 4222 Kercusi
294 4183 359 4222 cum
376 4166 474 4222 litteris
489 4165 611 4238 Philippi
631 4167 775 4223 Conterini
792 4167 901 4223 comitis
913 4167 1030 4238 Ragusii
1047 4161 1076 4222 ct
1092 4168 1178 4222 totius
1195 4168 1402 4224 communitatis

156 4253 283 4310 eiusdem
305 4258 402 4322 terrae,
420 4254 469 4324 qui
490 4254 713 4325 composuissent
737 4253 840 4310 bonam
862 4270 959 4326 pacem
977 4270 1041 4310 cum
1059 4254 1226 4309 Almissanis
1245 4269 1295 4325 pro
1312 4253 1400 4310 bomi-

156 4340 230 4398 cidio
254 4345 413 4413 perpetrato
431 4341 459 4396 in
479 4341 605 4418 Ragrrsio
627 4341 746 4398 duorum
772 4341 915 4397 hominum
934 4346 962 4396 ct
979 4341 1060 4396 tertio
1079 4340 1226 4408 semivivo;
1243 4345 1271 4396 et
1288 4339 1401 4411 quidem

156 4427 265 4484 dabunt
290 4427 426 4498 ngusini
453 4445 504 4500 pro
530 4433 618 4485 morte
648 4429 699 4484 filii
725 4428 826 4484 Rudini
850 4427 997 4500 Spartalisi
1028 4428 1079 4484 160
1107 4426 1193 4481 libras
1222 4425 1400 4484 denariorum

156 4515 337 4587 parvulorum
359 4519 531 4584 venetorum,
555 4519 583 4571 et
600 4532 651 4587 pro
675 4521 764 4572 morte
781 4515 873 4571 Varse
891 4515 940 4570 lilii
964 4513 1070 4570 Vosoie
1094 4514 1146 4570 150
1167 4513 1251 4570 libras
1276 4513 1400 4571 eiusdem

155 4607 286 4658 monetas
304 4607 332 4657 et
350 4619 402 4673 pro
425 4603 482 4658 tilio
507 4602 607 4659 Slavce
623 4607 725 4675 nepote
748 4603 881 4673 Dragani,
906 4603 954 4673 qui
979 4601 1032 4658 init
1055 4601 1090 4657 ad
1113 4605 1231 4657 mortem
1252 4618 1401 4674 percussus

157 4688 244 4745 libras
270 4689 313 4745 40.
338 4687 423 4758 Quod
446 4689 533 4746 velint
553 4689 662 4746 firmam
688 4706 786 4761 pacem
812 4694 915 4760 tenere,
938 4691 1068 4762 jurarunt
1093 4703 1187 4748 eomes
1214 4689 1311 4746 deos
1336 4690 1403 4746 item
