3480 5356
329 389 394 456 352
480 429 482 437 ,
836 415 856 455 1.
868 358 1065 476 nunciarunt,

330 579 384 634 fuit
400 593 516 648 reguum
534 583 563 634 ιι
579 575 730 634 deventum
748 575 784 632 ad
802 577 902 632 Martie
920 577 1078 632 certamina.
1096 575 1177 632 Idem
1188 575 1271 632 etiem
1285 583 1457 648 praesentem
1476 595 1570 652 regem

331 682 382 722 suo
394 665 521 736 regimini
539 666 578 720 sic
596 664 711 734 addixit,
729 671 761 720 ut
778 681 827 720 rex
845 665 884 720 nil
902 665 954 720 nisi
967 665 1045 720 iuxta
1057 664 1145 736 ipsius
1156 663 1176 720 J
1177 665 1295 722 cachiml
1310 665 1453 723 arbitrium
1467 667 1571 724 audeat

330 771 479 909 οἭιιε
500 841 565 898 Ood.
583 841 652 912 dipl.
673 843 701 897 Τ.
727 840 757 896 V.
774 840 827 897 eol.
845 841 885 900 11.
900 857 930 912 p.
942 845 1000 896 315.

382 981 574 1039 Mexcvm.
593 985 673 1036 12⁷6.
694 980 842 1036 Ladislans
859 981 911 1036 1v.
930 998 979 1038 rex
997 981 1195 1038 Mainlnardum
1219 983 1349 1038 comitem
1373 983 1488 1056 lprclis,
1508 984 1570 1040 (lle-

328 1071 448 1127 mentiae
465 1071 538 1126 filiae
556 1068 698 1141 Rudolphi
720 1070 902 1142 imperatoris,
925 1069 1003 1126 lustri
1026 1085 1078 1126 suc
1101 1069 1230 1126 Andreae
1254 1069 1319 1126 doci
1343 1070 1492 1128 Shvoniae
1514 1071 1571 1129 dis-

330 1157 493 1231 pensandae
510 1157 607 1228 gratia,
625 1158 700 1212 vices
717 1173 784 1212 suas
801 1157 977 1229 interponere
995 1158 1073 1228 petit

384 1247 480 1316 Fey'er:
500 1244 565 1302 (lod.
588 1243 657 1314 dipl.
685 1246 713 1300 Τ.
736 1243 801 1300 VII.
818 1243 871 1300 ecl.
889 1245 930 1300 Π.
945 1261 976 1314 p.
993 1249 1037 1298 ts.

384 1383 818 1440 mcx01x.127al,adislsns
841 1383 893 1440 IV.
910 1401 960 1440 rex
977 1381 1109 1453 notificet,
1133 1383 1209 1456 quod
1232 1383 1412 1442 considerans
1435 1384 1571 1458 obsequia

330 1478 359 1529 et
375 1470 472 1528 fideles
490 1472 642 1528 somniatus
659 1471 764 1528 Enardi
782 1473 898 1542 comitis,
916 1472 965 1528 tilii
983 1471 1096 1542 Enardi,
1114 1487 1186 1542 quoe
1199 1473 1270 1544 petri
1281 1472 1343 1544 ejus
1355 1473 1414 1544 regi
1426 1473 1570 1546 Stephano

332 1567 360 1616 et
377 1561 402 1616 ei
420 1559 483 1632 ipso
510 1559 689 1631 impenderat,
714 1560 942 1616 remuneran'onis
966 1559 1101 1616 beneficio
1126 1559 1222 1616 velens
1245 1559 1421 1632 respondere,
1445 1561 1472 1615 in
1496 1577 1570 1618 com·

330 1649 524 1720 pensationem
541 1647 715 1703 servitiorum
729 1645 852 1702 eiusdem
864 1645 989 1702 lohannl
1007 1646 1115 1718 pupillo
1133 1663 1193 1715 suo,
1211 1645 1303 1702 adhuc
1321 1647 1349 1702 in
1367 1653 1458 1702 aetate
1475 1652 1571 1703 ιιιιιιι

330 1736 490 1802 constituto,
509 1735 581 1790 hanc
597 1735 716 1805 gratim
733 1733 814 1788 duxit
831 1731 995 1796 faciendam,
1016 1731 1092 1804 quod
1115 1733 1213 1806 populi
1231 1735 1321 1805 ipsius
1338 1733 1476 1791 lobannis
1501 1735 1571 1789 inter

330 1823 407 1879 zava
424 1829 453 1879 et
470 1823 545 1878 Basa
564 1822 664 1892 (Bosut
681 1825 731 1877 aut
749 1821 853 1890 Bosna)
871 1822 1022 1877 existentes
1040 1820 1185 1877 collectam
1198 1821 1367 1890 victualium,
1385 1837 1458 1892 quae
1475 1823 1571 1892 vulga·

329 1911 395 1967 riter
416 1909 549 1966 Zalusina
566 1908 675 1978 dicitur,
693 1913 721 1964 et
738 1909 952 1964 mamurinsrum
970 1909 1078 1964 solvere
1095 1907 1229 1966 debentes
1252 1910 1331 1965 iuxta
1352 1914 1442 1965 terrae
1464 1923 1569 1964 morem

330 2005 359 2055 et
383 1995 611 2055 consuetudinem
638 1996 831 2068 approbatam,
857 2013 875 2050 a
903 1995 1093 2052 iurisdictione
1118 1995 1183 2051 bsni
1208 2013 1258 2068 pro
1280 2001 1405 2080 tempore
1428 1995 1570 2052 constituti

330 2089 466 2158 perpetuo
493 2082 615 2155 expediti
634 2083 689 2138 sint
707 2084 817 2154 penitus
835 2087 864 2138 et
880 2083 1010 2154 exempti.
1032 2083 1137 2140 Datum
1156 2099 1204 2155 pes
1222 2099 1321 2140 manus
1343 2083 1467 2154 magistri
1483 2083 1570 2138 Bene·

330 2173 397 2229 dicti
419 2171 617 2242 strigoniensis
634 2170 768 2226 ecclesiae
791 2171 880 2239 electi,
903 2170 1052 2242 praepositi
1075 2170 1220 2238 Budensis,
1242 2171 1323 2227 aulae
1347 2170 1570 2228 vicecancellarii

330 2259 521 2316 Existentibus
539 2259 557 2314 i.
575 2275 598 2314 c.
616 2258 746 2314 Jclsanne
764 2258 973 2330 archiepiscopo
985 2257 1152 2329 Spalateusi,
1167 2258 1322 2330 Tymctheo
1340 2258 1459 2329 Zagrab.
1477 2259 1570 2329 episc,

330 2349 415 2404 Petro
441 2347 566 2420 palatim
593 2346 694 2402 comite
718 2345 911 2417 supruniensi,
935 2347 1018 2418 ldoys
1038 2344 1133 2416 judice
1156 2346 1248 2402 curiae
1271 2347 1372 2402 comite
1395 2345 1570 2418 Symigiensi,

330 2435 439 2492 Thema
455 2433 530 2490 bano
547 2434 634 2492 totius
654 2429 807 2501 Slavsniae,
826 2431 922 2488 llicud
941 2432 1016 2488 beno
1033 2431 1069 2487 de
1086 2432 1229 2489 Zeverinc.

383 2525 480 2593 Pejor.-
500 2522 565 2580 (lod.
584 2521 654 2592 dipl.
675 2521 704 2577 ι’.
727 2519 757 2576 V.
781 2520 833 2577 ool.
851 2521 893 2576 H.
911 2536 939 2590 p.
959 2525 1021 2575 339.
1045 2519 1164 2576 Wenselr
1188 2521 1254 2578 θοι.
1277 2521 1347 2592 dipl.
1365 2521 1475 2592 Arpod.
1498 2521 1569 2578 XII.

328 2625 395 2680 pop.
414 2613 474 2667 173.
1620 2607 1623 2616 '

383 2749 473 2806 1100.
491 2753 571 2806 1276.
591 2750 770 2821 Praepositae
788 2754 817 2804 et
833 2749 986 2821 capitulum
1005 2749 1300 2819 Quinqueecclesiense
1312 2749 1460 2806 testificant
1477 2749 1570 2806 vendi·

329 2838 433 2894 tionem
456 2843 544 2894 ιιιτιι
566 2837 728 2895 Kurmuaov
749 2838 778 2892 in
803 2837 937 2894 comitatu
963 2835 998 2891 de
1021 2835 1139 2906 Bataua,
1154 2853 1239 2907 quam
1264 2837 1313 2892 filii
1336 2837 1444 2894 comitis
1462 2838 1571 2895 Oletie

330 2924 479 2981 Homerico
497 2925 556 2981 lilio
574 2924 709 2998 Stephani
728 2925 794 2982 bani
812 2923 847 2981 de
864 2940 966 2996 genere
984 2923 1082 2980 Chaak
1100 2929 1303 2996 compararunt

388 3013 510 3070 Wentelt
532 3013 597 3071 coa.
615 3013 685 3084 dipl.
705 3013 812 3083 Arpod.
832 3013 931 3082 1114).
952 3016 1011 3069 163.

383 3153 488 3209 mum.
511 3157 593 3209 1276.
617 3153 635 3208 J
639 3153 732 3210 udices
751 3161 778 3211 ιι
796 3156 917 3228 populus
941 3153 1134 3224 Traguriensis
1161 3159 1259 3225 petunt
1283 3171 1300 3210 a
1325 3153 1475 3212 Benedicio
1502 3153 1571 3210 sm·

330 3239 455 3312 goniensi
480 3239 612 3296 ecclesiae
630 3240 838 3313 archiepiscopo
864 3241 1047 3313 patrocinium
1071 3241 1132 3296 eius
1158 3247 1254 3298 contm
1276 3241 1416 3298 Juaunem
1437 3241 1570 3313 archiepi-

330 3344 446 3399 scopum
465 3325 666 3400 Speietensem,
691 3328 739 3398 qui
763 3329 790 3382 in
814 3343 900 3384 cause
921 3330 991 3384 inter
1015 3329 1160 3386 ecclesiam
1178 3329 1390 3400 Tragurieusem
1412 3333 1440 3385 ιι
1463 3329 1571 3386 sibeni-

330 3431 440 3471 oensem
467 3413 561 3486 quoad
585 3413 806 3486 jurisdictionem
824 3416 948 3486 episcopi
967 3416 1047 3487 Trag.
1074 3417 1128 3472 iam
1156 3415 1263 3472 dudum
1280 3418 1409 3489 sopitam,
1428 3417 1573 3473 suscitavit

330 3519 417 3560 novas
434 3503 621 3559 calumniosas
639 3507 667 3558 et
685 3501 788 3557 arduas
805 3503 972 3573 questiones.

381 3585 509 3647 Parieti:
527 3589 601 3646 Illis.
619 3600 691 3646 soor.
715 3591 744 3647 Τ.
763 3589 813 3646 IV.
827 3607 857 3660 p.
876 3595 936 3646 357.

382 3729 660 3788 proclamare.
683 3731 844 3790 Februarii.
870 3732 1033 3805 Capitulum
1060 3733 1238 3790 Chasmensis
1263 3735 1396 3791 melesius
1422 3735 1568 3806 significet,

330 3817 406 3890 quod
424 3817 460 3874 cb
479 3835 535 3874 una
559 3825 637 3891 parte
660 3819 794 3888 leocbus,
817 3821 976 3892 Stephanus
1001 3827 1029 3876 et
1053 3821 1204 3877 Farcasius
1228 3822 1277 3877 filii
1300 3823 1425 3893 Drupsn,
1449 3823 1570 3880 Domald

330 3911 359 3962 ιι
375 3905 447 3962 Bold
465 3905 514 3960 filii
535 3906 632 3978 Bylelr,
657 3907 767 3978 Endrey
786 3913 813 3963 et
832 3908 961 3979 Domady
985 3909 1033 3964 lilii
1058 3907 1220 3980 Vulcedrug
1241 3909 1406 3981 jubagiones
1430 3910 1512 3966 caeni
1534 3910 1571 3967 de

331 3993 442 4062 Gurich,
460 4007 494 4048 er
512 3993 600 4050 altera
616 4011 682 4050 vero
700 3995 778 4062 Ivan,
797 3995 967 4050 Gerachinus
985 4001 1014 4051 ιι
1034 3996 1201 4054 Benedictus
1223 3997 1272 4054 filil
1294 3999 1419 4068 Morcun,
1441 4015 1571 4071 persona·

329 4081 392 4136 liter
410 4081 555 4138 constituti
574 4081 641 4137 fassi
659 4081 723 4150 sint,
742 4081 817 4152 quud
833 4081 915 4137 iidem
935 4083 984 4139 filil
1001 4085 1119 4156 Drugan
1137 4093 1165 4143 et
1182 4087 1231 4142 filii
1249 4087 1337 4158 Bylelr
1356 4095 1384 4142 et
1401 4085 1450 4143 filil
1468 4088 1571 4144 Vulcc-

330 4168 410 4240 dmg,
428 4168 491 4223 liliis
510 4169 628 4224 Morcun
646 4175 733 4225 totam
746 4175 845 4225 terram
864 4185 959 4226 eorum
973 4172 1000 4226 in
1014 4171 1117 4229 Gurich
1129 4175 1300 4244 existentem,
1313 4173 1501 4232 vendidissent
1519 4191 1570 4248 pro

329 4257 365 4313 20
382 4257 491 4321 marcis,
509 4271 573 4312 eum
591 4273 647 4311 uuo
665 4257 825 4313 molendino
846 4259 900 4314 sito
920 4275 1006 4331 supra
1028 4277 1130 4331 aquam
1155 4262 1291 4332 (lomoria,
1315 4279 1349 4320 ec
1373 4279 1437 4320 cum
1460 4261 1570 4320 duabus

330 4345 426 4414 vineis,
445 4345 504 4399 sitis
524 4361 608 4416 super
635 4349 736 4400 terram
760 4345 883 4402 'rhomae
909 4347 957 4402 lilii
981 4349 1101 4420 Borivoy
1124 4351 1280 4408 et'vineam
1304 4353 1438 4409 ecclesiae
1456 4370 1478 4408 s.
1498 4353 1571 4408 Mar·

331 4433 382 4486 tini
399 4437 427 4488 et
445 4433 554 4488 vineam
570 4431 731 4507 jobagionis
759 4433 843 4489 Blasii
862 4436 999 4492 stlocum
1018 4437 1101 4491 nnius
1118 4438 1268 4494 molendini
1292 4455 1376 4513 snper
1399 4455 1502 4512 aquam
1519 4439 1572 4496 Oe·

331 4519 479 4575 memicha.
500 4519 639 4576 Metarum
658 4525 750 4576 autem
776 4528 864 4577 terrae
885 4523 974 4594 prima
991 4523 1096 4595 incipit,
1115 4531 1221 4581 eterra
1239 4525 1356 4584 liliorum
1376 4529 1503 4596 Morcun,
1522 4527 1571 4582 ubi

331 4617 407 4676 aqua
433 4605 614 4662 Gemernlchs
632 4613 660 4663 et
677 4609 809 4664 Oomoria
831 4610 1018 4681 coniuguntns
1041 4613 1120 4667 iuxta
1138 4617 1238 4668 terrem
1255 4615 1382 4672 Rolandl.
1406 4616 1460 4672 Per
1481 4615 1573 4671 ιιι-ιιι

330 4695 424 4751 metes
443 4692 534 4751 eundo
553 4697 629 4751 venit
646 4695 681 4752 ad
699 4701 800 4753 terram
819 4697 933 4770 Georgii
951 4697 1001 4754 lilii
1020 4699 1140 4770 Bcgdas,
1154 4705 1182 4756 et
1193 4701 1266 4756 cadit
1282 4702 1310 4756 in
1329 4719 1430 4775 equum
1448 4703 1572 4761 Ohasma
