3376 5350
332 417 397 482 404
837 429 857 474 1.
870 416 1079 487 assumaris,

332 609 418 678 gister
435 607 588 664 Joachinus
606 608 711 664 nullam
730 609 921 665 infidelitatem
941 615 1037 664 contra
1049 626 1129 666 auam
1142 611 1316 668 Maiestatem
1336 611 1515 681 commiserit,
1529 613 1590 668 imo

333 713 442 768 semper
459 697 484 752 ei
504 697 611 752 studuit
629 697 818 768 multipliciter
835 699 893 752 artis
911 699 1057 752 meritoriis
1075 699 1193 754 servitiis
1211 700 1392 772 complacere,
1406 701 1466 757 vult
1485 703 1586 774 itaque

333 791 365 838 ut
383 786 475 840 omnia
494 785 636 856 privilegia
655 785 714 840 eius
733 790 761 840 et
779 786 887 840 litterae
906 786 965 840 eius
983 787 1006 840 si
1025 802 1096 856 quae
1114 803 1198 858 super
1209 787 1369 842 huiusmodi
1389 787 1463 844 lacto
1484 799 1587 845 contra

333 872 438 927 dictum
465 874 630 943 magistrum
655 872 824 928 Joachinum
843 874 1034 944 processerint,
1059 881 1209 939 curemur,
1236 883 1264 930 et
1288 877 1446 947 ubicunque
1475 877 1586 933 fuerint

336 965 527 1030 praesentatae
545 961 616 1015 vires
634 978 689 1016 non
708 961 836 1029 habeant,
856 962 921 1030 quia
940 961 1030 1016 dictus
1049 964 1180 1032 magister
1197 963 1352 1018 Joachiuus
1373 981 1424 1036 pro
1443 965 1586 1021 fidelitate

333 1063 451 1102 coronae
470 1049 560 1119 regiae
579 1048 672 1103 debita
692 1065 739 1120 per
757 1065 823 1104 suos
841 1049 1025 1104 aemulatores
1045 1050 1136 1104 extitit
1154 1050 1342 1122 interemptus.

390 1135 515 1189 Wcorel:
537 1135 602 1190 Cori.
621 1135 690 1204 dipl.
709 1137 778 1204 Arp.
797 1135 852 1189 IX.
872 1139 932 1190 444.

386 1241 626 1296 mouoxovm.
645 1244 758 1310 Dnyno.
778 1244 854 1296 1286.
873 1243 898 1293 6.
917 1242 1009 1296 Jamii.
1028 1243 1061 1296 In
1080 1243 1196 1298 ecelesia
1219 1261 1240 1298 ι.
1258 1243 1396 1300 iohannis
1414 1245 1449 1306 de
1467 1246 1585 1316 Duyn0,

333 1329 525 1400 praesentibus
544 1328 666 1383 Wolrico
686 1329 721 1384 de
739 1327 926 1399 Rifl'enbergh,
944 1329 1056 1385 Andrea
1083 1329 1118 1384 de
1142 1330 1256 1394 Peunia,
1279 1331 1411 1387 Gebardo
1434 1333 1468 1388 de
1494 1333 1585 1388 Eber-

330 1423 419 1486 atayn,
437 1415 566 1472 Johanne
585 1415 672 1484 Geno,
692 1417 805 1472 Andrea
823 1415 951 1484 Grusoni,
971 1417 1184 1474 Bartholomaeo
1209 1417 1301 1486 Gritti¹
1323 1419 1407 1474 Petro
1432 1419 1583 1492 Mangono

331 1503 365 1556 dc
393 1503 515 1558 Forliuio
540 1510 568 1558 et
592 1504 653 1558 aliis
676 1503 794 1559 testibus
822 1505 933 1575 rogatis,
957 1505 1043 1558 initus
1070 1511 1112 1559 est
1136 1509 1294 1560 contractus
1312 1508 1480 1563 matrimonii
1506 1509 1583 1564 inter

330 1591 466 1646 illustrem
485 1593 631 1646 Albertum
650 1595 780 1646 comitem
799 1592 923 1647 Goritiae
941 1609 974 1646 cx
994 1610 1049 1647 una
1068 1600 1146 1664 parte
1165 1600 1192 1648 et
1210 1593 1385 1648 Albertinum
1401 1594 1579 1650 Macroceuo

332 1679 367 1733 de
385 1679 505 1734 Venetia
524 1681 652 1734 nuntium
672 1696 721 1750 pro
739 1679 839 1734 illustri
866 1680 978 1735 domino
1002 1681 1122 1748 Andrum,
1146 1681 1189 1735 dei
1213 1681 1303 1752 gratie
1328 1681 1399 1737 duce
1426 1681 1580 1739 Slavoniae

333 1773 434 1836 nepote
453 1766 520 1820 olim
539 1765 667 1821 Andreae
685 1768 758 1837 regis
776 1767 916 1837 Ungariae
936 1783 969 1821 ex
987 1768 1082 1836 altera,
1101 1768 1127 1822 vi
1146 1769 1225 1838 cujus
1248 1784 1341 1824 comes
1366 1769 1500 1825 Albertus
1527 1789 1583 1826 aua

331 1861 485 1925 spontanea
503 1855 644 1908 voluntate
663 1855 790 1925 promisit
808 1854 863 1908 fide
881 1855 1003 1909 manuali
1019 1857 1048 1909 in
1066 1856 1195 1910 manibus
1220 1855 1286 1910 dicti
1310 1855 1415 1911 domini
1439 1857 1583 1913 Albertini

333 1941 399 1996 dare
417 1942 502 1996 liliam
522 1959 600 1995 suam
620 1941 731 1996 (liuram
756 1943 785 1996 in
810 1959 923 1996 uxorem
950 1944 1159 2012 praenominato
1184 1943 1283 1998 illustri
1311 1943 1422 1999 domino
1446 1945 1583 2002 Andreae

331 2029 375 2084 dei
395 2031 484 2100 gratia
503 2029 566 2084 duci
594 2031 680 2084 totius
705 2029 860 2096 Bistoniae,
885 2036 914 2084 et
937 2030 1011 2084 idem
1036 2029 1062 2083 d.
1088 2029 1249 2084 Albertinus
1272 2030 1427 2086 avunculus
1451 2031 1583 2087 eiusdem

331 2115 409 2170 ducis
428 2117 539 2171 nomine
557 2117 644 2187 ipsius
670 2117 773 2171 dictam
792 2117 818 2170 d.
838 2115 957 2184 (ilerum,
981 2117 1124 2171 nominato
1150 2116 1278 2172 Andreae
1297 2117 1390 2187 nepoti
1410 2133 1461 2173 auo
1480 2135 1585 2190 aecep-

331 2205 398 2257 tnrit
424 2205 549 2274 accipere
572 2205 600 2258 in
629 2221 751 2258 uxorem.
777 2204 813 2258 Et
837 2205 902 2274 quia
921 2203 1025 2258 domini
1045 2203 1102 2258 dux
1120 2211 1148 2258 et
1167 2221 1259 2258 comes
1287 2213 1475 2260 convenerunt
1500 2223 1583 2277 prac-

333 2291 438 2346 dictum
458 2292 662 2346 matrimonium
676 2307 725 2361 per
738 2292 880 2361 corporale
893 2297 1094 2346 sacramentum
1108 2291 1259 2362 perducere
1271 2290 1307 2344 ad
1320 2293 1459 2360 affectum,
1471 2293 1583 2349 ideirco

331 2378 366 2432 de
384 2378 527 2432 rolrrntate
545 2379 663 2448 partium
683 2377 790 2432 nobiles
809 2378 858 2432 viri
877 2379 965 2449 Hugo
991 2379 1026 2432 de
1050 2378 1161 2448 Duyno,
1186 2385 1215 2434 et
1238 2379 1363 2434 Jacobus
1390 2380 1425 2434 de
1449 2381 1584 2452 Ragonio

331 2482 381 2536 pro
399 2474 477 2536 parte
497 2467 521 2520 d.
542 2467 650 2520 cernitis
667 2467 695 2520 in
714 2467 834 2520 animam
850 2466 937 2536 ipsius
950 2467 1066 2533 comitis,
1080 2475 1108 2520 et
1120 2467 1281 2521 Albertinus
1293 2465 1464 2522 Mauroceno
1478 2477 1507 2524 et
1519 2469 1585 2522 Ma-

331 2556 406 2608 rinus
425 2554 594 2624 Pasqualigo
613 2571 663 2624 pro
682 2561 760 2625 parte
779 2554 805 2607 d.
825 2554 903 2609 ducis
921 2556 949 2608 in
968 2556 1089 2609 animam
1107 2556 1202 2624 ipsius,
1222 2572 1306 2627 super
1324 2555 1411 2611 altare
1424 2572 1445 2610 s.
1458 2555 1584 2611 Joannis

330 2643 411 2697 tactis
430 2642 580 2713 evangeliis
598 2643 765 2696 iuraverunt
789 2642 928 2713 Scriptum
948 2659 997 2713 per
1015 2643 1172 2697 Ottolinum
1191 2641 1226 2697 de
1243 2643 1414 2714 Justinopoli
1437 2645 1584 2698 notarium

332 2730 505 2801 subcriptum
527 2747 576 2800 per
589 2729 714 2784 Marcum
734 2729 829 2786 Siboto
845 2732 991 2796 notarium,
1013 2730 1093 2786 aulae
1106 2731 1241 2786 Venetiae
1259 2732 1385 2786 scribam.
1405 2729 1521 2798 (Oouier
1541 2749 1585 2786 nr.

331 2817 552 2884 MCGCLXVLJ
1094 2857 1098 2860 -

381 2907 485 2961 Archiv
504 2906 552 2960 der
570 2907 594 2960 lc.
614 2907 638 2960 lc.
659 2905 828 2960 Akadeauiae
847 2905 872 2959 d.
897 2906 978 2959 Wias.
999 2909 1074 2958 1⁸94.
1094 2907 1118 2960 1.
1138 2907 1180 2961 II.
1196 2923 1225 2975 p.
1245 2909 1305 2960 201.

381 3010 592 3065 MGOGXOIX.
611 3011 744 3066 venetiis
773 3013 846 3064 1256.
865 3015 908 3066 22.
933 3011 1026 3066 Jrrnii.
1051 3011 1140 3082 Capta
1164 3011 1218 3065 fuit
1244 3027 1307 3082 pars
1332 3011 1441 3066 maioris
1466 3011 1582 3066 oonsilii

331 3099 406 3170 quod
426 3099 537 3169 quando
556 3115 648 3153 comes
673 3098 787 3170 Ragusii
813 3099 982 3168 const-ringet
1006 3099 1132 3153 homiues
1150 3099 1184 3154 de
1203 3099 1327 3170 Ragusio
1347 3105 1452 3154 utnon
1472 3099 1583 3152 radant

331 3190 358 3242 in
378 3195 464 3241 terras
484 3203 580 3258 regum
599 3185 716 3240 Rosciae
734 3193 762 3240 et
781 3188 891 3256 reginae
904 3187 999 3240 matris
1012 3203 1115 3254 eorum,
1130 3188 1218 3258 possit
1231 3187 1418 3256 constringere
1431 3187 1517 3240 etiam
1531 3185 1585 3239 ho-

331 3277 418 3329 mines
441 3275 475 3328 de
500 3275 625 3328 Venetiis
647 3287 674 3328 et
687 3273 811 3328 Venetos
835 3280 1000 3328 mercatores
1020 3275 1066 3344 qui
1085 3281 1179 3328 essent
1197 3274 1312 3344 Ragusii
1331 3279 1362 3327 ut
1381 3290 1437 3327 uon
1457 3273 1584 3329 debeant

330 3364 370 3416 ire
395 3363 423 3414 in
449 3362 536 3415 dictas
561 3367 661 3431 partes.
689 3361 760 3415 Item
784 3361 883 3416 debent
907 3361 1036 3415 destinari
1061 3363 1200 3416 communi
1225 3361 1339 3431 Ragusii
1365 3377 1421 3416 una
1444 3361 1527 3431 galea
1555 3369 1586 3419 et

331 3467 415 3504 unum
430 3449 535 3519 lignum
551 3449 587 3502 ad
600 3449 781 3503 offensionem
799 3449 1019 3504 Almiaeanorum
1039 3454 1067 3503 et
1085 3449 1202 3503 aliorum
1221 3449 1438 3504 malefactorum.

381 3536 498 3604 Ljubt'c‘:
516 3537 595 3589 Μοιι.
616 3537 640 3588 Ι.
656 3553 684 3604 p.
705 3540 763 3589 143.

382 3641 474 3696 MCD.
495 3644 569 3696 1286.
596 3641 738 3696 Elisabeth
762 3643 850 3695 maior
873 3643 967 3711 regina
991 3642 1154 3712 Hungariae
1173 3641 1303 3708 notificat,
1322 3640 1397 3712 quod
1416 3641 1503 3696 nobili
1527 3643 1582 3698 do-

330 3730 405 3783 mina
423 3729 518 3782 relicta
537 3729 643 3783 comitis
661 3728 803 3782 Laurentii
822 3730 857 3783 ab
876 3747 932 3784 trus
950 3736 1036 3800 parte,
1056 3730 1188 3798 magistro
1212 3729 1330 3794 Joanne‚
1348 3729 1450 3796 jurene
1475 3729 1584 3785 domus

330 3817 442 3885 reginae
460 3833 515 3870 una
534 3833 596 3870 eum
616 3815 747 3869 fratribus
766 3818 831 3882 suin,
859 3816 994 3887 Gregorio
1019 3817 1161 3871 sacerdote
1185 3824 1213 3870 et
1237 3815 1399 3886 Marcolpho
1419 3817 1523 3872 comite
1543 3819 1583 3872 ab

332 3905 427 3968 ultera,
446 3920 536 3956 coram
555 3903 603 3957 illa
621 3903 802 3972 personaliter
820 3905 985 3969 constitutis,
1008 3906 1161 3974 quaesitum
1182 3905 1284 3958 extitit:
1314 3911 1345 3958 ut
1368 3904 1581 3974 possessiouem

333 4009 381 4046 seu
401 3991 493 4044 villam
513 3990 677 4045 Berzeniche
697 3998 821 4044 vocatam
840 3992 868 4044 in
889 3992 1021 4045 comitatu
1041 3991 1075 4045 de
1096 3991 1210 4060 Posaga,
1224 4007 1306 4060 quarn
1320 3991 1416 4060 regina
1428 3989 1522 4045 eidem
1539 4010 1584 4046 re·

332 4081 413 4148 lictae
426 4080 564 4134 Laurentii
585 4097 634 4149 pro
653 4080 768 4132 notoriis
781 4080 898 4132 servitiis
912 4079 1066 4133 contulerat
1078 4096 1142 4132 cunr
1155 4077 1230 4132 ouini
1244 4078 1376 4132 facultate
1388 4077 1513 4146 tenendi,
1527 4077 1583 4133 do·

330 4167 422 4232 nandi,
435 4167 573 4221 vendendi
584 4171 634 4222 ete.
646 4167 764 4220 vendere
776 4167 862 4236 possit
874 4167 948 4220 dicto
958 4167 1090 4236 magistro
1098 4166 1116 4221 J
1119 4167 1200 4220 oanni
1211 4175 1238 4220 et
1248 4165 1378 4220 fratribus
1388 4165 1454 4220 suis.
1465 4165 1584 4236 Regina

331 4255 517 4319 considerans,
536 4254 612 4322 quod
631 4254 696 4307 dicti
715 4253 838 4308 Joaunes
851 4261 878 4307 et
892 4253 1042 4323 Gregorius
1061 4253 1189 4308 sacerdos
1207 4252 1319 4306 saeculo
1338 4253 1530 4306 renuntiantes
1552 4260 1583 4308 et

330 4343 382 4396 deo
406 4343 507 4395 servire
535 4358 564 4395 se
589 4349 727 4406 voventes,
752 4341 876 4394 habitum
906 4341 1108 4394 Orociserorum
1134 4347 1161 4394 ct
1185 4338 1301 4392 fratmm
1330 4338 1430 4392 domus
1458 4339 1582 4395 militiae

329 4431 437 4500 Templi
448 4430 636 4492 assumserint,
647 4429 803 4498 praedictae
813 4429 924 4482 relictae
935 4429 1042 4482 comitis
1055 4428 1205 4492 Laurentii,
1216 4426 1311 4480 habito
1324 4426 1440 4480 consilio
1450 4428 1581 4482 omnium

330 4535 442 4572 errorum
468 4520 612 4582 baronum,
639 4517 737 4570 annuit
760 4521 791 4568 ut
814 4516 933 4569 vendere
957 4517 1045 4585 possit
1069 4515 1170 4569 dictum
1196 4513 1397 4584 possessionem
1423 4513 1580 4585 praedictis

329 4605 440 4670 Joanni,
466 4604 600 4673 Gregorio
625 4611 652 4657 et
676 4603 849 4672 Maroulpi10‚
875 4611 902 4656 et
927 4619 975 4673 per
999 4603 1110 4656 eosdem
1132 4601 1225 4655 domui
1245 4599 1360 4655 militiae
1378 4601 1498 4672 Templi,
1526 4617 1581 4671 pro

331 4699 440 4745 centum
461 4699 488 4744 ct
507 4692 650 4758 sexaginta
669 4691 774 4743 marcis.
796 4691 838 4743 De
857 4691 957 4758 ruribus
976 4691 1074 4742 nrurcis
1094 4691 1128 4742 50
1149 4705 1254 4743 marcas
1273 4687 1401 4742 sacerdos
1420 4687 1582 4758 Gregorius

330 4788 357 4832 ct
370 4781 405 4830 ott
417 4795 508 4832 comcs
523 4777 702 4847 Morcolplrus
721 4777 755 4830 dc
774 4778 831 4829 suis
851 4777 966 4846 propriis
986 4777 1182 4845 persolverunt,
1198 4776 1328 4845 magister
1346 4791 1411 4830 vero
1428 4775 1579 4832 Jolrannes

330 4867 533 4936 possessionem
553 4882 630 4917 suoru
651 4864 834 4917 Poususcldus
849 4866 874 4916 in
890 4865 1020 4918 comitutu
1035 4863 1069 4916 dc
1082 4863 1248 4930 Werewclre‚
1260 4879 1311 4932 pro
1323 4863 1358 4916 60
1369 4864 1470 4918 marcis
1482 4863 1579 4918 eidem
