3488 5380
339 350 405 418 250
842 373 863 416 r.
884 361 1082 436 noeumane,

339 541 375 598 20
393 538 498 610 soldos,
516 554 566 610 pro
584 553 670 612 capra
687 537 723 596 80
741 538 801 608 sot,
820 554 871 612 pro
888 556 954 612 yrco
971 540 1007 596 40
1024 539 1085 610 eol,
1102 555 1154 612 pro
1172 554 1246 611 agno
1263 537 1308 596 vel
1326 541 1452 612 capretto
1472 537 1506 596 10
1530 535 1588 607 sol„

340 646 392 700 pro
415 645 480 695 uno,
499 628 536 685 de
553 627 658 682 ultimis
680 627 769 682 caseis
786 627 804 682 ὁ
821 625 871 683 sol.
889 627 961 682 itam
979 627 1002 681 ai
1018 627 1119 698 aliquia
1138 625 1174 682 de
1191 625 1324 682 Slavonia
1339 627 1445 684 scilicet
1455 625 1491 682 de
1503 641 1588 696 regno

341 717 485 786 Ungariae
503 715 587 772 suerit
603 715 733 770 inimicus
756 713 872 785 Tragnr.
891 719 919 770 et
936 713 1130 770 Sibenioenses
1147 713 1291 770 habebunt
1308 730 1373 770 eum
1396 713 1539 770 inimicum
1562 717 1590 768 et

342 819 358 858 a
376 817 528 868 conseram
547 806 576 857 et
593 817 644 874 pro
663 800 737 857 iacto
755 799 858 856 damno
869 800 1022 871 aequaliter
1034 805 1062 856 et
1073 800 1187 856 insimul
1204 817 1337 872 quaerere
1355 801 1501 858 auxilium.
1518 799 1591 856 Item

340 889 364 944 si
384 893 512 962 pastores
530 889 670 944 eiceversa
688 885 864 943 destruerent
881 887 998 942 bladum
1015 893 1065 944 aut
1082 889 1191 944 vineam
1209 887 1314 944 domini
1332 887 1437 944 habent
1445 887 1495 960 jus
1506 902 1590 957 quae·

340 992 401 1032 rere
418 976 554 1032 auxilium
578 990 664 1048 penes
682 978 911 1038 communitatem
927 975 974 1030 cui
992 979 1087 1045 pastor
1098 974 1238 1030 adhaeret.
1253 975 1335 1030 Haec
1358 974 1452 1030 omnia
1473 971 1590 1028 fideliter

342 1080 452 1120 servare
469 1063 597 1119 iurarunt
615 1065 749 1132 poleam,
777 1060 891 1130 iudicer,
907 1061 1057 1118 consiliarii
1080 1067 1108 1118 et
1131 1067 1222 1118 totum
1245 1061 1450 1134 parlamentum
1472 1060 1590 1116 civitatis

341 1149 437 1208 Siben
455 1147 678 1206 ambasetoribns
703 1147 874 1218 'Itagurinia
898 1147 1053 1204 Firmatnm
1076 1151 1142 1204 ante
1164 1149 1309 1204 ecclesiam
1328 1147 1357 1204 S.
1375 1147 1476 1204 Jacobi
1499 1163 1517 1202 a
1540 1164 1590 1218 pu-

341 1237 415 1294 blico
433 1237 607 1310 parlamento
624 1235 745 1292 &duda
762 1233 858 1291 Siben.
882 1234 1013 1292 Teetibua
1037 1235 1161 1305 Dragoio
1186 1233 1301 1303 sinaiis,
1326 1235 1431 1308 Nigoro
1449 1234 1589 1302 Baetinae,

341 1326 512 1396 Dragorano
530 1321 677 1390 Boboriao,
695 1322 785 1377 Mina
803 1321 837 1375 D.
857 1323 982 1389 Annaea,
1001 1321 1137 1393 Gregorio
1155 1321 1191 1378 de
1209 1321 1332 1378 Onrtieia
1343 1328 1373 1379 et
1384 1322 1454 1380 aliia.
1472 1320 1588 1378 Dobren

341 1413 419 1468 misit
435 1427 558 1481 nimum,
576 1409 710 1480 magister
727 1409 828 1465 Petrus
846 1409 964 1466 clericus
982 1409 1077 1466 Sibeu.
1095 1415 1123 1464 et
1140 1410 1265 1466 neurius
1284 1410 1402 1482 scripsit

394 1498 515 1579 Mar:
533 1497 615 1554 licta.
633 1497 665 1554 da·
686 1499 771 1554 naa.
787 1513 817 1568 p.
836 1500 878 1554 78.

395 1637 675 1716 nccoaxxvm.
695 1639 839 1696 venetiis.
862 1642 941 1693 1263.
960 1643 1002 1695 15.
1021 1639 1139 1710 Apsilia
1164 1639 1256 1711 Capta
1279 1643 1322 1696 aa
1344 1653 1410 1714 para
1436 1639 1466 1694 ln
1489 1639 1589 1695 maiori

341 1727 466 1794 canalio,
485 1724 561 1798 quod
586 1740 682 1781 comes
703 1723 808 1781 Jadrae
826 1739 883 1780 uon
902 1726 991 1796 possit
1008 1725 1099 1782 lacere
1117 1727 1161 1782 vel
1179 1725 1238 1782 fieri
1256 1723 1346 1781 iacere
1358 1730 1519 1795 maestum,
1539 1742 1590 1782 nec

343 1815 444 1884 aliquis
462 1811 498 1868 de
516 1828 568 1868 saa
586 1817 714 1868 masnata
732 1813 776 1868 vel
794 1812 936 1882 societate,
954 1812 1168 1884 excepto,qnod
1181 1813 1270 1884 posait
1281 1827 1370 1884 equos
1381 1829 1449 1870 anos
1461 1813 1589 1870 vendere.

394 1899 510 1968 idatio:
528 1901 604 1956 Mon.
623 1901 646 1956 1.
666 1903 708 1956 99.

395 2037 640 2096 ucccxxxni.
660 2041 739 2094 1263.
759 2039 844 2110 Apud
861 2038 954 2106 ardeia
977 2043 1099 2095 πανοπε.
1121 2042 1164 2096 24.
1184 2039 1258 2110 Sept.
1283 2039 1415 2096 Urbanus
1439 2039 1491 2097 IV.
1515 2055 1590 2112 papa

343 2127 438 2184 scribit
454 2127 619 2185 ‘timothaeo
637 2127 726 2182 eiecto
744 2127 937 2198 Zagrabienai:
962 2127 1038 2198 quod
1058 2127 1252 2198 Zagrabienaia
1277 2129 1395 2185 ecclesia
1412 2127 1513 2184 solatio
1531 2127 1589 2200 epi·

346 2215 425 2288 scopi
442 2213 584 2281 destituta,
604 2215 781 2286 praepositus
806 2220 834 2270 et
857 2214 1011 2286 capitulum
1033 2213 1161 2284 ejusdem
1184 2213 1319 2270 ecclesiae
1342 2214 1538 2272 convenientes
1560 2214 1590 2268 in
1614 2220 1618 2230 ’

343 2299 635 2372 unum‚2Stephannm
652 2300 829 2371 capellanum
847 2301 985 2371 pontificia
1001 2306 1130 2372 nepotem
1148 2301 1271 2373 episcopi
1295 2300 1450 2358 Penestrini
1473 2316 1590 2372 praepo-

346 2388 431 2443 situm
450 2387 661 2455 Poaonienaem,
679 2386 835 2458 pacientem
853 2387 881 2440 in
899 2391 990 2442 aetate
1006 2385 1145 2442 deiectum
1157 2389 1186 2442 in
1198 2386 1414 2457 Zegrabiensena
1427 2387 1591 2459 epiecopnm

346 2474 543 2547 postulassent,
563 2489 637 2545 papa
655 2477 748 2528 autem
767 2472 952 2544 provisionem
971 2478 999 2529 et
1016 2473 1217 2530 ordinationem
1236 2473 1361 2530 eiusdem
1380 2473 1514 2530 ecclesiae
1533 2473 1590 2546 epi-

346 2576 434 2632 ecopo
452 2561 616 2616 Pencstfino
633 2560 715 2616 duxit
732 2560 966 2629 committendam,
985 2561 1033 2632 qni
1051 2560 1149 2618 nolens
1173 2561 1275 2618 habere
1298 2566 1456 2634 respectum
1473 2559 1510 2616 ad
1531 2559 1592 2616 Ste-

346 2648 480 2720 phanum,
507 2645 697 2720 supradictum
715 2647 910 2704 'lhimothenm
933 2653 1000 2704 tunc
1020 2649 1222 2705 subdiaconum
1246 2655 1274 2704 et
1299 2647 1477 2720 capellanum
1500 2647 1592 2719 ponti·

346 2735 415 2803 ficis,
435 2733 660 2791 archidiaconum
682 2733 717 2791 de
739 2736 808 2792 Zela
832 2736 860 2791 in
885 2735 1002 2792 ecclesia
1024 2735 1226 2810 vesprimiensi
1250 2741 1278 2792 et
1299 2735 1464 2792 canonicum
1489 2734 1592 2805 Zagra·

346 2821 436 2878 bieusi
464 2838 513 2894 pro
540 2821 615 2878 dicta
641 2822 758 2879 eeclesia
784 2824 884 2894 elegii,
913 2840 999 2895 qnam
1025 2824 1187 2880 electionem
1214 2823 1339 2896 pontifex
1366 2828 1456 2879 ratam
1482 2821 1591 2878 habens

342 2907 503 2976 confirmat,
531 2907 567 2964 de
595 2925 719 2980 suaquae
742 2910 932 2967 nominatione
958 2911 1149 2982 praepositum
1174 2910 1292 2982 Zagrab.
1316 2910 1429 2978 clerum,
1452 2909 1591 2982 populum

343 2994 462 3050 civitatis
481 3000 509 3050 et
526 2995 673 3065 dioecesim
690 3001 718 3052 et
735 2997 846 3053 vasatos
864 2996 997 3053 ecclesiae
1015 2995 1209 3067 Zagrabienais
1227 2997 1358 3054 certiores
1375 2995 1449 3052 iacit

398 3101 531 3157 Ticinus:
549 3101 628 3156 Mos.
645 3106 698 3158 eet.
716 3101 780 3157 liat.
800 3101 896 3172 Haap.
916 3105 938 3159 Ι.
959 3104 1021 3155 245.

398 3238 564 3296 DOOOXL.
582 3243 663 3296 1263.
682 3245 706 3294 9.
727 3240 861 3297 octobris.
879 3241 948 3297 Bela
965 3239 1017 3298 IV.
1035 3257 1084 3297 rex
1103 3241 1237 3310 notiiicat,
1262 3240 1338 3314 quod
1360 3258 1425 3298 cum
1447 3241 1590 3298 inestima-

344 3327 408 3384 bilia
425 3325 577 3384 multitudo
595 3326 709 3384 rabidae
727 3329 819 3398 gentis
844 3327 1001 3384 Tartaricue
1025 3344 1074 3401 per
1098 3328 1210 3384 climata
1233 3329 1311 3400 regni
1333 3329 1393 3385 eius
1417 3327 1539 3401 perfusa,
1564 3333 1593 3384 at

343 3415 389 3470 ille
407 3429 464 3469 una
481 3430 546 3470 cnm
564 3412 628 3468 iidie
640 3431 641 3436 ¹
653 3413 819 3486 primatibus
842 3419 870 3469 et
891 3415 1009 3486 egregiis
1033 3414 1174 3472 nobilibus
1196 3419 1275 3471 extra
1299 3415 1487 3472 monarchiam
1510 3429 1593 3470 snam

343 3517 433 3572 usque
456 3499 492 3556 ad
514 3500 595 3556 littus
619 3505 730 3572 pontus,
749 3500 920 3557 atrocissime
940 3506 1101 3572 persecutns
1124 3501 1152 3556 in
1177 3501 1318 3572 quandam
1340 3503 1460 3558 insulam
1484 3519 1515 3558 ae
1537 3501 1593 3558 aal-

343 3593 444 3657 raaaet,
463 3587 499 3643 de
517 3604 574 3660 qna
591 3587 674 3643 etiam
695 3587 803 3643 Tartari
827 3603 892 3644 eum
909 3588 936 3644 ri
954 3587 1097 3645 extrahere
1116 3593 1274 3660 satagentes
1292 3606 1342 3662 per
1359 3589 1539 3662 naufragium
1562 3591 1592 3646 in

344 3693 408 3732 enm
426 3676 530 3731 irruere
547 3679 723 3743 connmseut,
742 3674 791 3731 ubi
810 3676 839 3730 in
857 3675 987 3732 conflictu
1014 3676 1172 3731 certaminis
1190 3679 1262 3732 ‘uter
1279 3693 1347 3733 auos
1369 3682 1398 3733 et
1418 3678 1497 3750 ipsos
1523 3678 1592 3734 Tar·

345 3769 421 3820 tanos
448 3769 567 3830 servato,
595 3779 710 3820 anorum
734 3763 920 3819 corruentium
945 3762 1045 3818 lunera
1065 3779 1142 3820 mora
1165 3763 1295 3820 Malia
1317 3763 1406 3835 rigide
1429 3764 1592 3836 plangebat.

343 3851 424 3907 'luno
442 3857 522 3922 pater
538 3849 790 3906 misericordiarum
811 3865 877 3921 rege
894 3849 950 3905 iam
966 3849 1069 3906 illinet
1086 3850 1166 3920 qnasi
1191 3851 1343 3922 praecipito
1367 3851 1495 3907 virtutem
1522 3869 1592 3909 snae

343 3937 458 3994 dextrae
477 3937 617 4008 porrigere
643 3936 775 4008 dignam
792 3941 844 4008 eet,
862 3937 994 4006 quoniam
1016 3935 1052 3992 ad
1076 3937 1278 3994 refulciendum
1301 3943 1330 3994 at
1352 3937 1592 3995 corroborandum

344 4041 410 4080 eum
428 4023 587 4079 Feldricum
604 4028 633 4078 et
649 4023 894 4080 Bartholomaeum
913 4023 1021 4078 nobiles
1044 4022 1080 4078 de
1098 4023 1205 4093 Wegla,
1229 4029 1364 4095 tanquam
1387 4025 1503 4096 angelos
1527 4042 1592 4097 pro·

343 4109 471 4166 iectionis
489 4109 524 4164 de
541 4125 604 4166 arce
623 4109 751 4182 polorum
772 4110 854 4178 misit,
873 4110 922 4180 qui
940 4110 965 4165 ei
983 4127 1047 4166 cnm
1074 4126 1171 4166 eornm
1195 4111 1349 4181 parentella
1371 4115 1400 4168 et
1422 4111 1592 4168 familiarum

344 4203 455 4252 catena
472 4196 610 4266 armigera
627 4195 655 4251 in
675 4213 810 4267 personae
828 4197 902 4268 regia
924 4195 1050 4252 tutellam
1072 4195 1259 4265 adhaerendo,
1284 4213 1333 4268 per
1356 4215 1453 4254 eorum
1476 4205 1592 4255 auenna

344 4285 503 4351 certandae,
522 4283 660 4354 quosdam
677 4283 808 4340 ductores
826 4285 951 4355 ipsorum
979 4283 1166 4350 Tartaromm,
1190 4299 1380 4356 sequacesque
1397 4301 1494 4343 eornm
1512 4285 1592 4343 dirae

345 4374 421 4427 necis
438 4371 603 4428 exterminio
621 4371 714 4428 necari
741 4375 769 4426 et
792 4371 930 4442 quosdam
954 4377 1051 4442 captos
1075 4372 1133 4442 regi
1156 4372 1240 4428 otiare
1264 4388 1320 4428 non
1344 4371 1523 4441 destitissent,
1542 4373 1593 4428 nbi

346 4458 431 4514 etiam
449 4457 545 4514 crebra
563 4465 592 4514 et
609 4458 704 4529 gravia
722 4459 852 4529 stigmata
865 4457 1046 4525 sustulerunt,
1064 4463 1092 4513 et
1109 4457 1212 4514 multoe
1230 4474 1265 4513 ex
1278 4459 1411 4529 proximis
1429 4464 1457 4515 et
1473 4459 1592 4514 familia-

346 4544 423 4599 ribus
442 4545 602 4610 amiaerunt.
620 4547 764 4617 copiosam
782 4545 867 4599 etiam
880 4544 1026 4615 manaim
1042 4544 1070 4598 in
1089 4561 1159 4600 auro
1177 4551 1205 4600 et
1222 4549 1347 4615 argento,
1365 4562 1399 4602 ac
1416 4545 1500 4601 rebus
1512 4563 1592 4618 prae·

346 4631 424 4687 tiosis
443 4631 627 4702 quantitatem
645 4631 681 4687 ad
699 4631 797 4702 viginti
815 4629 902 4687 millia
919 4647 1074 4686 mum
1092 4647 1122 4686 so
1141 4630 1345 4701 extendentem,
1364 4632 1423 4704 regi
1441 4649 1492 4705 pro
1510 4650 1591 4690 aaeu·
