3488 5380
720 365 864 406 audaeus.
1352 343 1415 408 209

168 543 263 584 rorum
281 528 316 583 de
334 545 420 599 regno
437 527 534 600 ipsius,
553 527 601 583 nbi
619 529 738 600 plurima
757 529 867 584 laetalia
885 528 999 584 vulnera
1017 545 1068 600 pro
1087 531 1149 600 ipio
1163 546 1227 600 rege
1241 530 1411 601 pertulisset,

170 623 270 688 petens
290 615 389 671 donari
407 615 459 670 sibi
474 615 679 687 possessionem
698 615 756 686 Sag
773 617 801 670 in
820 616 952 672 comitatu
965 615 1099 672 Nitriensi
1111 616 1229 672 vicinam
1242 631 1309 672 suae
1326 621 1416 672 terrae

169 703 229 776 Sag
247 708 369 770 vocatae,
389 703 470 773 cnjus
490 703 616 774 petitioni
638 719 685 757 rex
703 703 810 758 annuit

229 789 350 846 Weaaet:
371 791 436 847 dod.
455 791 525 860 dipl.
543 792 643 860 arpad.
667 791 729 844 VH.
748 807 775 860 p.
796 794 857 847 422.

224 931 338 987 Doev.
366 934 446 986 1256.
470 945 559 986 urenae
582 931 741 1000 Septembri.
773 931 898 1000 Andreas
927 947 1021 988 comes
1045 931 1241 988 Varasdiensis
1267 933 1411 1003 significat,

170 1017 246 1090 quod
266 1035 330 1074 curn
348 1035 397 1074 rex
414 1017 482 1073 Bala
501 1035 549 1088 per
568 1035 633 1074 suae
651 1017 757 1073 litteras
774 1017 895 1074 dedisset
913 1019 941 1072 in
959 1017 1105 1087 mandatis,
1119 1019 1194 1090 quod
1207 1021 1235 1075 in
1254 1020 1415 1076 concambio

169 1105 308 1162 nobilium
326 1105 470 1160 Michaelis
489 1104 616 1160 videlicet
633 1105 725 1166 fratris
743 1107 837 1176 magni
855 1105 950 1162 Buzad
969 1105 1033 1160 bani
1052 1121 1089 1170 er
1106 1123 1162 1160 uua
1186 1111 1272 1178 parte,
1296 1113 1324 1162 et
1341 1107 1413 1162 Lan·

169 1191 245 1249 credi
263 1192 312 1246 tilii
338 1189 461 1246 eiusdem
486 1191 581 1246 Buzad
607 1193 672 1247 bani
698 1209 731 1248 ex
755 1193 841 1248 altera
867 1193 1008 1260 comitum,
1033 1193 1117 1248 debet
1140 1194 1281 1262 interesse,
1307 1195 1413 1252 ratione

169 1284 322 1352 perpetuae
341 1279 418 1350 pacis
436 1284 464 1333 et
482 1279 636 1335 dilectionis
654 1281 779 1346 invicem,
797 1280 869 1334 inter
894 1295 924 1335 ee
950 1279 1005 1334 tale
1028 1279 1222 1336 concambium
1243 1280 1413 1348 ordinarunt,

173 1366 250 1436 quod
271 1366 395 1437 prefatus
413 1381 507 1422 comes
519 1367 641 1422 Michsel
654 1371 773 1437 quatuor
790 1371 891 1422 terras:
903 1367 1010 1422 Komor
1023 1366 1077 1422 sub
1089 1384 1145 1423 una
1156 1372 1230 1423 meta
1242 1367 1415 1434 constitutas,

170 1459 199 1509 et
217 1452 288 1508 duas
306 1457 392 1508 terrae
411 1452 521 1508 Welika
540 1455 623 1508 etiam
641 1453 695 1508 sub
713 1469 769 1508 una
786 1459 867 1521 meta,
880 1470 951 1524 quus
965 1471 1061 1511 omnes
1079 1454 1236 1510 sturione
1249 1454 1305 1510 filio
1319 1455 1416 1513 Ochua

171 1539 236 1595 bani
255 1556 306 1610 pro
324 1539 487 1596 concambio
505 1541 660 1596 obtinuerit
682 1541 795 1596 Terram
814 1541 896 1596 ctiam
909 1542 1052 1610 Piantoch‚
1066 1559 1099 1598 ac
1112 1547 1212 1598 terram
1225 1541 1338 1613 Bybene
1350 1558 1414 1598 con·

170 1627 236 1682 tulit
253 1628 347 1682 comiti
370 1627 515 1684 Laneredo
538 1645 602 1682 cum
626 1627 723 1683 eodem
748 1629 861 1698 capituli
885 1629 967 1698 Zagr.
992 1629 1142 1700 privilegio,
1168 1633 1303 1700 perpetuo
1326 1629 1415 1700 possi·

170 1713 286 1781 dandae,
305 1730 356 1784 pro
374 1713 538 1770 concambio
561 1719 695 1770 terrarum
720 1714 924 1786 Smmbarhely,
946 1715 1014 1770 Bela
1043 1719 1071 1770 et
1094 1715 1230 1782 Tomova,
1247 1731 1317 1785 quaa
1341 1714 1415 1770 idem

171 1817 266 1856 comes
284 1800 445 1856 Lancredus
462 1801 580 1856 contulit
604 1801 733 1857 Michaeli
762 1807 981 1874 praememorato
1009 1801 1193 1872 possidendas
1220 1819 1283 1857 eum
1310 1801 1414 1857 eisdem

168 1887 331 1960 privilegiis,
350 1888 453 1958 quibus
472 1889 533 1959 ipse
550 1893 637 1944 terras
656 1889 799 1944 obtinebat
814 1895 988 1944 memoratae.
1008 1889 1069 1943 Tali
1082 1889 1236 1945 obiectione
1254 1889 1409 1945 interiecta:

171 1975 195 2030 si
214 1992 232 2030 a
250 1973 380 2047 predictis
401 1976 480 2030 terris
503 1991 519 2030 a
546 1975 681 2032 Michaeie
706 1977 849 2032 Lancrcdo
873 1977 979 2032 collatis
1005 1993 1053 2048 per
1077 1977 1200 2047 aliquam
1221 1977 1413 2054 quaestionem

171 2063 259 2117 amitti
278 2061 457 2133 contingeret,
472 2063 532 2134 ipse
544 2079 637 2118 comes
651 2063 773 2118 Micheel
786 2081 819 2118 er
832 2065 886 2119 ieta
900 2069 977 2135 parte
988 2061 1147 2144 Drama-de
1159 2070 1231 2119 terra
1244 2081 1294 2119 sua
1305 2067 1415 2118 tantum

171 2149 240 2204 dare
258 2149 397 2204 tenebitur
415 2155 549 2220 quantum
568 2150 657 2204 amitti
676 2151 842 2220 contingerit
859 2156 967 2223 praeter
985 2156 1121 2218 caenum
1134 2151 1157 2205 si
1169 2156 1262 2206 autem
1276 2151 1329 2206 hoc
1341 2149 1414 2206 Lan·

171 2233 255 2292 credo
272 2236 426 2306 contigerit,
444 2237 504 2306 ipse
522 2235 661 2292 tenebitur
679 2237 818 2308 expedire.

224 2341 261 2395 Ia
280 2340 392 2396 arctico
412 2341 545 2396 camerati
563 2341 690 2398 Budeaes'
703 2345 735 2396 N.
749 2344 782 2396 R.
802 2345 835 2398 A.
854 2343 935 2400 Foec.
955 2347 1013 2399 516.
1025 2358 1068 2399 ar.
1089 2347 1131 2396 46.
1150 2340 1246 2428 Fater:
1267 2341 1332 2398 dod
1346 2341 1415 2410 dipl.

177 2430 206 2482 T.
225 2427 278 2483 IV.
296 2427 348 2484 act.
368 2431 405 2484 11.
423 2445 452 2497 p.
471 2433 531 2483 397.

222 2567 353 2624 DGOVI.
372 2573 407 2624 In
425 2569 495 2626 vitto
512 2572 615 2636 doech,
634 2560 714 2625 125'6.
728 2573 768 2622 18.
791 2571 922 2626 Octobris.
942 2571 1043 2626 Oomes
1062 2571 1211 2627 Rotundus
1221 2569 1310 2642 judex
1322 2570 1416 2626 curiae

171 2657 245 2727 regie
263 2656 410 2726 significat,
429 2657 504 2728 quod
524 2673 587 2712 cum
606 2657 768 2713 Farcaesius
788 2657 864 2713 tilius
882 2657 973 2713 Bothe
990 2674 1007 2711 a
1023 2657 1221 2728 jobagionibus
1239 2658 1322 2712 castri
1340 2672 1413 2712 com·

171 2743 310 2815 paruisset
328 2744 461 2812 (aliquam
481 2747 601 2814 terram),
625 2761 719 2800 coram
738 2761 772 2800 eo
789 2744 954 2814 jobagionea
973 2743 1054 2798 castri
1073 2745 1240 2799 asseruerint
1257 2746 1320 2800 riva
1341 2759 1416 2811 voce,

172 2829 248 2901 qnod
276 2829 350 2885 idem
368 2831 530 2886 Farcoesiue
550 2847 580 2886 ee
597 2833 764 2898 retraxisset,
783 2832 828 2886 iile
848 2848 912 2887 varo
931 2831 1041 2886 dicebat
1059 2847 1089 2886 se
1107 2830 1254 2884 liberatum
1279 2845 1340 2885 ease
1366 2847 1415 2901 per

172 2917 383 2988 gratiamregis‚
404 2935 487 2988 super
504 2918 606 2988 quibus
631 2920 735 2974 litteras
759 2921 851 2989 regias
873 2918 944 2974 dixit
962 2918 1094 2986 obticere,
1117 2932 1187 2988 quae
1210 2915 1352 2987 assignate
1371 2915 1416 2971 die

172 3006 371 3078 praesentarit;
389 3004 491 3075 quibua
506 3005 671 3076 jobagIonas
690 3008 772 3062 castri
790 3023 846 3062 non
861 3003 1096 3072 contadixerunt,
1117 3003 1166 3060 aed
1185 3003 1322 3074 dixerunt,
1336 3003 1413 3075 quod

173 3097 282 3146 tantum
300 3107 381 3146 suam
400 3108 548 3162 personam
565 3109 628 3148 oum
647 3094 705 3148 suis
723 3093 902 3149 facultatibus
926 3093 1078 3148 liberasset.
1102 3091 1192 3147 Iudex
1216 3093 1311 3162 itaque
1339 3089 1417 3144 dedit

173 3174 320 3234 Farcaasio
338 3184 440 3234 terram
458 3195 541 3248 quam
565 3180 625 3234 eiua
650 3196 769 3252 persona
794 3181 923 3248 obtinuit,
948 3185 1048 3235 terram
1073 3185 1166 3234 nutem
1190 3179 1279 3249 ipsius
1303 3193 1415 3248 genera·

172 3267 258 3322 tionis
276 3282 326 3336 per
343 3267 475 3322 maiorem
504 3269 640 3324 exercitus
662 3268 839 3324 Salomonem
864 3268 951 3322 filium
970 3267 1031 3324 Och
1050 3271 1077 3322 ct
1095 3283 1144 3338 per
1161 3266 1231 3321 alios
1249 3264 1416 3336 jobagioues

175 3353 266 3420 casti,
284 3359 374 3410 castro
393 3353 554 3410 obdecravit
572 3355 715 3425 (contulit).
734 3355 902 3426 Privilegnm
920 3359 1013 3410 subm
1032 3355 1059 3409 d.
1078 3351 1235 3424 regisquod
1253 3351 1416 3406 Furcaesius
1462 3411 1464 3420 Ι

173 3439 280 3506 habuit,
308 3457 357 3510 per
374 3440 447 3510 quod
468 3447 569 3497 terram
587 3442 689 3498 dictam
707 3444 866 3515 optinuerat
883 3442 993 3513 reliquit
1012 3441 1158 3496 Furcaeius
1178 3455 1233 3493 una
1251 3455 1314 3494 cum
1332 3443 1414 3504 terra,

172 3527 211 3581 ita
229 3530 321 3580 tamen
340 3527 414 3598 quod
432 3545 484 3584 nec
501 3530 561 3599 ipse
580 3534 681 3584 terram
699 3535 824 3602 occupet,
842 3546 893 3584 neo
911 3545 994 3584 suum
1012 3529 1126 3595 amittat,
1141 3527 1206 3597 quia
1224 3525 1250 3580 d.
1272 3540 1415 3580 rensuum

174 3613 348 3684 privilegium
367 3615 456 3670 noluit
474 3616 623 3672 destruere.
641 3617 679 3671 Et
695 3617 749 3672 hae
767 3623 833 3673 aurit
850 3621 939 3672 metae
958 3615 1111 3670 Feruor:
1124 3613 1220 3684 incipit
1235 3612 1317 3683 juxta
1329 3627 1416 3665 unum

173 3700 286 3756 flurium
306 3703 353 3772 qui
371 3707 413 3756 eet
430 3707 638 3758 commetaneua
655 3721 722 3759 cum
744 3705 921 3774 generatione
940 3702 1100 3758 Laureutha
1117 3707 1146 3756 et
1163 3716 1213 3772 per
1225 3699 1314 3754 ramira
1328 3701 1416 3752 metas

173 3794 278 3843 terreas
297 3793 324 3843 et
343 3789 473 3845 arboreas
491 3790 528 3846 ad
547 3791 645 3847 vallem
664 3791 712 3847 ubi
731 3797 797 3846 sunt
814 3796 992 3846 cometeneae
1007 3790 1198 3859 generationes
1215 3786 1317 3856 Zagur,
1335 3800 1416 3854 gene-

174 3877 296 3930 rationes
315 3883 406 3932 autem
426 3877 564 3933 Farcaseii
582 3883 725 3934 remanent
742 3878 776 3932 de
804 3883 881 3949 parte
909 3875 1141 3948 septemtrionali3
1166 3873 1231 3928 inde
1254 3890 1303 3944 per
1326 3872 1416 3928 varias

174 3969 272 4032 metas,
290 3967 406 4032 montes,
425 3965 511 4020 valles
531 3971 558 4020 et
576 3967 634 4021 viae
653 3965 797 4022 descendit
814 3965 850 4020 ad
878 3965 1012 4035 piscinam
1036 3960 1145 4032 Vrdug,
1172 3959 1221 4014 ubi
1239 3966 1280 4014 eet
1297 3977 1416 4016 comme·

174 4055 275 4106 taneue
294 4067 386 4106 comes
406 4051 531 4108 Amolth.

231 4138 350 4192 Wenrel:
372 4140 429 4194 Ood
447 4139 515 4208 dipl.
536 4140 637 4208 arpod.
655 4143 727 4194 corat.
747 4139 799 4192 XI.
820 4155 849 4208 p.
869 4141 930 4190 429.

226 4281 372 4336 DCGVII.
391 4281 487 4337 Griaii.
506 4285 576 4332 1256
604 4284 643 4334 18.
665 4279 798 4335 Octobris.
820 4279 979 4349 Stephanus
998 4276 1088 4330 banus
1107 4275 1193 4330 totius
1216 4271 1364 4329 Stavoniae
1390 4273 1417 4322 et

174 4369 336 4441 capitaneus
354 4367 462 4440 Styriae
481 4367 625 4436 significat,
644 4365 719 4436 quod
739 4383 802 4421 cum
821 4366 891 4419 iuter
909 4363 1059 4418 Volentam
1078 4361 1165 4416 filium
1187 4359 1291 4430 Jurgis,
1306 4359 1417 4426 Dragos

178 4457 267 4510 filium
286 4454 405 4524 Zdezlay
424 4459 451 4508 et
469 4454 566 4508 fratres
591 4469 665 4520 euos,
691 4458 718 4507 et
742 4451 815 4507 iiiios
849 4451 984 4518 Viatiseu,
1018 4448 1154 4513 Volubilis,
1180 4447 1267 4501 filium
1286 4443 1416 4508 Voleuui,

175 4541 357 4598 Dedomirum
376 4541 464 4595 tilium
473 4540 575 4607 Volso,
595 4539 749 4594 Chadinam
763 4539 850 4592 filium
864 4535 1001 4604 Raduani,
1017 4534 1183 4590 Radubnam
1197 4533 1283 4586 tilium
1296 4528 1416 4584 Radoini

176 4635 310 4686 ettotam
329 4629 534 4700 generationem
553 4643 648 4684 eorum
667 4643 684 4682 a
701 4629 779 4698 parte
799 4641 863 4693 nna,
881 4629 908 4680 et
927 4623 1091 4678 Mirozlaum
1117 4625 1144 4676 et
1168 4619 1240 4674 titios
1261 4615 1355 4673 Endre
1379 4613 1416 4672 ab
