3464 5382
351 395 410 456 126
845 413 865 452 ι.
889 396 1086 466 xuaumnvro,

345 580 486 636 libertates
503 579 655 650 hospitum,
673 593 744 648 quas
762 577 815 648 ipsi
833 577 905 631 inter
916 591 946 631 se
958 574 1083 630 sanarunt
1100 579 1128 630 et
1139 590 1189 629 rex
1201 574 1374 646 approbavit,
1391 575 1461 630 tales
1474 575 1587 632 fueram

349 670 373 723 1.
391 666 467 738 quod
487 667 509 721 si
527 667 653 739 hospites
675 667 703 720 in
728 664 854 720 districtu
872 663 1044 732 Hungariae,
1067 662 1231 729 Dalmatiae,
1258 661 1414 726 Obroatiae,
1438 662 1587 720 Slavoniao

349 755 459 827 spoliati
478 754 586 824 fuerint,
605 753 751 809 aestimata
768 751 923 823 quantitate
940 751 1084 822 pecuniae,
1102 751 1180 805 iuxta
1198 749 1342 805 arbitrium
1360 751 1497 806 bonorum
1517 752 1588 808 viro·

345 859 405 899 rem
422 848 450 898 et
468 847 672 898 sacramentum
699 841 853 897 concivium
879 839 915 895 ad
942 837 996 894 hoe
1023 839 1180 906 electorum,
1207 839 1251 894 vel
1277 837 1371 894 ablata
1397 839 1526 896 restituat
1544 839 1587 896 vel

345 932 537 988 malefactores
556 928 702 986 ostendere
727 933 863 983 teneatur.
888 928 913 981 2.
932 926 1047 982 Tribnta
1070 926 1142 982 infra
1166 927 1274 998 regales
1297 927 1431 982 terminos
1455 927 1484 982 in
1507 927 1586 983 nulle

345 1020 686 1077 locoselvereteneantur.
714 1017 739 1072 3.
752 1017 928 1084 Quicumque
937 1015 1004 1070 civis
1014 1015 1099 1070 alium
1108 1015 1195 1070 civem
1204 1015 1346 1086 vituperiis
1355 1020 1405 1070 aut
1412 1015 1587 1072 contumeliis

348 1107 479 1174 affecerit,
498 1107 575 1162 laeso
592 1105 688 1161 decem
707 1119 818 1176 paneas,
841 1104 870 1158 in
888 1119 1048 1159 communes
1065 1119 1203 1174 expensas
1221 1105 1273 1158 100
1290 1102 1417 1159 denarios
1435 1103 1535 1167 solvat,
1559 1109 1589 1160 ct

351 1197 375 1252 ei
393 1200 458 1268 post
474 1195 574 1250 trinam
591 1193 789 1248 correctionem
807 1207 836 1247 se
854 1208 910 1246 non
929 1190 1123 1261 emendaverit,
1143 1191 1228 1246 rebus
1246 1190 1375 1246 omnibus
1392 1191 1422 1246 in
1439 1207 1587 1248 commane

347 1282 505 1356 applicatis,
529 1286 675 1351 tamquam
691 1279 802 1334 infamis
820 1278 855 1334 de
873 1278 983 1333 civitate
1000 1278 1116 1350 turpiter
1146 1278 1308 1350 expellatur.
1335 1280 1360 1332 4.
1379 1277 1410 1334 Si
1427 1278 1491 1348 quis
1508 1279 1589 1334 alteri

348 1372 460 1442 alapam
479 1366 592 1435 dederit,
620 1368 663 1423 vel
682 1383 731 1438 per
748 1367 837 1422 crines
854 1366 990 1421 malitiose
1008 1366 1121 1420 traxerit
1139 1365 1256 1421 eandem
1273 1381 1394 1437 poenam
1411 1366 1541 1436 patiatur.
1560 1367 1585 1423 2.

347 1458 378 1515 si
396 1459 462 1528 quis
480 1456 600 1524 cultello,
619 1454 721 1526 gladio,
739 1455 836 1510 lancea
854 1459 904 1509 aut
922 1454 1023 1524 sagitta
1040 1459 1090 1508 aut
1108 1453 1200 1524 aliquo
1217 1453 1266 1508 tali
1284 1453 1368 1509 modo
1386 1453 1472 1508 alium
1489 1453 1588 1510 mulne-

348 1545 457 1613 raverit,
482 1550 510 1600 et
526 1543 687 1598 vnlneratus
705 1541 765 1598 sine
782 1541 892 1598 defectu
910 1540 1097 1597 membrorum
1115 1545 1260 1596 resonatos
1277 1541 1368 1610 fuerit,
1392 1539 1500 1597 medico
1518 1543 1588 1598 laesi

348 1632 508 1703 satisfaciat,
525 1637 554 1686 et
570 1631 647 1686 laeso
665 1629 700 1684 25
719 1645 828 1699 pensus,
857 1629 980 1700 quinque
1008 1643 1074 1684 vero
1092 1627 1128 1682 ad
1146 1643 1229 1682 usum
1246 1628 1364 1684 civitatis
1383 1629 1545 1700 persolvat;
1564 1631 1588 1686 si

348 1737 413 1776 vero
430 1721 458 1774 in
476 1719 570 1788 aliquo
588 1717 775 1773 membrorum
792 1715 953 1771 debilitatus
970 1715 1060 1783 fuerit,
1079 1715 1186 1772 medico
1203 1716 1272 1771 laesi
1290 1715 1441 1774 satisfaciat
1458 1723 1487 1772 et
1509 1719 1587 1774 laeso

347 1806 443 1863 decem
460 1821 567 1861 marcas
586 1811 614 1860 et
630 1802 666 1858 ad
684 1820 767 1859 naum
785 1803 903 1859 civitatis
921 1805 954 1858 10
972 1817 1073 1874 pensae
1092 1804 1198 1860 solvere
1215 1809 1349 1860 teneatur.
1377 1805 1491 1878 Slvere
1515 1823 1588 1861 mor·

347 1899 413 1950 tuus
431 1893 522 1960 fuerit,
544 1891 618 1948 duae
636 1896 730 1963 partes
747 1908 839 1946 rerum
857 1906 971 1946 suarum
989 1889 1089 1947 cedant
1106 1891 1267 1962 parentibus
1296 1892 1392 1960 occisi;
1417 1892 1498 1948 tertia
1521 1909 1587 1964 pars
1700 1967 1701 1970 Ἴ

347 1981 459 2038 civitati.
486 1979 517 2036 Si
544 1997 609 2036 vero
634 1985 732 2051 captus
755 1979 845 2046 fuerit,
885 1975 1037 2034 secundum
1064 1979 1291 2035 consvetudinem
1316 1978 1352 2036 de
1378 1980 1440 2050 ipso
1467 1977 1588 2036 vindicta

347 2074 510 2136 summatur,
528 2069 582 2122 nisi
599 2068 662 2138 quis
680 2067 709 2122 in
727 2065 793 2122 ludo
812 2067 871 2122 sine
890 2064 1089 2138 praemeditata
1107 2066 1213 2122 malitie
1231 2067 1350 2138 aliquem
1363 2067 1538 2138 interfecerit,
1556 2067 1585 2122 in

347 2155 401 2212 hcc
420 2157 493 2210 enim
511 2172 578 2212 casu
597 2157 649 2211 100
667 2171 768 2226 pensas
786 2154 912 2224 cognatis
931 2153 1074 2222 interfecti,
1093 2155 1135 2210 20.
1155 2171 1220 2210 vero
1238 2171 1340 2226 pensas
1366 2153 1402 2210 ad
1426 2170 1588 2210 communes

349 2259 418 2300 usus
438 2243 572 2299 refundat.
600 2244 624 2298 6.
644 2241 674 2298 Si
693 2243 755 2312 quis
774 2241 810 2298 de
828 2243 965 2298 extraneis
989 2242 1094 2296 intrans
1119 2242 1257 2298 civitatem
1275 2243 1332 2298 sive
1350 2243 1378 2298 in
1396 2243 1465 2310 vico,
1484 2242 1541 2298 sive
1558 2243 1587 2296 in

348 2331 441 2399 domo,
466 2331 570 2386 sivein
588 2328 649 2385 foro
668 2329 768 2384 similia
785 2335 817 2383 ut
834 2345 919 2400 snpra
941 2328 1145 2400 perpetraverit,
1169 2346 1219 2401 per
1233 2329 1356 2402 judicem
1380 2329 1498 2385 civitatis
1516 2327 1587 2384 iudi·

351 2423 428 2474 cetur
446 2423 473 2473 et
491 2415 595 2474 eisdem
620 2415 716 2487 paenis
741 2415 891 2487 subjaceat.
917 2417 941 2471 l.
960 2415 991 2472 Si
1009 2433 1044 2471 ex
1062 2414 1159 2471 incolis
1176 2417 1294 2472 civitatis
1312 2416 1412 2487 aliquis
1430 2424 1480 2473 aut
1497 2425 1587 2474 extra·

348 2523 420 2562 neus
446 2505 519 2560 infra
544 2503 676 2560 terminos
703 2503 820 2559 civitatis
839 2505 867 2558 in
885 2503 959 2560 furto
976 2503 1020 2558 vel
1037 2503 1180 2560 latrocinio
1204 2503 1394 2576 deprehensus
1419 2505 1508 2573 fuerit,
1537 2523 1587 2577 per

343 2593 468 2666 judicem
486 2593 602 2649 ciuitatis
620 2591 759 2663 puniatur.
784 2592 809 2646 8.
828 2590 861 2646 si
879 2592 942 2662 quis
960 2595 1108 2646 amnena
1129 2591 1250 2662 aliquem
1273 2591 1309 2646 de
1327 2592 1437 2648 eivimtc
1455 2593 1483 2649 in
1502 2611 1587 2650 cause
1700 2585 1701 2588 ¹

345 2681 505 2754 pecuniaria
514 2680 557 2736 vel
567 2681 596 2734 in
606 2680 663 2734 lata
674 2679 774 2750 injuria
785 2679 901 2734 voluerit
913 2679 1065 2746 convenire,
1075 2695 1169 2734 coram
1175 2679 1269 2750 judice
1279 2681 1397 2736 civitatis
1407 2683 1586 2738 conveniatur

346 2775 374 2825 et
392 2769 563 2825 nullacausa
575 2765 610 2822 ad
625 2765 749 2822 duellum
764 2766 917 2838 judicetur,
937 2766 985 2822 sed
1005 2784 1054 2838 per
1071 2773 1155 2823 testes
1174 2773 1201 2824 et
1216 2769 1404 2840 juramentum
1416 2769 1586 2836 terminetur,

346 2857 405 2912 sive
424 2857 460 2911 sit
477 2871 541 2911 eum
559 2855 697 2911 mancis
715 2855 773 2910 sive
790 2871 854 2910 eum
871 2853 1015 2925 indigenis.
1040 2855 1137 2910 Testes
1155 2861 1248 2911 autem
1267 2855 1393 2912 eiusdem
1419 2856 1585 2913 conditionis

345 2949 374 3000 et
389 2943 532 3010 libertatis,
551 2943 631 2998 cuius
642 2947 708 2997 sunt
725 2942 778 3008 isti,
798 2947 982 2997 assumantur.
1000 2944 1025 2997 9.
1044 2941 1150 2998 Eodem
1168 2943 1252 2998 modo
1271 2943 1331 2999 siue
1349 2949 1496 3000 extraneus
1513 2945 1587 2999 inve·

347 3031 408 3087 niat
425 3030 501 3103 apud
520 3031 624 3086 incolas
643 3031 700 3084 sive
717 3029 808 3086 incola
832 3029 908 3101 apud
933 3035 1079 3085 extranem
1102 3047 1204 3100 equum
1224 3030 1266 3085 vel
1285 3030 1384 3086 bovem
1408 3037 1457 3086 aut
1479 3031 1587 3102 aliquas

347 3135 392 3174 res
410 3118 532 3181 furtivas,
552 3133 661 3189 semper
678 3123 772 3187 testes,
790 3121 933 3188 utsupra,
952 3115 1148 3188 producantur.
1167 3119 1208 3174 10.
1228 3117 1356 3174 Civesde
1370 3119 1511 3190 praedicta
1523 3119 1587 3174 civi·

345 3211 403 3262 tate
420 3207 466 3262 vel
480 3205 666 3277 jobbagiones
690 3204 726 3260 de
744 3205 816 3259 villis
839 3203 876 3259 ad
899 3205 990 3275 ipsam
1009 3203 1219 3276 pertinentibus,
1245 3205 1293 3276 qui
1310 3223 1398 3278 prope
1415 3206 1585 3262 territorium

345 3293 463 3348 civitatis
472 3292 582 3358 fuerint,
601 3292 705 3347 nullius
720 3291 831 3362 judicis,
849 3291 903 3346 nisi
923 3291 1049 3358 civitatis,
1072 3291 1181 3348 adstare
1193 3298 1345 3349 teneantur.
1366 3293 1448 3362 Quod
1462 3295 1486 3348 si
1494 3293 1585 3364 judex

347 3385 493 3452 suspectus
511 3379 667 3448 habebitur,
686 3380 844 3435 convocatis
862 3378 991 3435 omnibus
1009 3379 1160 3450 majoribus
1179 3381 1296 3436 civitam
1314 3379 1378 3454 ipso
1395 3379 1490 3452 judice
1509 3398 1587 3452 prae·
1700 3367 1701 3390 ¹

346 3474 424 3523 sente
453 3468 596 3538 negotium
623 3465 775 3522 decidatur.
803 3465 833 3522 Si
852 3471 929 3522 actor
956 3465 990 3520 ad
1010 3482 1104 3537 regem
1130 3468 1319 3540 appellaverit,
1347 3467 1425 3523 solus
1443 3467 1533 3538 judex
1551 3469 1587 3524 ad

346 3571 441 3626 regem
458 3556 497 3610 ire
515 3559 648 3610 teneatur.
674 3557 714 3610 11.
734 3554 764 3611 Si
783 3570 833 3626 pro
857 3571 1024 3625 quacunque
1047 3571 1133 3610 cansa
1152 3555 1283 3626 judicem,
1309 3561 1336 3611 et
1354 3557 1428 3611 cives
1452 3555 1495 3610 vel
1513 3555 1587 3612 cives
1700 3595 1701 3600 .

345 3643 420 3698 solos
438 3641 473 3696 ad
491 3641 577 3712 Regis
604 3643 789 3714 praesentiam
815 3643 877 3713 quis
904 3643 1008 3710 citaret,
1035 3660 1092 3698 nou
1118 3648 1227 3699 tenetur
1253 3643 1292 3700 ire
1317 3643 1369 3698 nisi
1396 3643 1474 3698 solus
1489 3641 1585 3714 judex,

345 3735 396 3785 etc.
416 3729 455 3784 12.
467 3729 549 3784 (lires
558 3727 673 3784 liberam
682 3729 786 3784 habent
795 3727 954 3784 facultatem
964 3729 1081 3799 eligendi
1090 3729 1222 3800 judicem,
1232 3730 1291 3801 regi
1305 3729 1549 3802 praesentandum,
1559 3735 1587 3786 et
1700 3717 1701 3728 ¹

346 3815 473 3872 mutandi
491 3816 634 3870 annuatim
659 3833 710 3886 pro
735 3832 787 3870 suo
811 3815 931 3871 arbitrio.
958 3816 998 3872 12.
1017 3816 1046 3872 Si
1067 3815 1181 3888 quiade
1200 3819 1309 3873 civitate
1328 3819 1387 3872 sine
1405 3815 1523 3872 haerede
1540 3815 1587 3874 de·
1700 3823 1701 3876 i

345 3903 468 3972 cesserit,
487 3902 522 3957 de
541 3903 599 3958 suis
616 3901 700 3957 rebus
718 3901 834 3958 liberam
852 3901 937 3958 habet
954 3901 1119 3975 disponendi
1138 3903 1305 3959 facultatem.
1331 3903 1387 3960 Res
1406 3921 1471 3962 vero
1489 3905 1585 3962 immo·

347 3990 424 4057 biles,
442 3989 549 4057 domos,
569 3991 682 4058 curiam,
700 3990 802 4057 vineas,
821 3995 907 4044 terras
926 3997 955 4046 et
972 3989 1203 4046 aedificiahabito
1221 3991 1336 4046 consilio
1352 4008 1415 4048 cum
1428 3993 1588 4050 concivibus

344 4077 465 4131 familiae
485 4093 551 4132 suae
569 4078 613 4132 vel
631 4077 756 4146 cognatis
774 4078 918 4148 relinquat.
947 4079 988 4134 14.
1008 4077 1037 4134 si
1056 4080 1119 4148 quis
1136 4079 1284 4134 intestatus
1311 4079 1460 4136 decesserit
1484 4085 1512 4136 et
1529 4099 1585 4137 non
1700 4115 1701 4150 3

345 4164 473 4219 habuerit
490 4169 633 4234 cognatos,
652 4163 724 4219 duae
743 4170 835 4237 partes
853 4164 1023 4236 pauperibus
1041 4171 1069 4220 et
1081 4165 1212 4220 ecclcsiae
1225 4165 1349 4221 eiusdem
1361 4167 1478 4222 civitatis
1497 4167 1588 4225 distri·

347 4252 476 4318 buantur,
502 4251 584 4306 tertia
610 4256 704 4306 autem
733 4268 797 4322 pars
824 4251 860 4307 ad
887 4252 1033 4307 uallatam
1060 4252 1177 4308 civitatb
1195 4259 1356 4309 reservetur.
1376 4256 1417 4310 15.
1435 4254 1540 4311 Forum
1559 4257 1587 4312 in

344 4339 455 4394 civitate
472 4337 583 4394 duobus
601 4336 700 4393 diebus
718 4338 747 4392 in
765 4337 949 4406 hebdomada,
968 4337 1094 4395 videlicet
1111 4339 1156 4395 die
1174 4339 1271 4395 Lunae
1290 4346 1317 4396 et
1333 4341 1413 4397 Jovis
1425 4342 1587 4410 celebretur,

348 4431 457 4498 praeter
475 4424 675 4496 quotidianum.
695 4427 736 4481 15.
764 4425 809 4480 Ad
827 4425 937 4481 servitia
954 4426 1027 4496 regis
1043 4433 1153 4482 tenetur
1170 4427 1265 4482 civitas
1284 4445 1348 4483 cum
1365 4445 1415 4484 rex
1435 4429 1587 4501 expeditio-

348 4529 413 4568 nem
431 4512 467 4568 ad
486 4518 578 4584 partes
606 4511 764 4579 maritimas,
789 4514 833 4569 uel
852 4512 1029 4580 Cariathiam,
1047 4513 1092 4570 vel
1109 4515 1251 4570 Ananiam
1269 4514 1359 4570 fucere
1377 4516 1502 4585 voluerit,
1520 4523 1587 4573 tnnc

345 4600 419 4655 cives
445 4598 542 4656 decem
568 4599 668 4654 milites
696 4600 804 4656 mittere
830 4605 960 4656 tenentur
978 4617 1041 4656 cum
1065 4602 1148 4656 armis
1166 4601 1337 4657 militaribus.
1356 4603 1503 4660 Praeterea
1519 4605 1587 4676 regi,

347 4685 460 4758 qnando
486 4689 580 4759 ipsum
595 4687 660 4743 illuc
682 4689 723 4744 ire
747 4689 900 4760 contigerit,
922 4687 990 4745 dare
1013 4687 1116 4746 debent
1140 4707 1191 4762 pro
1208 4689 1326 4762 prandio
1350 4691 1384 4746 12
1407 4690 1589 4762 boves,1000
