3544 5344
686 509 831 554 anansra.
1335 488 1375 552 31

138 677 299 733 iuraverunt
322 681 416 732 tenere
439 691 536 747 pacem
558 681 586 732 at
608 674 783 730 concordiam
806 675 964 732 hominibus
987 675 1023 731 de
1047 676 1123 732 Arba
1145 677 1192 744 ita,
1220 675 1295 747 quod
1323 677 1379 731 sint

12 785 27 810 ο
139 767 210 822 salvi
228 772 256 821 et
273 765 362 820 securi
380 765 408 818 in
427 763 551 835 partibus
569 779 673 828 eorum,
691 768 749 817 tarn
772 763 801 816 in
824 765 949 835 personis
966 781 1050 835 quam
1067 765 1096 820 in
1114 765 1205 832 rebus,
1223 763 1323 820 dehinc
1342 763 1377 818 ad

138 870 228 910 annes
240 853 275 908 20
286 852 339 907 sub
351 867 442 923 poena
454 851 639 906 Bizantiorum
652 851 694 906 20.
712 851 750 905 Et
762 851 785 906 si
797 851 896 921 aliquis
908 868 1004 908 eorum
1016 852 1143 908 habuerit
1155 853 1277 922 aliquam
1288 852 1378 922 inqui·

139 941 267 996 sitienem
285 945 381 994 centra
399 938 571 994 Albenensas
589 938 633 994 vel
656 939 686 992 hi
709 943 805 994 eontra
827 939 975 1006 Arbenses,
998 939 1140 1011 deponant
1160 941 1377 1012 quaerimoniam

139 1035 205 1084 ante
222 1028 361 1100 sapientes
379 1043 454 1082 suos.
472 1027 509 1080 Et
527 1026 550 1080 si
569 1026 662 1096 aliqua
679 1042 744 1097 pars
762 1033 858 1082 centra
875 1027 1066 1082 imbuendum
1082 1027 1122 1082 ire
1133 1028 1314 1099 temptaverit,
1328 1034 1377 1082 aut

140 1123 345 1170 sacramentum
363 1114 521 1184 corruperit,
540 1113 583 1168 vel
601 1131 650 1185 per
667 1114 731 1181 vim,
750 1114 806 1169 sive
824 1113 898 1170 furto
922 1119 971 1169 aut
988 1131 1037 1186 per
1055 1114 1283 1185 pignerationem,
1305 1131 1379 1170 com-

140 1209 228 1276 ponat
245 1203 328 1258 aliam
346 1208 453 1273 partem
470 1217 534 1256 eum
552 1199 709 1272 supradicta
733 1218 830 1274 poena,
857 1207 885 1258 et
908 1219 964 1273 pax
988 1201 1067 1256 firma
1089 1210 1237 1257 remaneat
1261 1202 1377 1257 Juraut:

138 1293 240 1346 Petrau
257 1292 417 1356 vicecomes,
429 1291 550 1360 iupanus
563 1289 661 1344 Petrus
676 1287 860 1360 supradictus,
873 1307 937 1344 cum
949 1289 1085 1344 ambobus
1098 1288 1235 1344 iudicibus
1248 1288 1378 1344 Mathaeo

141 1378 199 1432 filio
217 1376 373 1446 Slaregest,
391 1375 521 1446 Bogcsila
539 1375 596 1430 filie
614 1375 728 1442 Bitiche,
746 1375 849 1430 Ivaeaa
866 1376 939 1430 filius
956 1374 1080 1430 Sedeslai
1094 1375 1237 1446 plebanus.
1258 1375 1379 1447 Insuper

140 1469 241 1534 rogent
259 1463 439 1530 Albonenses,
458 1463 530 1518 utri
548 1464 654 1534 piratae
672 1462 782 1517 Oazichi
800 1479 848 1519 eos
874 1463 1064 1534 praedaverint
1082 1469 1109 1518 et
1126 1462 1200 1518 bena
1218 1479 1314 1517 eorum
1331 1463 1378 1517 ab

140 1551 275 1608 ducerent
292 1551 335 1606 vel
353 1567 494 1622 personas,
513 1549 643 1606 arbenses
667 1551 691 1604 si
709 1557 827 1621 possunt
852 1551 988 1606 redimant
1005 1567 1060 1618 eas,
1079 1567 1129 1622 per
1147 1549 1249 1605 bonam
1267 1567 1379 1606 aeneor-

17 1687 26 1706 ,
140 1638 224 1693 diana
243 1638 274 1694 si
292 1643 385 1693 autem
402 1637 548 1704 noluerint,
567 1643 598 1692 ut
615 1653 663 1692 eos
688 1643 788 1704 emant,
812 1637 939 1692 dimitant
956 1653 1004 1693 ees
1023 1637 1106 1693 abire.
1131 1638 1208 1692 Etsi
1226 1638 1326 1707 aliquis
1344 1654 1379 1690 ex

141 1723 267 1798 partibus
286 1725 412 1780 Albeuas
431 1742 479 1781 eos
497 1725 683 1796 pigneraverit
700 1729 749 1779 aut
767 1723 894 1779 ceciderit
911 1725 940 1778 in
958 1741 1057 1780 manus
1075 1741 1178 1791 cerum,
1196 1723 1317 1780 debeant
1329 1741 1378 1780 ees

141 1819 236 1868 tencre
254 1819 282 1867 st
299 1811 380 1880 bena,
399 1829 471 1882 quae
494 1811 587 1866 ablata
610 1811 721 1867 fuerunt
745 1819 772 1867 et
795 1813 903 1867 mittere
921 1812 960 1867 eis
982 1813 1109 1867 nuntium
1126 1811 1198 1866 infra
1222 1811 1379 1882 quindecim

140 1900 208 1955 dies.
229 1899 379 1955 Consimile
396 1899 497 1954 sacient
515 1900 555 1954 eis
573 1905 601 1954 et
618 1899 802 1955 Alboueuses.

194 1987 313 2042 Lucius:
331 1987 464 2042 Mauorte
481 1987 513 2042 di
533 1988 617 2042 ttae.
632 2003 662 2056 p.
683 1991 715 2040 61
732 1987 764 2042 ia
782 1987 980 2042 additamento.

194 2127 301 2183 XCIV.
322 2127 403 2184 Oircc
422 2145 448 2182 e.
466 2130 543 2180 1211.
562 2127 689 2182 Andreas
701 2128 731 2182 II
749 2145 798 2182 rex
810 2127 924 2182 mandat
936 2127 1063 2182 omnibus
1073 2127 1219 2182 comitibus
1237 2127 1265 2181 in
1284 2126 1381 2183 Slave·

145 2215 196 2283 eia,
216 2221 353 2285 qnatenus
371 2215 568 2270 monasterium
591 2232 673 2270 suurn
690 2213 726 2269 de
743 2215 858 2286 Topllca
875 2213 1039 2280 custodiant,
1061 2219 1088 2269 et
1114 2231 1132 2268 a
1155 2213 1378 2270 malefactoribus

143 2309 171 2356 et
187 2302 347 2374 raptoribus
364 2301 531 2368 deffendant,
549 2303 615 2372 quia
632 2303 681 2373 qui
697 2302 770 2357 male
787 2302 881 2357 lecerit
899 2302 1073 2368 monasterio,
1092 2302 1143 2356 erit
1155 2302 1235 2372 quasi
1253 2303 1301 2373 qui
1318 2303 1379 2358 teti-

143 2389 215 2459 gerit
232 2389 367 2460 pupillam
384 2389 445 2444 eius
463 2389 543 2443 eceb.

200 2475 328 2532 raucas.-
345 2478 525 2531 Meaameatc
542 2489 603 2546 epp.
620 2477 731 2546 reptet.
749 2477 774 2532 I.
789 2492 819 2546 p.
839 2481 881 2531 33.

196 2597 286 2653 XCV.
308 2599 390 2654 Oirca
408 2616 434 2653 e.
452 2602 527 2653 1214.
546 2598 671 2654 Andreas
690 2599 721 2654 II
739 2615 787 2654 rex
805 2598 899 2654 abbati
917 2597 952 2653 de
964 2599 1078 2670 Tepliea
1098 2597 1279 2669 (Theebaldo)
1297 2599 1379 2654 licae-

143 2687 209 2741 tiam
228 2687 365 2742 concessit
381 2685 473 2741 ferum
490 2685 607 2742 faciendi
625 2687 653 2741 in
671 2685 806 2742 Bachusa

199 2773 321 2829 sumt:
340 2775 522 2830 Menummta
540 2789 600 2843 app.
618 2775 728 2844 suprad.
746 2790 774 2843 ρ.
792 2775 817 2843 Ι,
834 2777 879 2830 34.

198 2896 304 2952 XCVI.
323 2897 357 2951 A.
375 2899 453 2950 1214.
471 2897 608 2968 Tempore
619 2897 751 2951 Bernardi
764 2897 970 2968 archiepiscopi,
983 2895 1113 2950 Domaldi
1126 2897 1241 2964 comitis,
1257 2895 1380 2951 Thomas

144 2986 254 3056 nepotis
273 2983 476 3054 Messagalinae
495 2984 594 3038 vicarii.
614 2984 771 3056 Stephanus
790 2984 909 3039 Ustinna
933 2990 960 3039 ct
980 2983 1081 3047 Drasil,
1106 2983 1172 3038 olim
1190 2983 1238 3037 filii
1256 2983 1380 3038 Ruzinne

145 3073 182 3127 de
200 3071 290 3134 Hileo.
310 3070 490 3126 vendiderunt
507 3071 616 3126 cuidam
631 3071 734 3126 Duimo
748 3077 856 3138 terram,
869 3088 941 3142 quae
953 3071 1005 3126 fuit
1017 3071 1069 3125 sub
1082 3070 1197 3125 ecclesia
1209 3087 1230 3123 s.
1243 3069 1262 3124 J
1263 3069 1379 3124 ohannis

145 3159 182 3213 de
200 3157 284 3213 Hilce
301 3159 378 3214 iuxta
395 3159 503 3214 vineam
516 3160 583 3226 eius,
596 3176 646 3230 pro
658 3157 768 3213 duobus
780 3161 930 3214 remanetis
943 3165 970 3214 ct
981 3158 1103 3213 medium
1116 3175 1166 3228 pro
1184 3157 1246 3212 fine.
1269 3157 1379 3212 Testes:

146 3245 307 3312 bliebacius,
333 3246 457 3301 Luceres
482 3245 568 3301 Stresi
592 3251 619 3302 et
642 3246 786 3301 Barbatus.
812 3245 927 3317 Scripsit
950 3245 1080 3302 Sabatius
1102 3245 1256 3301 communis
1270 3244 1380 3314 juratus

146 3333 278 3387 nonnus.

201 3420 275 3491 Oria.
292 3421 324 3476 in
342 3420 454 3476 arelatae
473 3436 543 3476 mea.
562 3437 582 3476 a.
602 3421 717 3478 Mariae
738 3421 866 3476 ledaea

181 3550 301 3606 xevn.
320 3551 355 3606 Δ.
373 3554 447 3606 1214.
466 3550 592 3606 Andreas
610 3551 640 3606 Π
657 3568 706 3607 rex
725 3551 810 3606 donat
827 3552 936 3606 Barane
953 3550 1059 3606 decano
1083 3550 1269 3621 ragrabiensis
1296 3547 1380 3604 eccle·

146 3639 203 3692 siae
226 3639 254 3692 in
278 3641 560 3710 recompensationem
584 3638 672 3694 fidelis
700 3640 742 3694 sui
765 3640 866 3694 servitii
899 3645 999 3694 terram
1024 3638 1121 3694 Oehna
1147 3621 1308 3705 (Ohchlinec
1338 3636 1381 3690 vel

148 3709 271 3794 Culinec)
289 3731 317 3780 et
334 3725 452 3781 Wereclr
470 3727 649 3782 ecamensium
667 3727 749 3782 castri
766 3726 951 3796 zagrabiensis
963 3733 1098 3798 perpetuo
1110 3727 1169 3780 iure
1187 3723 1380 3796 possidendam

147 3811 200 3866 sibi
217 3819 245 3867 at
262 3813 320 3868 suis
339 3815 552 3868 successoribus.
576 3815 610 3868 In
635 3814 839 3886 possessionem
862 3814 935 3869 idem
958 3813 1141 3869 introducitur
1164 3829 1213 3883 per
1231 3811 1382 3865 Martinum

147 3898 258 3966 benum,
277 3900 324 3970 qui
342 3905 409 3956 tuuc
426 3901 559 3972 temperis
576 3901 604 3956 in
622 3901 675 3956 illis
688 3901 812 3974 partibus
824 3901 943 3955 baeatus
958 3900 1125 3970 fimgebatur
1137 3899 1277 3970 dignitate.
1290 3898 1382 3952 Prima

147 3992 220 4040 meta
238 3987 290 4042 fuit
307 3987 371 4041 villa
389 3985 543 4060 Scepnicha
561 3987 665 4060 praedii
683 3988 807 4044 eiusdem
824 3989 925 4044 Bataui
943 3987 1054 4054 decana
1076 3985 1174 4042 deinde
1192 4001 1287 4040 versus
1305 3985 1382 4054 aqui-

147 4073 240 4130 lonem
266 4075 341 4130 venit
364 4074 399 4129 ad
423 4075 562 4146 quandam
586 4075 726 4148 publicam
747 4081 869 4144 stream,
894 4092 965 4146 quae
989 4074 1087 4128 inillis
1106 4073 1230 4144 partibus
1248 4071 1381 4140 viaregis

147 4169 269 4229 vocabu,
288 4178 377 4233 usque
404 4161 470 4216 dum
497 4162 593 4218 eadem
619 4163 664 4218 via
689 4165 773 4218 intrat
798 4163 826 4218 in
853 4163 993 4233 quandam
1017 4178 1118 4230 aquam
1141 4161 1252 4215 nomine
1270 4159 1382 4213 Tornua

148 4249 285 4319 (Tracta),
303 4255 332 4304 et
349 4266 399 4320 per
425 4249 542 4304 eaedem
567 4251 640 4306 viam
667 4249 812 4318 derivatur,
839 4249 928 4306 donec
954 4249 1067 4304 Temua
1092 4248 1188 4303 defluit
1211 4248 1239 4301 in
1258 4246 1381 4310 Zawam3

147 4352 242 4390 versus
267 4337 417 4392 australem
444 4343 550 4408 partem
577 4337 673 4392 eadem
701 4339 782 4393 Zawa
808 4337 904 4394 circuit
930 4353 1026 4394 omnes
1053 4337 1121 4391 alias
1147 4342 1234 4390 terras
1258 4331 1382 4387 eiusdem

148 4422 256 4478 Barani.
280 4423 411 4494 Indulget
432 4425 514 4480 etiam
533 4442 581 4480 rex
604 4426 713 4482 Barano
736 4432 763 4481 et
786 4426 844 4481 suis
867 4425 1033 4480 haeredibus
1058 4429 1191 4496 perpetue
1217 4419 1381 4474 marturinae

148 4517 259 4566 eentum
276 4513 452 4568 mansionum
469 4512 505 4568 de
522 4519 608 4584 parte,
627 4531 698 4584 quae
716 4531 809 4586 regem
827 4514 987 4584 contigerat,
1005 4513 1044 4567 ita
1061 4517 1093 4566 ut
1110 4511 1201 4565 nullus
1219 4505 1381 4563 homobeni

149 4598 183 4653 ad
195 4599 364 4669 colligendas
375 4601 541 4656 marturinae
550 4601 734 4669 transmissus,
747 4619 830 4674 super
842 4601 1004 4674 praedictas.
1018 4600 1050 4653 O.
1062 4599 1219 4652 mansiones
1230 4596 1265 4651 de
1277 4595 1382 4666 populo

149 4686 213 4742 dicti
231 4686 328 4742 decani
346 4687 520 4755 descendere,
532 4694 582 4744 aut
593 4688 735 4744 collectam
747 4689 958 4744 martruinarum
970 4687 1080 4756 exigere
1092 4689 1258 4756 praesumat
1277 4682 1382 4736 Datum

150 4790 198 4844 per
215 4791 316 4830 manus
333 4775 456 4832 Thomas
474 4776 554 4831 aulae
571 4777 663 4847 regiae
681 4777 835 4832 cancellarii
858 4783 887 4830 ct
909 4774 1029 4830 albensis
1047 4771 1204 4844 praepositi.
1225 4770 1303 4824 Inter
1322 4785 1382 4840 pro-
