3544 5344
714 495 861 538 asemas.
1372 474 1413 539 61

165 663 239 718 idem
257 662 426 718 Laurentius
444 669 473 718 et
490 667 569 733 pater
586 661 665 717 ducis
684 667 711 716 et
729 661 774 716 alii
787 661 922 716 instantes
934 667 1087 732 rogassent
1107 663 1221 734 accepit.
1241 663 1324 732 Quod
1338 681 1416 736 prae-

166 749 243 805 dium
268 751 412 806 Demetrio
440 750 573 820 magistro
598 749 747 805 alienatum
772 747 825 804 tuit
851 765 915 804 cnm
942 751 1140 820 aggravatione
1167 751 1254 822 patris
1282 751 1415 807 eiusdem.

165 835 303 894 Vendidit
320 853 387 908 ergo
405 837 474 892 illud
492 837 552 894 dux
569 855 620 909 pro
638 837 713 892 mille
730 839 838 893 marcis.

225 925 346 980 17111111.-
367 925 433 982 (iod
452 925 522 994 dipl.
542 925 649 995 arpac.
668 928 737 996 I,p.
752 929 814 980 266.

219 1029 383 1085 ccxxix.
403 1030 438 1086 A„
456 1033 536 1086 1228.
553 1030 621 1086 Bela
638 1047 688 1086 rex
702 1030 797 1101 junior
815 1029 922 1085 confert
939 1029 1082 1102 Stephano
1098 1031 1231 1104 episcopo
1243 1031 1416 1102 aagrabiensi

167 1116 203 1172 ad
221 1118 510 1189 recompensationem
533 1116 659 1189 ejusdem
684 1117 858 1172 servitiorum
882 1117 974 1172 villam
994 1117 1098 1174 Vertns
1116 1135 1180 1173 curn
1199 1119 1257 1174 auis
1275 1118 1416 1174 cohabita·

165 1203 274 1260 toribus
292 1211 419 1261 1111111
437 1205 604 1276 symegiensi
622 1211 775 1276 exceptam,
795 1211 822 1260 et
840 1205 906 1260 fecit
923 1205 1001 1260 illum
1020 1222 1070 1276 per
1087 1205 1217 1261 comitem
1229 1205 1316 1277 Iseph
1328 1205 1416 1260 filium

164 1292 266 1348 Joania
289 1292 434 1348 introduci.
459 1293 565 1348 Datum
590 1310 762 1364 parmenus
791 1292 914 1348 Mathiae
940 1292 1093 1364 praepositi
1119 1292 1307 1364 zagrabicnsis
1335 1293 1416 1348 aulae

166 1379 332 1434 cancellarii.

217 1468 268 1522 aa
285 1466 400 1522 ardoino
418 1467 622 1537 arciepiscopi
639 1467 934 1537 commendabitur
949 1467 1077 1540 priciiep.
1095 1472 1180 1538 139.
1196 1467 1323 1524 1111111111
1336 1471 1415 1524 Mon.

165 1553 248 1624 episc.
266 1571 344 1626 supr.
360 1571 389 1624 p.
409 1559 445 1606 56
463 1554 502 1609 ad
519 1571 546 1610 u.
564 1557 643 1609 1226.

218 1675 366 1732 CCXXX.
385 1677 523 1748 iaderae,
550 1677 626 1733 circo
651 1680 728 1732 1228.
747 1677 781 1734 G.
801 1677 1026 1750 archiepiscopus
1048 1677 1213 1750 spalatensis
1233 1677 1368 1750 promittit
1386 1693 1416 1732 ae

166 1765 281 1820 firmiter
299 1769 372 1820 stare
390 1762 428 1818 ad
446 1765 547 1831 omnia,
566 1781 638 1836 quae
653 1765 724 1820 inter
736 1781 801 1820 eum
819 1771 847 1820 et
859 1765 1014 1836 capitulum
1026 1765 1085 1821 eius
1104 1765 1188 1820 frater
1200 1763 1339 1820 Guarinus
1352 1781 1416 1819 cum

165 1852 224 1906 ania
242 1851 375 1906 1111111111
393 1849 544 1908 decreverit
562 1851 754 1907 ordinandum
773 1851 874 1908 Libros
892 1859 995 1920 autern,
1014 1869 1085 1922 quoa
1097 1852 1173 1923 apud
1192 1867 1222 1906 se
1240 1851 1332 1918 habet,
1352 1867 1414 1922 pro-

165 1940 250 1995 mittit
268 1939 389 2006 firmiter,
408 1938 485 2010 quod
503 1938 609 2008 absque
634 1940 709 1994 omni
732 1940 781 1994 lite
799 1956 889 2010 usqne
917 1939 953 1994 ad
978 1939 1080 1994 festum
1104 1957 1125 1993 s.
1152 1939 1263 1994 Martini
1282 1939 1416 1995 ecclesiae

164 2029 313 2083 restiturus
332 2027 374 2093 sit,
389 2027 505 2081 scilicet:
518 2066 525 2080 .
539 2065 545 2079 .
559 2027 715 2098 epistolare,
726 2025 896 2082 ordinarium
906 2025 1095 2094 sermocinule,
1104 2027 1291 2082 institutiones
1303 2031 1417 2098 ettape

166 2121 230 2170 1111.
243 2111 442 2170 Praesentibus
462 2113 675 2184 procurantibus
687 2130 801 2168 causam
821 2115 935 2187 capituli
948 2114 1015 2170 Vita
1027 2115 1190 2186 primicerio,
1202 2115 1285 2170 Petro
1302 2119 1329 2168 at
1341 2113 1418 2168 Desa

165 2201 341 2270 diaconibus,
360 2201 468 2256 Thomu
486 2199 658 2255 subdiacono
677 2201 834 2256 testimonio
853 2201 976 2256 Bartholi
994 2201 1126 2257 nonensis
1145 2207 1173 2256 et
1185 2201 1294 2256 Nicolai
1307 2200 1417 2266 acardo·

165 2290 268 2356 nensis,
297 2287 405 2344 Nicolai
433 2295 460 2342 et
482 2287 621 2343 Jacomini
643 2287 759 2343 fratrum
786 2289 925 2344 minorum
949 2295 977 2344 11
994 2288 1104 2344 abbatis
1124 2287 1260 2355 Chrauae,
1278 2287 1414 2344 laicorum

164 2393 231 2431 rero
250 2375 366 2431 Grubae
384 2375 549 2447 spalatensis
567 2381 595 2430 et
613 2374 720 2431 (111111
738 2375 803 2430 carl
822 2376 890 2432 civia
904 2375 1054 2448 jadrensis.

220 2465 269 2518 Ee
287 2463 401 2519 archivo
419 2463 513 2518 calice
530 2463 681 2518 viennensi.
699 2465 762 2519 Act.
780 2463 852 2533 apol.
871 2480 931 2532 cop.
949 2464 1088 2520 Gomara:
1105 2463 1218 2519 Archia.
1231 2463 1317 2532 cupit.
1328 2479 1358 2532 p.
1372 2465 1413 2516 11.

221 2567 383 2624 CCXXXI.
402 2569 528 2638 Perasil,
547 2573 590 2624 20.
608 2569 748 2625 Jonuorii
765 2573 843 2626 1229.
861 2567 1015 2640 Gregorius
1026 2569 1070 2624 IX
1083 2585 1158 2640 papa
1171 2567 1298 2624 concedit
1309 2567 1417 2636 Ugrino

165 2656 378 2728 archiepiscopo
397 2656 545 2711 colociensi
569 2655 729 2712 facultatem
753 2673 855 2712 noram
879 2656 975 2712 sedem
993 2656 1181 2729 episcopalem
1198 2657 1227 2711 in
1245 2655 1416 2712 monasterio

167 2742 277 2798 Onchet
295 2743 360 2812 (Xe,
378 2743 457 2812 Korr,
475 2743 531 2812 Κό)
549 2743 690 2798 statuendi
707 2743 875 2799 authoritate
893 2743 1055 2815 apostolica.

219 2829 355 2886 Forloti:
373 2831 454 2900 lllyr.
471 2845 544 2885 socr.
565 2831 594 2884 T.
620 2830 690 2900 m,
705 2847 736 2900 p.
754 2833 818 2886 514.
845 2829 974 2886 11111111
991 2834 1066 2888 Mon.
1085 2834 1180 2900 Hanp.
1199 2833 1223 2901 I,
1244 2834 1285 2885 88.

221 2934 399 2990 ΟΟΧΧΧΠ.
417 2935 500 3006 atui,
524 2939 549 2988 3.
574 2935 724 2990 Febnaarii
748 2939 829 2990 1229.
853 2935 1038 3007 Temporibus
1060 2934 1161 2990 Jacobi
1185 2935 1313 3005 'l'eupolo
1336 2935 1416 2992 ducis

167 3022 364 3090 Veneciarum,
384 3029 412 3078 et
433 3021 552 3078 Jordani
576 3024 700 3094 episcopi
724 3023 849 3078 arbensis
873 3031 901 3079 et
924 3024 999 3078 Petri
1022 3022 1138 3088 comitis,
1158 3020 1248 3076 dictus
1267 3022 1417 3094 episcopus

166 3112 304 3182 scriptum
321 3109 520 3166 recordationis
545 3109 604 3165 fieri
625 3109 707 3180 jubet
730 3109 766 3166 de
791 3112 870 3166 terris
894 3117 922 3165 et
943 3110 1031 3164 vineis
1055 3115 1083 3164 et
1101 3108 1162 3162 aliis
1176 3107 1417 3178 jurisdictionibus

166 3199 348 3269 episcopatus
366 3197 491 3252 arbensis
509 3203 619 3253 etcum
637 3197 748 3268 penitus
772 3199 934 3268 ignorontrrr
947 3197 1014 3268 jura
1034 3196 1213 3267 episcopatus
1231 3200 1259 3249 et
1276 3194 1416 3260 ecclesiae,

168 3284 234 3341 seuit
247 3285 343 3355 jurare
361 3291 417 3339 tres
435 3285 549 3340 clericos
568 3291 596 3340 et
613 3291 668 3340 tres
687 3284 780 3352 laicos,
800 3301 917 3356 quornm
937 3284 1147 3339 nominarunt:
1166 3283 1257 3338 Ursus
1275 3279 1417 3352 quondam

167 3373 259 3427 abbas
277 3389 299 3427 a
318 3372 400 3439 Petri,
419 3371 545 3442 Designa
569 3373 797 3444 archipresbyter,
822 3371 982 3443 Stephanus
1007 3371 1157 3442 presbyter,
1180 3369 1326 3441 Philippus
1344 3367 1418 3421 tilius

168 3459 313 3530 quondam
340 3459 424 3515 Fusci
439 3459 535 3531 judex,
553 3459 684 3515 Julianus
703 3466 787 3530 atque
805 3459 930 3530 Designa
948 3459 1021 3513 filine
1043 3456 1185 3528 quondam
1204 3455 1306 3522 Micali‚
1327 3461 1358 3509 ut
1375 3471 1418 3509 ae·

167 3547 293 3603 cundum
319 3563 402 3602 annm
426 3548 495 3602 scire
519 3547 584 3618 jura
610 3547 635 3602 ci
660 3547 810 3619 probarent
834 3554 861 3602 ct
885 3547 1114 3601 demonstrarent
1139 3543 1271 3615 Inprimis
1292 3542 1417 3612 Designa

169 3634 392 3706 archipresbyter
412 3633 524 3704 jurarit,
550 3633 626 3705 qnod
650 3635 729 3689 locus
754 3634 886 3689 Salbinus
910 3634 988 3688 iuxta
1010 3638 1134 3688 montem
1153 3647 1174 3685 a
1196 3629 1334 3697 Damiani
1353 3647 1417 3685 curn

166 3725 231 3780 loco
249 3724 370 3778 Potneto
389 3729 416 3777 et
433 3722 593 3778 Pulveraria
610 3728 670 3777 tota
694 3737 784 3792 usque
802 3720 837 3776 ad
856 3721 998 3792 Lapisum,
1018 3725 1046 3775 et
1064 3720 1152 3786 vinea,
1172 3735 1257 3787 quarn
1275 3723 1350 3773 11111
1369 3734 1418 3788 po·

167 3816 256 3866 testas
275 3808 402 3864 Andreas
427 3825 515 3880 prope
539 3808 644 3865 fontem
667 3808 802 3863 Boniiacii
830 3814 857 3863 et
880 3813 956 3863 totus
980 3825 1060 3863 mons
1085 3805 1120 3862 de
1145 3805 1231 3874 Scire,
1257 3813 1284 3861 et
1302 3805 1417 3861 locellus

168 3897 271 3953 Catilla
289 3903 317 3952 et
334 3903 424 3952 totum
442 3896 593 3966 Plngiunm
610 3913 699 3966 usqne
718 3896 753 3951 ad
774 3895 904 3950 Drinduli
923 3903 950 3951 et
968 3911 1085 3966 campus
1103 3894 1139 3950 de
1157 3895 1227 3948 Pino
1246 3901 1274 3948 et
1291 3899 1364 3948 terra
1381 3893 1417 3950 de

166 3984 316 4040 Vallicella
349 3991 376 4039 et
399 3991 473 4039 11111
496 3983 532 4038 de
555 3985 685 4039 Pertamo
713 3990 740 4038 et
766 3990 840 4038 terra
868 3983 945 4038 Sassi
976 3983 1032 4036 sint
1062 3987 1090 4036 et
1119 3981 1259 4036 extiterint
1286 3981 1418 4035 ecclesiae

168 4091 191 4128 a.
210 4073 325 4128 Mariae.
344 4071 416 4126 Item
434 4073 521 4138 vinea,
541 4088 625 4142 quam
642 4077 719 4126 tenet
736 4071 845 4140 Ugolus
863 4070 945 4125 frater
957 4068 1100 4139 quondam
1112 4067 1233 4123 Prodani
1246 4067 1369 4138 episcopi
1382 4067 1418 4123 de

167 4161 272 4226 Lauro,
291 4175 324 4214 sc
342 4157 484 4230 qnondam
502 4158 651 4230 episcopus
670 4156 797 4212 Andreas
816 4174 878 4212 eam
896 4156 1015 4212 tenebat.
1036 4157 1073 4210 Et
1090 4155 1169 4209 vallia
1189 4155 1273 4225 plana
1292 4161 1320 4208 ot
1337 4155 1418 4209 vinea

168 4247 265 4302 uxoris
283 4244 436 4318 Lampridii
453 4261 500 4315 qn.
519 4244 554 4300 de
573 4245 699 4314 Bagnolo
717 4250 745 4299 et
763 4243 891 4314 Gurgum
916 4242 1058 4313 quondam
1083 4242 1218 4297 Catalella
1236 4241 1271 4296 de
1290 4243 1417 4307 Murano,

168 4339 197 4389 et
214 4331 391 4388 monticellus
409 4331 444 4387 de
463 4331 625 4404 Onpellago,
644 4348 728 4402 quem
746 4337 822 4385 tenet
841 4331 946 4384 Marius
965 4330 1086 4385 Gissani.

221 4421 348 4491 Designa
366 4419 443 4486 dixit,
462 4419 537 4489 quod
554 4437 618 4474 cum
636 4426 709 4474 esset
721 4419 879 4490 quartarius
891 4418 1014 4489 episcopi
1028 4416 1157 4484 Prodani,
1170 4415 1294 4470 vendidit
1306 4421 1416 4482 terram,

167 4511 197 4564 in
216 4525 274 4580 qua
291 4507 435 4580 presbyter
457 4507 634 4561 Drasimerua
661 4507 746 4561 habet
769 4505 878 4560 vineam
902 4506 930 4559 in
955 4504 1078 4570 Sabuno,
1103 4505 1184 4558 vinea
1203 4503 1328 4556 Marinae
1347 4502 1415 4557 Ger-

169 4595 273 4652 duasae
290 4601 319 4650 et
336 4595 417 4649 rinea
434 4593 575 4664 quondam
594 4593 756 4664 Faniognac
775 4599 803 4647 11
819 4594 916 4648 vineae
935 4591 1049 4658 Bivaldi,
1062 4592 1136 4646 Petri
1149 4591 1278 4656 Buaolae,
1292 4589 1416 4660 inrlani

168 4683 316 4754 veglensis,
333 4682 452 4737 Joannis
470 4681 610 4751 Fliguliui,
629 4681 764 4746 Looavae‚
790 4680 909 4735 liliorum
935 4679 1094 4745 1111111111,
1113 4677 1229 4733 Nicolae
1248 4677 1416 4748 Mignorelli,

168 4771 288 4826 Joannia
309 4769 461 4841 presbyteri
479 4769 514 4824 de
533 4769 654 4824 Bencina
676 4773 704 4822 11
728 4767 884 4837 Drasignae
903 4766 1046 4822 8111111.
1060 4806 1066 4819 .
1080 4806 1107 4820 ..
1127 4771 1154 4820 ot
1174 4764 1417 4830 sordidulorum,

1296 4852 1314 4890 a
