3544 5344
381 424 424 490 48
879 447 899 485 ι.
922 432 1121 502 missuro,

382 613 531 682 rengerius,
556 611 629 666 filius
654 609 777 666 eiusdem
801 611 909 675 Armes,
934 608 1010 664 dedit
1027 609 1053 662 b.
1071 625 1096 662 v.
1122 605 1227 662 Mariae
1246 612 1273 661 et
1290 606 1385 661 domui
1403 605 1438 660 de
1456 605 1571 676 Toplica
1588 603 1617 658 in

382 705 470 754 morte
489 715 540 752 sua
557 705 644 752 totam
661 715 741 752 suam
759 703 867 762 terram,
887 712 958 765 quae
977 695 1029 750 luit
1048 695 1133 766 patris
1151 694 1194 748 sui
1213 695 1322 760 Armes,
1341 693 1413 748 sicut
1430 697 1473 748 est
1490 693 1518 746 in
1536 691 1618 762 privi-

382 788 462 856 legio,
482 785 556 855 quod
584 785 700 840 eontulit
726 784 815 838 eidem
843 786 943 837 Armes
961 800 1010 836 rex
1035 781 1169 847 Andreas,
1188 787 1216 836 ct
1233 781 1285 836 hoc
1303 797 1354 851 pro
1372 779 1493 834 remedio
1513 779 1620 833 animae

383 889 451 928 suae
468 881 496 927 et
514 873 599 942 patris
627 873 677 926 rui.
706 873 816 924 Testes:
844 870 949 925 Gostve
972 877 1000 924 et
1024 869 1144 934 Anarias,
1164 868 1317 938 Toycelaus
1337 873 1364 921 et
1381 866 1460 936 Zytla
1479 865 1619 920 Henricus

383 961 540 1016 teutonicus
559 965 587 1014 et
605 959 698 1030 plures
717 959 770 1012 alii.

438 1046 561 1100 Thalete:
580 1046 761 1100 Monumenta
779 1060 839 1113 epp.
858 1045 968 1113 sagrab.
988 1045 1012 1112 Ι,
1031 1047 1074 1116 52.

436 1132 537 1186 CLIII.
556 1133 590 1186 Δ.
610 1135 686 1186 1222.
705 1131 772 1185 Bela
789 1147 838 1186 rex
853 1131 947 1201 junior
965 1136 993 1186 ct
1010 1130 1067 1184 dux
1086 1131 1170 1184 totius
1184 1129 1331 1185 Slavoniae
1342 1127 1429 1182 donat
1440 1131 1540 1180 terram
1553 1125 1621 1179 Pzer

383 1219 534 1288 (Psarjevo)
561 1219 596 1272 de
622 1225 712 1274 castro
740 1219 911 1288 zagrabiensi
938 1225 1095 1288 exemptam
1122 1217 1264 1287 Stephano
1292 1215 1423 1286 episcopo
1440 1211 1619 1282 zagrabiensi,

383 1306 461 1360 cuius
480 1305 643 1360 discretione
670 1312 848 1375 procurrente
881 1322 948 1376 pree
974 1305 1088 1359 caeteris
1115 1304 1193 1373 regni
1212 1302 1375 1374 primatibus
1394 1299 1531 1355 discordia
1548 1299 1618 1352 inter

384 1399 490 1463 patrem
507 1393 567 1462 eJns
586 1391 725 1446 Andream
744 1399 771 1446 et
788 1392 866 1446 illum
885 1393 948 1446 olim
969 1397 1064 1446 exorta
1083 1398 1111 1446 et
1128 1390 1164 1445 ad
1182 1389 1368 1445 inextimabile
1387 1387 1464 1457 regni
1476 1386 1620 1441 detrimen·

383 1485 442 1534 tum
461 1495 644 1545 succrescens,
663 1477 758 1534 estad
783 1478 958 1534 concordiam
984 1483 1119 1544 revocata,
1138 1485 1166 1532 et
1184 1478 1313 1532 universa
1330 1491 1398 1546 gens
1416 1473 1498 1528 variis
1515 1477 1620 1542 pertur-

382 1565 526 1620 bationum
545 1566 671 1636 procellis
689 1563 826 1620 fluctuans
844 1566 873 1620 in
890 1582 959 1636 pace
977 1563 1118 1620 collocata
1138 1563 1230 1618 Metae
1242 1569 1331 1616 terrae
1348 1567 1427 1616 sunt:
1445 1560 1536 1614 Prima
1554 1557 1620 1612 divi-

383 1651 423 1706 dit
450 1659 550 1706 terram
576 1652 658 1718 Petri,
686 1651 734 1706 filii
762 1651 856 1706 Gurch
884 1669 967 1722 super
993 1657 1124 1716 montem,
1153 1655 1181 1704 et
1206 1657 1287 1716 terra,
1311 1665 1383 1720 quae
1407 1645 1503 1700 dividit
1520 1651 1620 1698 terram

383 1739 551 1809 populorum
569 1739 665 1804 castri;
684 1737 748 1792 inde
767 1738 842 1792 vadit
860 1737 895 1792 ad
914 1754 1044 1806 magnam
1063 1738 1135 1792 viam
1153 1743 1180 1792 et
1199 1755 1215 1791 a
1233 1737 1323 1807 capite
1336 1734 1461 1806 ejusdem
1473 1733 1533 1787 viae
1545 1729 1621 1786 vadit

384 1841 468 1896 super
489 1825 617 1878 verticem
634 1825 736 1879 montis
755 1831 782 1878 et
801 1841 849 1895 per
868 1825 952 1878 alium
970 1829 1092 1878 montem
1116 1823 1151 1878 ad
1170 1824 1277 1890 vallem,
1296 1839 1367 1893 quae
1385 1822 1448 1876 licet
1466 1820 1502 1874 sit
1525 1823 1622 1889 pastus

385 1911 503 1966 serarum
530 1918 623 1964 tamen
648 1917 689 1964 est
713 1901 799 1978 mcta;
828 1917 855 1965 et
881 1927 931 1982 per
957 1917 1045 1965 metas
1072 1911 1201 1966 arboreas
1227 1910 1262 1965 ad
1286 1910 1400 1964 fluvium
1427 1906 1570 1970 Biztricha
1595 1912 1623 1960 et

385 1999 498 2052 inferius
526 1997 560 2051 ad
580 1997 694 2052 fluvium
718 1997 887 2064 Breszovica,
912 1997 960 2052 ubi
984 2003 1100 2068 uterque
1127 1999 1154 2052 in
1179 2015 1266 2052 unum
1293 1996 1467 2061 conveniunt,
1495 1993 1622 2065 nuperius

385 2085 419 2138 ad
438 2101 568 2154 magnam
587 2085 666 2149 viam,
694 2083 757 2139 inde
775 2101 871 2138 versus
897 2084 1037 2139 meridiem
1065 2102 1114 2156 per
1132 2101 1262 2154 magnam
1280 2085 1352 2138 viam
1369 2097 1458 2152 usque
1476 2079 1513 2135 ad
1530 2079 1624 2134 locum

384 2171 526 2238 Predolia;
544 2171 608 2226 inde
625 2170 767 2226 descendit
785 2171 820 2225 ad
840 2171 907 2226 fines
925 2177 1014 2225 terrae
1033 2171 1144 2225 Zelinae
1162 2189 1249 2243 prope
1268 2189 1289 2224 s.
1307 2171 1472 2234 Johannem,
1491 2167 1539 2221 ubi
1557 2183 1623 2222 oon·

384 2259 546 2313 terminatur
564 2265 652 2313 terrae
680 2259 807 2329 propriae
835 2259 958 2328 episcopi
983 2257 1167 2329 (Bislrupecl).
1195 2257 1390 2312 Praesentibus
1414 2251 1622 2324 iobagionibus;

384 2346 451 2400 Jula
469 2345 592 2415 palatino
610 2351 638 2399 et
655 2345 835 2414 budrugiensi
853 2346 961 2411 comite,
989 2345 1071 2400 Petro
1096 2345 1130 2400 de
1149 2345 1288 2416 Crepuna
1307 2341 1476 2398 Screcmerio
1494 2338 1529 2394 de
1547 2338 1622 2406 Zala,

386 2431 489 2488 Cosma
507 2431 541 2486 de
559 2431 675 2486 Woleov
693 2432 847 2497 comitibus,
866 2431 1012 2487 Vaievoda
1026 2434 1183 2488 camerario.
1197 2429 1350 2486 Pristaldus
1362 2433 1465 2483 metam
1477 2426 1622 2495 assignans

384 2525 412 2574 et
438 2523 526 2572 metas
554 2518 661 2586 erigens
687 2518 819 2572 Bissenus
847 2518 881 2574 de
908 2519 1023 2574 Hotvon
1051 2521 1161 2576 nomine
1188 2517 1349 2583 Kochobnr,
1367 2514 1499 2584 magister
1529 2513 1623 2567 Heme

385 2605 573 2660 cancellarius.

440 2691 563 2746 litaldic':
583 2692 660 2746 Mon.
679 2692 779 2760 appiae.
798 2709 880 2761 sapa,
899 2696 930 2761 I.,
946 2709 975 2762 p.
995 2698 1038 2746 50.

437 2777 700 2848 0L1V.Ragnsae,
723 2781 903 2834 1221-1223.
929 2779 1093 2834 Zellovellus
1117 2779 1195 2834 ducis
1219 2779 1401 2833 Venetiamm
1424 2776 1513 2846 gratia
1531 2791 1624 2830 comes

384 2865 551 2934 ragusiensis
571 2863 665 2920 scribit
691 2865 777 2920 nobili
803 2866 861 2920 viro
889 2865 1033 2936 Velcinno,
1051 2865 1148 2921 eadem
1172 2866 1261 2936 gratia
1279 2863 1409 2936 potestati
1427 2862 1579 2933 spalatensi
1596 2865 1624 2916 et

385 2952 477 3006 comiti
504 2952 675 3020 traguriensi,
703 2957 730 3006 et
757 2953 1000 3008 communitatibus
1019 2951 1168 3008 eanmdem
1186 2952 1335 3018 civitatum,
1354 2948 1495 3020 quomodo
1513 2966 1569 3004 non
1588 2948 1625 3002 sit

384 3039 530 3104 oecultum,
549 3037 624 3107 quod
641 3037 740 3104 Judas,
759 3038 826 3094 olim
842 3039 1011 3110 ragusiensis
1030 3055 1130 3104 comes,
1149 3055 1200 3092 nec
1212 3038 1274 3104 illis,
1294 3054 1344 3092 neo
1357 3037 1414 3090 suis
1428 3035 1533 3090 civibus
1547 3035 1624 3089 iusti-

383 3125 451 3180 tiam
468 3125 558 3180 facere
576 3125 670 3192 voluit,
689 3131 717 3180 et
733 3125 796 3180 ideo
815 3125 950 3180 dissensio
969 3133 997 3180 et
1014 3127 1131 3196 pignora
1148 3126 1219 3180 inter
1236 3141 1284 3180 eos
1303 3131 1331 3179 et
1348 3123 1506 3193 Ragusinos
1525 3122 1560 3178 de
1577 3121 1623 3176 die

384 3213 413 3266 in
430 3212 475 3266 die
493 3211 666 3276 crescebant;
685 3229 758 3266 nunc
776 3218 869 3266 eutem
894 3211 947 3265 sub
966 3211 1087 3267 dominio
1113 3211 1292 3267 Venetiamm
1311 3211 1394 3283 positi
1412 3210 1514 3266 vellent
1531 3209 1624 3279 Regu·

385 3298 449 3364 saei,
477 3305 509 3352 ut
534 3299 608 3352 mala
635 3298 728 3352 omnia
754 3300 933 3368 extirpentur,
962 3303 989 3354 et
1016 3299 1104 3368 parati
1132 3305 1197 3353 sunt
1215 3298 1343 3354 omnibus
1362 3297 1496 3352 iustitiam
1513 3295 1624 3368 plenam

385 3385 475 3439 facere
493 3391 524 3438 ut
541 3383 672 3438 fratribus
690 3389 718 3438 et
736 3385 838 3438 amicis.

439 3472 577 3526 Ocrrcrc:
601 3471 733 3525 Arctioio
757 3472 911 3540 capitolare
933 3471 964 3526 di
985 3471 1112 3541 Spclcto,
1134 3487 1164 3540 p.
1189 3475 1230 3524 73.
1255 3501 1287 3512 -
1310 3471 1420 3539 teate.
1444 3471 1522 3526 Mea.
1548 3469 1625 3525 Slce.

385 3557 479 3612 maid.
499 3561 529 3623 I,
547 3561 587 3612 31.

438 3643 520 3697 CLV.
539 3645 573 3700 ln
591 3645 703 3710 Planio,
722 3649 746 3698 2.
764 3645 838 3700 Jalii
856 3649 932 3702 1223.
961 3645 1107 3700 Conradus
1126 3645 1285 3717 portuensis
1303 3646 1452 3716 episcopus
1470 3645 1544 3700 etin
1563 3661 1624 3714 par·

384 3730 459 3785 tibus
478 3729 585 3785 Galliac
603 3730 771 3800 apostolieae
790 3733 862 3786 sedis
880 3733 996 3802 legatus,
1011 3731 1133 3788 scribens
1146 3731 1365 3800 Rothomagensi
1376 3733 1584 3803 archiepiscopo
1597 3737 1625 3785 et

385 3816 446 3886 ejus
464 3817 645 3886 suffragancis
663 3817 800 3887 episcopis
818 3819 947 3888 implorat
964 3819 1073 3874 illorum
1098 3819 1231 3874 auxilium
1249 3825 1344 3874 contra
1363 3818 1512 3888 quemdam
1529 3819 1623 3874 haere-

385 3903 528 3968 siarcham,
557 3919 639 3972 quem
665 3901 794 3957 haeretici
821 3904 976 3973 albigenses
1003 3923 1106 3976 papam
1133 3923 1214 3960 suum
1238 3905 1388 3976 appellent,
1406 3905 1578 3960 habitantem
1595 3905 1624 3959 in

386 3990 486 4044 finibus
505 3989 659 4059 Bulgariae,
679 3988 808 4043 Oroatiae
827 3997 854 4044 et
865 3991 1022 4045 Dalmatiae
1034 3992 1112 4046 iuxta
1125 3993 1325 4062 Hungarorum
1337 3993 1493 4060 nationem
1512 3991 1548 4047 ad
1561 4008 1624 4047 eum

385 4093 504 4144 namque
531 4076 674 4131 confluunt
700 4075 829 4130 haeretiei
857 4077 1021 4147 albigenses,
1049 4084 1081 4132 ut
1108 4078 1143 4133 ad
1171 4095 1268 4134 eorum
1295 4081 1422 4135 consulta
1448 4079 1623 4151 respondeat

386 4161 496 4215 Etenim
523 4162 557 4216 de
585 4163 727 4218 Garoseno
754 4161 895 4229 oriundus,
919 4164 992 4218 vices
1011 4163 1084 4219 illius
1102 4166 1251 4236 antipapae
1269 4183 1375 4236 gerens,
1394 4167 1624 4222 Bartholomaeus

385 4245 584 4302 baereticorum
603 4251 757 4320 episcopus,
777 4249 932 4304 exhibendo
960 4251 985 4304 ei
1003 4252 1189 4318 reverentiam,
1218 4251 1312 4307 sedem
1330 4253 1468 4308 stlocum
1486 4253 1624 4308 concessit

384 4334 413 4386 in
431 4333 495 4386 villa
513 4332 610 4388 Porlos
629 4341 656 4387 st
674 4351 703 4389 se
721 4337 813 4406 ipsum
830 4335 970 4390 transtulit
987 4336 1015 4389 in
1034 4343 1126 4406 partes
1144 4337 1311 4406 Tolosanas;
1330 4339 1390 4410 ipse
1408 4340 1492 4392 etiam
1507 4337 1624 4394 Bartho-

384 4418 508 4472 lomaeus
527 4425 601 4473 creat
620 4420 764 4492 episcopos
782 4429 810 4477 et
828 4423 957 4478 eeclesias
975 4423 1080 4494 perfide
1104 4423 1231 4480 ordinare
1249 4423 1403 4490 contendit;
1421 4432 1503 4495 rogat
1520 4427 1623 4494 itaque,

385 4509 417 4558 ut
434 4505 545 4559 veniant
562 4505 703 4560 Senonam
721 4509 823 4561 octavis
841 4510 915 4564 Petri
934 4515 962 4563 ct
978 4509 1059 4564 Pauli
1077 4511 1201 4580 proxime
1219 4511 1312 4577 futuri,
1331 4511 1380 4564 ubi
1398 4511 1489 4566 etalii
1508 4512 1624 4582 praelati

387 4589 519 4645 Francius
537 4591 786 4660 congregabuntur,
805 4599 833 4648 et
850 4595 996 4650 consilinm
1014 4595 1196 4667 praestabunt
1214 4613 1298 4668 snper
1315 4597 1427 4667 negotio
1446 4597 1589 4668 albigensi.

439 4677 532 4744 Fey'er:
544 4678 636 4732 (lodex
645 4679 714 4748 dipl.
726 4683 817 4751 Hang.
830 4681 858 4735 T.
870 4681 1000 4752 V11.5,p.
1012 4688 1070 4736 231.
1083 4684 1215 4744 Weacud:
1227 4683 1292 4738 coa
1302 4683 1371 4752 dipl.
1382 4684 1492 4754 Arpcd.
1502 4685 1555 4754 XI,
1563 4687 1624 4738 173.

1755 4109 1767 4268 l

1760 4275 1766 4562 ἕ

1744 4567 1766 4722 l

1760 4853 1766 4958 ι

1763 5029 1766 5104 l
