3480 5356
703 466 850 514 usonem.
1213 482 1216 493 ·
1335 444 1398 511 eli

153 635 182 694 in
200 633 293 710 aliqua
310 651 397 693 csuaa
414 629 538 706 judicare
556 633 600 692 rel
617 633 836 703 iurisdictionem
856 633 977 706 aliquam
996 633 1049 689 sibi
1062 632 1215 691 vendicare.
1228 633 1334 690 Datum
1349 649 1398 706 per

153 740 253 782 manns
270 723 415 795 Stephani,
439 721 640 794 archiepiscopi
665 721 827 778 colocensis
850 723 932 777 sulae
957 723 1057 778 summi
1082 721 1246 778 cmcelarii.
1271 723 1399 778 Existen·

152 811 228 868 tibus
239 811 259 868 J
259 812 369 868 obsnne
382 809 416 866 de
429 809 606 881 generatione
618 809 713 866 Buasd
727 810 884 880 Spalatensl
894 809 1111 881 archiepiscopo,
1122 809 1268 866 Timotheo
1278 810 1398 880 Zegrnb.

153 899 294 972 episcopo,
312 897 459 954 Joacbimo
477 896 551 952 bano
568 896 655 952 totius
682 896 839 964 slavonice,
862 895 996 952 Anselmo
1020 897 1121 953 comite
1144 897 1180 952 de
1203 897 1288 952 Kewe
1311 905 1339 954 et
1362 895 1397 950 de

152 985 250 1053 Grasu,
275 985 403 1042 Rolsndo
431 984 503 1039 beno
527 989 662 1055 perpetuo
680 984 781 1040 comite
799 985 834 1039 de
853 984 985 1052 Kemluh,
1007 985 1097 1041 Paulo
1123 984 1197 1039 beno
1222 985 1322 1041 comite
1346 983 1398 1039 Bu·

151 1073 265 1140 chienai.
285 1073 400 1128 Ernerio
428 1072 502 1127 bano
526 1072 627 1127 comite
654 1070 845 1140 Vorosdiensi,
869 1071 975 1126 Ponich
1003 1071 1076 1127 bano
1102 1072 1204 1128 comite
1231 1070 1399 1138 Zaladiensi‚

151 1161 235 1217 Petro
252 1159 386 1230 magistro
404 1158 592 1230 dapiferorum
611 1163 640 1213 et
656 1159 757 1214 comite
776 1157 811 1212 de
829 1157 951 1214 Guetlre.

207 1265 334 1322 nurse.-
353 1267 431 1322 non.
450 1265 512 1321 res.
535 1267 564 1322 r.
583 1269 606 1320 ι.
621 1281 651 1334 p.
671 1269 729 1320 162.

204 1422 344 1478 llLXIX.
357 1426 437 1477 1272.
450 1425 495 1478 21.
508 1423 598 1478 ducii.
618 1421 778 1492 Stephanus
791 1423 826 1478 V.
839 1439 888 1478 rex
899 1424 1032 1490 notificat,
1051 1424 1126 1495 quod
1145 1441 1209 1480 oum
1228 1425 1321 1480 statim
1334 1431 1399 1496 post

151 1511 212 1566 eius
229 1509 437 1566 coronationem
455 1510 526 1564 inter
543 1509 655 1565 fratrem
673 1508 813 1565 Josnnem
831 1509 867 1565 de
885 1526 986 1580 genere
997 1510 1092 1566 Buaad
1106 1512 1227 1582 urchiep.
1241 1511 1341 1583 Spslst
1360 1512 1397 1565 ab

150 1614 208 1654 una
220 1603 248 1653 et
260 1595 436 1668 Stephanum
460 1597 544 1667 episc.
563 1595 725 1652 Nouensem
737 1596 774 1652 ab
786 1597 873 1652 sltera
891 1613 976 1668 anper
994 1597 1136 1670 provincia
1153 1597 1188 1652 de
1205 1597 1273 1653 Lice
1291 1603 1319 1652 et
1336 1599 1396 1653 eius

150 1683 334 1741 decimatione
346 1699 396 1738 seu
408 1682 523 1750 iuribus,
541 1683 640 1738 suisset
657 1681 749 1753 gravis
767 1684 882 1739 materia
894 1684 1047 1754 questionis
1059 1699 1151 1739 eorum
1171 1699 1237 1754 rege
1255 1685 1396 1752 suscitata,

151 1770 264 1828 undem
282 1769 355 1826 idem
368 1771 518 1841 episcopua
536 1769 667 1824 nonensis
686 1769 812 1825 exhibuit
824 1770 1009 1842 privilegiales
1021 1770 1126 1826 litterae
1138 1770 1263 1826 eiusdem
1276 1771 1396 1841 archiep.

150 1859 257 1930 Spslat
270 1863 298 1914 et
310 1857 425 1928 capituli
444 1857 496 1924 sui,
515 1873 599 1928 anper
616 1856 755 1914 decisione
769 1857 939 1928 quaestionis
958 1857 1041 1912 huius
1059 1857 1149 1926 datas,
1168 1863 1265 1928 petens
1282 1863 1314 1913 ut
1332 1875 1396 1913 eum

150 1949 179 2001 et
196 1944 341 2001 eeclesiam
362 1959 514 2000 nonensem
532 1944 559 1998 in
579 1961 631 2000 suo
652 1944 712 1999 inre
734 1960 900 2000 conservare
923 1949 951 1999 et
974 1943 1003 1998 id
1028 1943 1104 2014 quod
1129 1945 1202 2000 circu
1226 1944 1395 2000 decisionem

150 2031 303 2103 questionis
331 2031 435 2088 iactum
454 2035 505 2094 eat,
524 2035 616 2086 retum
633 2030 736 2087 habere
754 2030 922 2100 dignaretur.
941 2031 1065 2098 Quarum
1090 2031 1243 2088 litterarum
1267 2031 1303 2087 de
1327 2031 1395 2087 dsto

150 2119 193 2174 14.
219 2118 298 2173 Junii
322 2118 391 2174 1272
417 2121 497 2172 tenor
520 2115 580 2184 tuit,
603 2117 679 2188 quod
706 2115 879 2187 temporibus
909 2116 1029 2176 Josnnis
1056 2117 1257 2188 archiepiscopi
1285 2118 1392 2189 spalat.

150 2204 279 2262 Joacbim
297 2205 406 2260 Pectari
423 2203 488 2258 bsni
506 2203 662 2271 slavonios,
673 2205 781 2260 comitis
793 2203 950 2261 Vulcbetae
962 2206 1117 2276 potestatis,
1135 2205 1225 2259 Debri
1243 2205 1389 2272 Dussiaae‚

151 2291 289 2348 Vulcinue
308 2292 410 2348 Fresae
427 2289 559 2358 iudicum,
577 2290 651 2346 idem
674 2291 898 2362 archiepiscopus
917 2297 945 2346 ct
963 2292 1115 2362 capitulum
1138 2291 1303 2362 Speletense
1328 2309 1393 2347 con·

150 2379 217 2434 lessi
236 2383 302 2434 sunt
319 2379 415 2434 licem
433 2377 569 2449 pertinere
594 2376 630 2432 ad
656 2377 806 2434 dioecesim
832 2376 1002 2446 Nouensem‚
1029 2379 1109 2434 salvo
1133 2378 1193 2447 jure
1222 2379 1394 2434 visitationis.

47 2461 50 2466 ’
151 2464 213 2520 Rex
231 2465 325 2536 itaque
343 2465 398 2520 iam
418 2480 452 2520 ex
471 2464 560 2518 iorma
584 2464 736 2518 litterarum
761 2462 885 2532 edoctus,
911 2481 993 2535 quam
1019 2466 1103 2528 etium
1129 2482 1178 2536 per
1205 2467 1394 2521 testimonium

151 2549 273 2608 Rolandi
290 2551 356 2606 bani
374 2551 547 2620 aliorumque
560 2550 695 2606 nobilium
714 2556 742 2606 et
759 2567 795 2607 ex
813 2552 883 2607 serie
895 2553 1143 2608 instrumentorum
1155 2552 1296 2608 Nouensis
1309 2553 1392 2608 eccle·

152 2640 210 2696 siae
227 2639 400 2705 informatus,
418 2637 495 2708 quod
513 2638 655 2709 provincis
672 2637 707 2694 de
724 2639 793 2694 Lice
810 2644 839 2694 et
857 2640 916 2694 eins
940 2639 1089 2696 decimatio
1106 2656 1251 2710 nunquam
1269 2639 1304 2696 sd
1324 2639 1392 2710 Spa-

151 2727 287 2782 latensem
312 2725 458 2782 ecclesiam
477 2725 526 2780 sed
545 2741 654 2796 temper
672 2725 708 2780 sd
728 2743 880 2782 nonensem
899 2727 1068 2798 pertinuerit,
1093 2729 1199 2782 litterae
1224 2727 1398 2799 supradictas

151 2819 226 2886 ratas
253 2812 360 2868 hebuit.
382 2811 489 2867 Datum
511 2827 560 2884 per
583 2829 683 2868 menne
706 2813 835 2883 magistri
860 2815 1011 2885 praepoaiti
1035 2813 1197 2872 Orodienais
1222 2816 1303 2869 sulae
1327 2815 1396 2868 vice-

150 2899 316 2956 cancellarii.
345 2899 490 2956 Existunte
513 2899 651 2956 Joachino
681 2900 754 2956 beno
781 2901 868 2956 totins
895 2899 1050 2968 Slavonise,
1079 2901 1167 2956 Paulo
1195 2900 1268 2956 bano
1296 2900 1396 2956 comite

149 2987 312 3042 Biaubienai.

201 3074 329 3131 Fnrloti:
349 3075 429 3146 illyr.
447 3092 517 3132 socr.
539 3077 568 3130 T.
589 3078 637 3132 III.
656 3093 684 3144 p.
705 3081 764 3130 286.

202 3215 323 3270 MLXX.
353 3219 429 3270 1272.
454 3215 613 3287 Stephanus
631 3215 667 3272 V.
687 3234 735 3272 rex
753 3217 884 3284 notificat,
903 3217 978 3287 quod
997 3233 1060 3272 cum
1079 3215 1214 3272 Nicolaus
1236 3229 1329 3270 comes
1357 3213 1392 3268 de

148 3301 255 3373 Blagay
272 3303 361 3358 multa
379 3304 490 3358 servitia
507 3303 580 3375 putri
602 3303 663 3373 ejus
682 3309 709 3358 et
727 3303 788 3372 eibi,
806 3321 870 3360 eum
888 3305 916 3358 in
935 3303 1028 3376 Styria
1040 3303 1145 3370 inisset,
1164 3301 1346 3373 impendisset
1363 3305 1391 3354 et

150 3394 348 3461 postmortem
368 3390 454 3461 putris
472 3391 515 3444 sui
533 3391 617 3460 (regis
635 3391 718 3445 Belus
735 3389 797 3460 IV.)
815 3391 843 3445 in
863 3407 963 3461 guerra
975 3408 1059 3462 quum
1072 3407 1136 3445 cum
1148 3405 1212 3460 rege
1226 3390 1393 3443 Boemornm

148 3475 255 3544 hebuit,
280 3475 429 3532 fidelitates
451 3483 479 3532 et
502 3477 612 3548 servitis
636 3477 801 3545 cumulavit,
829 3478 989 3534 hominibus
1015 3478 1051 3534 de
1079 3477 1171 3548 Styria
1197 3476 1245 3546 qui
1272 3473 1394 3530 confinis

147 3564 226 3634 regni
252 3562 428 3630 invadebant,
457 3569 569 3619 strenue
595 3564 759 3620 resistendo.
787 3565 909 3620 Demum
935 3581 999 3621 eum
1027 3565 1098 3620 iuter
1124 3565 1217 3634 ipsum
1244 3577 1338 3634 regem
1365 3567 1393 3616 et

147 3651 268 3708 Boemos
290 3656 404 3721 treugae
422 3655 450 3706 et
468 3651 632 3706 concordiae
655 3651 773 3708 fuissent
791 3652 940 3720 ordinatae,
961 3669 1009 3707 rex
1027 3653 1194 3708 Boemcrum
1218 3648 1389 3722 praedictum

146 3733 277 3796 comitem
295 3736 442 3793 Nicolaum
468 3738 527 3792 suis
549 3740 646 3793 caetris
666 3755 699 3794 ec
718 3741 942 3810 possessionibus
961 3739 1091 3810 spoliavit
1109 3738 1254 3804 universis,
1273 3752 1345 3808 quse
1364 3735 1391 3790 in

147 3825 242 3898 styria
256 3824 426 3898 possidebat
445 3824 480 3879 ln
498 3827 783 3896 recompensationem
795 3829 889 3900 itaque
908 3829 950 3882 sui
971 3826 1124 3882 fidelissimi
1137 3825 1289 3880 fnmulstus
1302 3823 1392 3879 eidem

147 3913 240 3970 comiti
268 3913 363 3966 villam
387 3911 526 3967 Zsmobor
550 3912 578 3966 io
607 3911 740 3968 Slavonia
762 3915 932 3986 existentem,
956 3931 1022 3970 cum
1046 3915 1159 3982 tributo,
1175 3911 1341 3968 utilitatibus
1366 3916 1393 3966 et

146 3999 320 4070 pertinentiis
338 3998 473 4054 universis
500 3999 626 4068 contulit,
645 4005 673 4055 et
691 4000 808 4056 eandem
826 4019 875 4074 per
893 4003 1062 4058 Iwaohinum
1086 4001 1190 4056 benum
1216 4000 1302 4055 totius
1331 3997 1391 4053 Slu-

146 4085 245 4142 voniae
273 4086 410 4156 assignari
434 4086 506 4142 iecit.
527 4118 558 4126 -
579 4087 685 4142 Datum
709 4105 757 4159 per
781 4107 880 4144 manus
905 4089 1047 4144 Benedicti
1072 4087 1234 4145 Orodiensis
1258 4085 1390 4141 ecclesiae

145 4173 298 4245 praepositi
326 4179 354 4229 et
379 4173 461 4230 aulae
479 4174 702 4230 vicecancellarii.
730 4176 922 4232 Existuntibus
948 4177 1019 4231 inter
1045 4181 1170 4231 caeteros
1198 4173 1337 4244 praelatos
1364 4176 1392 4226 et

144 4267 307 4332 msgnstes:
326 4259 455 4316 Johanne
474 4261 683 4332 archiepiscopo
702 4262 868 4333 Spaleteuai,
881 4263 1035 4334 Thymoteo
1054 4263 1186 4333 episcopo
1200 4259 1388 4330 Zagrubiensi‚

144 4347 265 4404 Nicolao
292 4346 383 4403 iudice
409 4349 501 4404 curiae
528 4353 557 4403 et
582 4349 683 4404 comite
703 4349 878 4419 symigiensi,
905 4349 1062 4405 Joschimo
1083 4350 1156 4404 buno
1182 4348 1268 4402 totius
1293 4345 1389 4401 Siaso-

144 4433 217 4504 niee,
235 4435 386 4490 Laurentio
411 4433 484 4490 bano
502 4434 537 4490 de
555 4435 692 4492 Zeuerino
716 4436 817 4492 comite
835 4435 870 4491 de
887 4435 1018 4500 Dotem,
1042 4437 1124 4492 Petro
1150 4435 1283 4504 magistro
1310 4431 1387 4502 dapi-

144 4519 268 4579 ferorum
286 4522 387 4578 comite
404 4520 440 4577 de
457 4521 599 4590 Guechlre‚
618 4522 708 4578 Perde
732 4522 806 4579 bano
824 4529 852 4578 et
869 4523 983 4594 Ponych
1007 4522 1080 4580 beno
1098 4522 1198 4579 comite
1222 4517 1388 4576 Zaladiensi.

199 4625 276 4698 Orio.
294 4627 402 4684 matr.
420 4627 452 4684 is
471 4627 585 4686 wetino
602 4627 710 4684 comitis
729 4628 802 4684 hurd.
820 4627 943 4700 Blcgen.
961 4631 997 4688 N.
1014 4632 1056 4686 13.
