3480 5356
344 395 408 460 ees
852 405 1084 482 semmae,

397 583 492 640 Men.
512 587 591 640 1273.
611 590 635 638 1.
655 583 747 640 Jceil.
766 583 915 642 Ladislane
933 583 985 641 1v.
998 601 1047 640 rex
1060 584 1205 655 significet,
1218 583 1295 655 qnod
1308 581 1426 640 Nicolao
1437 581 1496 640 filio
1508 581 1592 655 Tyba

343 670 461 727 condam
479 671 580 727 comite
598 670 634 727 de
653 671 830 727 Gvereenclse
854 671 890 726 eb
915 688 972 726 une
995 677 1083 743 parte,
1108 676 1136 728 et
1158 671 1309 728 Benedicto
1336 671 1394 726 filio
1420 671 1535 726 Martini
1552 687 1591 728 ex

341 758 429 814 altera
446 773 540 814 coram
558 774 592 815 ec
611 759 777 826 constitutis,
795 757 870 815 idem
888 774 982 814 comes
1000 757 1136 815 Nicolaue
1162 763 1265 814 terram
1282 757 1388 816 Peilsn
1406 757 1434 813 in
1453 758 1590 814 comitate

340 844 376 902 dc
394 845 562 914 Gueraence,
586 861 659 917 quas
683 845 825 916 qnondam
849 846 941 901 inerat
962 845 1073 908 Nicolni
1095 845 1162 902 dicti
1188 845 1297 914 Toldol
1327 861 1412 918 qnam
1437 845 1502 918 ipso
1528 847 1590 902 sine

342 931 462 990 haerede
480 933 631 989 decedente
649 932 723 988 idem
741 948 834 988 comes
853 949 888 988 ex
906 932 1055 988 collatione
1073 934 1150 1004 regie
1167 933 1314 1002 habuerat,
1332 932 1477 990 conleasne
1496 937 1540 989 est
1557 948 1589 988 se

342 1019 500 1077 vendidisse
526 1019 668 1093 praedicto
692 1019 843 1076 Benedicto
870 1035 920 1092 pro
945 1019 1123 1091 septuaginta
1147 1020 1256 1089 merois,
1281 1019 1353 1076 dcet
1374 1020 1403 1074 in
1426 1019 1589 1092 patentibus

343 1107 442 1162 litteris
459 1108 575 1179 capituli
594 1103 773 1163 (lhaemensls
791 1105 881 1178 patuit
899 1106 1047 1162 evidenter.

400 1195 520 1251 Weasel:
540 1195 606 1252 (lod.
625 1195 695 1264 dipl.
714 1194 823 1264 Avpad.
844 1195 872 1250 Τ.
890 1194 943 1250 IX.
959 1210 988 1264 p.
1008 1198 1051 1250 32.

394 1333 507 1391 mom.
531 1335 673 1392 venetiis.
699 1337 776 1391 1273.
794 1339 836 1390 20.
854 1334 946 1391 danii.
965 1333 1135 1390 (lonoeditnr
1153 1349 1202 1405 per
1220 1333 1312 1403 majne
1336 1333 1484 1390 consilinm
1511 1334 1588 1406 quod

343 1421 491 1477 Rainerim
508 1419 545 1476 de
563 1419 714 1478 Varicaeso
732 1420 777 1496 (de
795 1421 910 1490 ledere)
929 1423 1019 1494 possit
1036 1423 1166 1478 maritare
1184 1437 1271 1476 nnnm
1289 1437 1369 1477 auam
1387 1421 1473 1476 liliam
1491 1426 1588 1476 natam

328 1509 378 1564 de
396 1524 453 1563 nne
470 1508 584 1564 domine
602 1507 636 1562 de
655 1509 772 1580 Spaleto
797 1525 861 1566 cnm
879 1524 936 1564 nno
954 1507 990 1564 de
1008 1508 1164 1577 Sclevonia,
1183 1524 1248 1564 cnm
1266 1507 1434 1574 conditione,
1457 1507 1534 1580 qnod
1551 1507 1586 1564 de

343 1593 569 1668 possessionibus
589 1611 659 1666 quas
677 1595 762 1652 hebet
788 1601 867 1668 peter
890 1596 919 1650 in
942 1595 1031 1652 Jadra
1055 1597 1099 1651 vel
1124 1597 1153 1652 in
1181 1595 1316 1664 districtu,
1343 1595 1400 1650 lilia
1426 1611 1479 1652 sna
1503 1595 1586 1652 nichil

343 1682 446 1740 habere
464 1683 566 1738 debeat
583 1699 674 1754 neque
692 1685 789 1755 possit
808 1684 916 1740 Eodem
937 1683 982 1738 die
1006 1687 1090 1756 cepta
1117 1699 1196 1754 pers:
1225 1681 1301 1754 quod
1327 1683 1411 1738 elicui
1437 1682 1473 1740 de
1499 1681 1585 1738 Jedrn

344 1787 401 1826 non
420 1771 509 1842 possit
535 1769 649 1826 concedi
676 1770 843 1826 ullomodo
869 1777 901 1826 ut
924 1771 1107 1842 parentellam
1131 1771 1189 1826 eive
1213 1771 1418 1826 matrimonium
1442 1770 1586 1826 contrahet

342 1873 407 1914 cnm
425 1859 520 1928 aliquo
538 1857 638 1914 Sclevo
657 1858 811 1914 secundnm
830 1858 947 1914 formem
967 1859 1040 1929 pecti
1058 1857 1170 1914 dadrae.

394 1943 509 2011 Matio:
528 1945 606 2000 Mon.
624 1945 649 2002 I.
668 1949 818 2002 loo-10⁷.

394 2081 504 2138 MCIV.
529 2086 608 2139 1273.
629 2089 654 2138 o'.
672 2083 756 2140 Jals'i.
781 2085 930 2141 Ladislene
952 2083 1005 2140 IV.
1030 2099 1079 2140 rex
1102 2088 1201 2140 notum
1224 2083 1299 2151 feeit,
1323 2083 1400 2154 qnod
1423 2082 1525 2139 nobssie
1546 2081 1586 2140 vir

344 2169 495 2242 (lhepanus
520 2170 594 2228 lilius
618 2171 757 2227 Karmsrii
781 2171 817 2228 de
841 2189 943 2244 genere
960 2172 1017 2229 Jsk
1035 2189 1052 2228 a
1070 2173 1160 2244 primo
1184 2171 1337 2228 iuventutis
1355 2185 1423 2228 enee
1441 2169 1587 2242 principio,

342 2273 395 2313 evo
414 2261 442 2312 et
459 2259 532 2330 patri
550 2257 674 2314 eiusdem
686 2257 799 2328 regibus
817 2275 850 2316 ac
868 2260 893 2314 ei
911 2261 966 2331 ipsi
983 2261 1012 2314 in
1030 2259 1163 2314 continuo
1176 2258 1293 2315 fideliter
1304 2257 1425 2326 servivit,
1436 2273 1472 2312 ex
1484 2257 1586 2329 quibus

345 2345 463 2400 servitiis
482 2350 626 2414 memoret,
645 2345 725 2416 quod¹
740 2345 853 2416 qnando
879 2351 958 2418 peter
981 2348 1056 2418 regis
1079 2346 1245 2418 propulsare
1268 2346 1364 2402 volens
1386 2345 1515 2400 iniuriam
1539 2361 1588 2416 per

315 2483 319 2488 .
344 2432 507 2489 Ottccarnm
536 2449 628 2503 regem
653 2433 777 2488 finitimis
799 2432 925 2504 pertibus
947 2437 1038 2490 terrae
1061 2449 1129 2489 snae
1152 2434 1311 2504 irrogetem,
1334 2448 1399 2488 cnm
1420 2430 1585 2502 Gregorinm

342 2523 411 2575 tunc
428 2521 592 2590 magistram
604 2521 807 2578 tavernicorum
819 2521 932 2592 reginae
944 2522 1039 2576 metris
1053 2537 1129 2588 sues,
1142 2519 1244 2576 Ponitis
1262 2519 1367 2575 benum
1384 2517 1586 2587 Zalediensem,

342 2607 436 2678 Erney
454 2607 559 2662 benum
579 2607 813 2675 Worosdiensem,
831 2608 998 2680 Dyonisium
1016 2607 1105 2663 filium
1117 2607 1231 2678 Georgii
1243 2605 1279 2662 de
1292 2606 1445 2664 Morovcha
1463 2606 1588 2674 comites,

341 2710 393 2750 neo
410 2711 467 2750 non
485 2695 652 2767 Ghepannm
677 2695 765 2750 lilium
783 2695 923 2750 Kaamsrii
941 2712 997 2751 una
1008 2711 1072 2751 oum
1091 2695 1153 2750 eliis
1171 2693 1313 2749 nobilibus
1332 2693 1369 2749 ad
1386 2692 1588 2749 devsetendsm

341 2779 462 2852 Styriem
483 2782 689 2850 transmisisset,
701 2783 775 2837 idem
787 2781 940 2854 (lhepanus
952 2782 1007 2838 snb
1018 2789 1110 2838 cmtro
1124 2781 1263 2852 Rudgney
1274 2779 1426 2852 (Badgonj)
1436 2779 1585 2852 quemdam

341 2867 456 2924 militem
481 2874 626 2924 smenunm
648 2869 749 2924 deiecit
771 2874 800 2925 et
823 2869 981 2941 captivevit
1005 2869 1153 2926 Praetereo
1169 2883 1234 2924 cum
1251 2867 1326 2923 idem
1344 2863 1512 2924 Boemornm
1534 2883 1585 2923 tex

343 2955 448 3010 ducens
467 2971 563 3012 secum
580 2957 608 3011 in
627 2957 762 3012 auxilinm
787 2957 925 3028 principes
948 2957 1035 3013 totins
1057 2955 1219 3012 alemaniae
1237 2955 1307 3010 fines
1325 2955 1403 3026 regni
1421 2954 1586 3026 Hnngariae

343 3041 466 3110 adiisset,
484 3044 637 3099 Posoninm
655 3049 684 3098 et
700 3043 839 3114 quaedam
863 3044 918 3100 elis
941 3049 1033 3099 cestre
1057 3040 1230 3114 occupando,
1248 3047 1276 3098 et
1294 3045 1373 3113 peter
1390 3041 1464 3111 regis
1490 3047 1587 3097 contre

344 3145 408 3186 eum
426 3131 577 3184 exercitum
595 3131 716 3186 levasset
738 3132 905 3199 seneralem,
930 3130 1073 3203 presletns
1097 3129 1248 3200 Ohepenns
1274 3127 1351 3200 apnd
1373 3127 1538 3184 Musuninm
1559 3134 1588 3185 et

344 3215 420 3288 apud
445 3215 561 3271 fluvium
588 3217 702 3273 Rabche
729 3224 827 3274 contre
853 3217 928 3274 illins
955 3217 1106 3273 exercitum
1135 3215 1271 3272 dimicans
1297 3215 1463 3272 victoriosus
1488 3216 1587 3284 extitit,

343 3303 455 3358 leetelie
475 3303 588 3359 vnlnere
607 3305 778 3362 sustinendo.
796 3305 867 3362 Item
887 3321 952 3361 cum
969 3304 1105 3360 Hernicus
1127 3302 1217 3358 banus
1240 3302 1327 3358 totins
1351 3301 1499 3360 Slevoniee
1523 3309 1587 3374 post

344 3390 552 3446 coronationem
571 3391 657 3462 petris
684 3393 757 3462 regis
781 3409 798 3448 s
820 3392 906 3448 domo
929 3393 1006 3462 regia
1028 3394 1199 3462 segregatus,
1225 3405 1255 3446 ee
1278 3388 1314 3446 ed
1340 3389 1496 3462 praelatum
1518 3389 1587 3445 Bos·

344 3493 453 3532 morum
471 3493 565 3548 regem
581 3479 779 3544 transtulisset,
804 3485 970 3535 cestrense
994 3475 1101 3548 Kure'g,
1125 3477 1280 3548 Scentvvyd,
1305 3476 1433 3534 Zlevnuk
1457 3479 1486 3532 et
1507 3477 1588 3534 Pere-

344 3567 423 3636 styen
450 3563 580 3620 menibus
606 3567 679 3638 regis
706 3565 830 3622 eiusdem
855 3565 1036 3637 assignando,
1062 3565 1123 3636 ipse
1146 3564 1297 3635 (lhepanus
1323 3564 1351 3618 in
1379 3563 1588 3635 recuperatione

343 3659 498 3710 castrorum
515 3653 604 3724 ipelus
623 3655 740 3710 Henrici
764 3661 876 3726 gratam
898 3652 1035 3726 impendit
1057 3651 1198 3708 fidelitatis
1223 3650 1398 3722 obsequium,
1418 3649 1458 3706 ita
1484 3656 1516 3706 nt
1538 3667 1588 3723 per

343 3740 432 3812 ipsius
450 3745 478 3796 et
496 3741 614 3797 aliorum
632 3741 754 3797 fidelium
773 3748 853 3798 ectus
871 3746 999 3797 strenuos
1022 3744 1114 3796 cestre
1137 3739 1198 3794 eius
1221 3738 1293 3810 patri
1315 3737 1430 3794 fuerunt
1451 3738 1584 3795 restilm

344 3827 388 3882 Ad
407 3827 476 3890 haec
495 3833 560 3900 post
577 3827 723 3885 decessum
748 3830 842 3901 patris,
861 3845 925 3885 cum
943 3828 1131 3884 Bohemorum
1149 3843 1198 3882 rex
1215 3830 1365 3881 autumans
1382 3825 1477 3896 ipsum
1493 3839 1587 3896 regem

344 3915 372 3970 in
391 3919 481 3972 estete
499 3921 608 3972 tenera.
619 3917 800 3972 constitutum
818 3933 875 3972 non
894 3932 977 3988 posse
997 3932 1046 3988 per
1064 3914 1160 3970 fideles
1179 3914 1239 3970 eius
1257 3911 1404 3980 defensari,
1422 3912 1492 3970 lines
1510 3911 1587 3984 regni

345 4001 457 4058 fecisset
473 4001 620 4072 devastnri,
639 4009 667 4059 et
684 4004 745 4075 ipse
762 4019 811 4058 rex
831 4003 994 4060 Metheeum
1019 4002 1131 4070 benum,
1156 3999 1313 4058 Omodsum
1332 3998 1514 4070 (laetrilsrrei,
1531 4017 1587 4056 me·

345 4091 463 4161 gutrum
480 4089 638 4147 Johennem
657 4091 850 4148 Zelsdicnsem
867 4097 935 4148 tnnc
954 4091 1069 4148 comites
1087 4095 1115 4146 et
1132 4089 1280 4146 Nicolaum
1301 4087 1430 4146 comitem
1454 4087 1490 4144 de
1511 4087 1588 4144 Zana

342 4180 371 4236 et
388 4177 481 4248 ipsum
500 4175 664 4248 Ohepanum
684 4184 780 4234 contre
798 4179 920 4250 Styriam
937 4177 1069 4246 misisset,
1087 4178 1147 4249 ipse
1166 4175 1318 4248 Ohspanue
1337 4175 1392 4232 snb
1408 4179 1501 4232 oestro
1519 4176 1587 4232 Fru-

346 4269 411 4320 etun
429 4280 479 4336 per
497 4264 646 4335 quemdem
669 4267 762 4322 locum
780 4267 920 4322 munitum
937 4265 1013 4338 prior
1036 4270 1100 4321 ante
1123 4265 1195 4322 elios
1217 4265 1246 4320 in
1270 4263 1416 4321 adversam
1439 4263 1526 4320 aciem
1547 4263 1587 4318 in·

343 4367 457 4422 gressus
475 4353 624 4422 quemdem
642 4353 849 4409 ministerialem
867 4353 977 4425 Styriae
1001 4354 1098 4409 lancea
1117 4353 1229 4423 propria
1247 4351 1347 4408 deiecit
1364 4355 1392 4407 et
1410 4349 1519 4420 occidit,
1537 4366 1587 4423 pro

345 4437 448 4509 quibus
468 4439 592 4508 servitiis,
610 4439 676 4496 licet
693 4439 768 4496 idem
787 4440 938 4512 Ohepanus
957 4446 1031 4496 esset
1046 4441 1150 4511 ingenti
1161 4440 1376 4496 remuneratione
1388 4437 1587 4508 confovendus,

345 4541 396 4596 pro
414 4542 489 4582 nuno
507 4531 602 4582 tamen
619 4543 668 4583 rex
686 4528 803 4584 eontulit
820 4528 905 4584 immo
922 4529 1043 4608 restitnit
1060 4535 1192 4600 tanquam
1211 4528 1254 4582 ins
1273 4543 1354 4583 enum
1372 4525 1586 4584 haereditarium

346 4611 440 4666 villam
458 4613 546 4669 sancti
565 4612 711 4670 Michaelis
729 4615 758 4669 in
775 4614 897 4672 confinio
909 4615 993 4670 cestri
1011 4615 1105 4671 Ferrei
1123 4631 1188 4670 cnm
1205 4613 1327 4686 quadem
1345 4613 1402 4670 alie
1419 4629 1505 4685 parva
1523 4612 1587 4668 ville

348 4697 450 4756 Inoeed
469 4705 575 4760 voceta
594 4701 700 4758 Delum
719 4719 768 4774 per
785 4717 886 4758 manus
903 4701 1047 4759 Benedicti
1071 4701 1221 4774 praepositi
1239 4700 1400 4761 Orodisneie
1420 4701 1500 4757 eules
1518 4701 1587 4757 viee
