3464 5382
649 403 795 447 mneos.
1282 389 1343 450 137

158 567 334 626 GOCOLVl.
359 569 528 640 (ivormoth,
547 573 623 626 1244.
643 573 687 626 22.
705 569 823 640 Aprilis.
842 569 910 624 Bela
927 568 971 624 Ν
991 585 1041 625 rex
1058 571 1237 628 considerans
1254 572 1345 628 multi·

104 658 189 730 plicia
207 657 319 714 servitia
336 657 445 715 Nicolai
462 657 512 713 tilii
530 657 639 716 Obichk
657 657 693 715 de
706 656 793 730 Zyud,
808 673 881 728 quae
892 663 959 713 tunc
970 657 1112 730 impendit,
1125 659 1238 729 quando
1250 659 1345 716 adver·

103 745 173 800 sites
191 745 371 802 Tartarorum
388 762 504 818 regnum
522 747 670 817 invaserat,
688 752 717 802 et
733 761 826 816 regern
845 743 981 816 praesidio
998 745 1082 816 fugae
1101 745 1136 802 ad
1155 753 1247 819 partes
1264 748 1345 802 mari-

102 833 188 889 timas
206 833 426 906 proficiscentem
444 851 539 890 omues
559 834 676 890 bsrouos
695 851 728 890 ac
745 833 825 890 multi
842 833 950 890 nobiles
973 834 1051 905 regni
1069 833 1261 904 deseruissent,
1279 840 1345 892 tuuc

104 921 180 977 enim
198 921 273 977 idem
291 921 425 978 Nicolaus
443 939 507 978 eum
524 921 683 978 nullatenus
707 921 860 993 dereliquit,
882 921 932 978 sed
949 937 1013 978 cum
1031 923 1107 978 omni
1124 921 1228 978 familia
1245 921 1345 978 domus

104 1026 174 1065 suae
194 1025 283 1081 usque
302 1008 337 1064 ad
355 1010 460 1064 insulae
472 1009 623 1064 maritimae
642 1014 754 1066 secutus
772 1008 838 1076 fuit;
855 1007 968 1064 tandem
986 1007 1021 1064 de
1033 1009 1169 1080 Tragurio
1187 1008 1223 1064 ad
1241 1010 1346 1066 curiam

104 1113 253 1152 romonem
271 1097 425 1168 permulta
443 1097 565 1170 pericula
588 1097 706 1152 marium
729 1102 758 1152 et
775 1103 909 1152 tenerum
927 1097 955 1152 in
974 1097 1051 1168 regia
1068 1096 1205 1168 legatione
1223 1103 1266 1154 est
1283 1115 1346 1170 pro·

104 1184 210 1252 sectus;
228 1185 295 1240 item
313 1201 377 1240 cum
395 1189 459 1256 post
476 1199 616 1240 recessum
632 1185 811 1240 Tartarorum
829 1183 864 1240 ad
883 1184 996 1240 eaedem
1014 1189 1107 1256 partes
1124 1186 1276 1242 maritimae
1289 1202 1346 1241 ver-

104 1278 185 1343 geret
202 1269 366 1328 secundario
389 1288 457 1330 suos
480 1288 592 1343 gressus
610 1287 628 1327 e
663 1287 746 1344 super
769 1271 844 1328 facto
861 1271 956 1329 Jadrie
974 1273 1045 1328 intor
1064 1289 1158 1343 regom
1176 1277 1205 1330 et
1220 1273 1345 1329 Venetos

104 1365 181 1417 esset
199 1359 338 1416 discordis
360 1361 500 1428 suscitata,
525 1361 586 1432 ipse
611 1359 746 1416 Nicolsns
767 1359 902 1416 Venetiae
925 1359 1068 1430 accedeus,
1089 1361 1195 1418 litteras
1217 1375 1346 1432 compos·

104 1449 191 1504 tionis
209 1465 266 1504 non
284 1449 344 1504 siue
367 1465 469 1518 magua
493 1446 667 1520 providentia
690 1446 826 1516 condidit;
850 1448 935 1504 immo
957 1447 993 1504 ed
1017 1453 1110 1520 partes
1127 1448 1246 1504 Russiae
1264 1452 1293 1504 et
1309 1447 1345 1503 ad

105 1543 201 1609 partes
219 1535 366 1607 Bulgariae
383 1537 412 1592 in
429 1536 506 1606 regia
523 1535 660 1608 legatione
679 1535 819 1608 proiectus
843 1535 949 1591 educo
966 1535 1083 1605 Danela,
1102 1536 1150 1608 qui
1166 1536 1346 1592 Tartarorum

105 1625 233 1696 principe
261 1625 370 1680 visitato
397 1623 432 1680 ad
461 1624 573 1696 propria
597 1623 714 1688 rediens,
742 1624 901 1680 universum
927 1627 1033 1680 statum
1058 1625 1245 1692 Tartareum,
1264 1627 1347 1693 prout

104 1712 215 1768 viderat
241 1717 269 1768 et
295 1717 469 1783 cognoverat,
496 1710 704 1768 edisserendum
730 1714 790 1782 regi
817 1712 988 1784 promiserat,
1016 1712 1071 1768 stili
1099 1711 1187 1768 offitio
1205 1709 1347 1767 conditum

105 1799 271 1872 reportavit;
290 1799 318 1854 in
335 1798 466 1870 Bulgaria
484 1815 549 1856 vero
567 1799 722 1872 perplures
733 1815 842 1854 menses
854 1799 1038 1856 involuntarie
1049 1798 1186 1866 detentus,
1204 1798 1346 1870 negotium

106 1889 200 1955 etiam,
220 1903 271 1960 pro
289 1887 454 1959 quominus
472 1886 563 1943 fueret
580 1887 747 1960 promotioni
764 1886 896 1956 reddidit;
915 1904 966 1960 pro
984 1886 1086 1959 quibus
1104 1885 1227 1944 serviciis
1254 1901 1303 1941 rex
1321 1884 1346 1939 ei

105 1980 232 2032 castrum
251 1977 379 2047 Koaraeg
396 1976 424 2030 in
442 1975 575 2031 comitatu
593 1975 721 2030 honteuei
739 1975 853 2031 confert

165 2063 288 2118 Weorel:
307 2063 371 2119 llud.
389 2062 459 2134 dipl.
476 2063 585 2132 Arpod.
608 2062 670 2118 VII.
686 2079 715 2134 p.
737 2065 797 2116 163.

162 2165 351 2222 cccotvn.
369 2170 448 2223 1244.
467 2171 511 2220 23.
529 2167 610 2224 Maii.
623 2168 690 2223 Bela
702 2167 746 2224 IV
758 2184 808 2224 rex
818 2168 949 2236 notificat,
968 2167 1169 2242 quodpropter
1184 2165 1347 2223 indeciduae

107 2253 252 2310 fidelitatis
268 2255 451 2310 constantiam
464 2259 492 2310 et
502 2255 647 2312 innumera
658 2254 828 2327 probitatum
845 2255 950 2324 merita,
963 2257 1065 2328 quibus
1083 2261 1148 2314 aute
1161 2256 1256 2313 oculos
1274 2255 1347 2326 regie

107 2343 200 2398 fidelia
220 2343 400 2412 Rogomerius
418 2358 511 2399 comes
529 2347 587 2399 tem
604 2343 633 2398 iu
651 2342 769 2414 publicis
786 2359 872 2414 quam
889 2343 1003 2416 privatis
1020 2343 1098 2414 regni
1115 2343 1233 2414 negotiis
1251 2343 1280 2398 iu
1295 2343 1348 2398 Po·

107 2429 195 2498 lonis,
214 2428 354 2501 Bulgarie,
374 2432 545 2502 caeterisque
561 2447 710 2502 regnorum
727 2431 884 2488 climatibus
909 2433 1137 2488 excellentissime
1155 2433 1306 2500 claruisset,
1325 2435 1354 2486 et

108 2518 238 2587 maxime,
257 2519 323 2589 quia
340 2519 400 2588 regi
423 2524 451 2574 et
474 2535 593 2574 coronae
619 2519 648 2574 in
672 2521 779 2590 impetu
796 2519 975 2576 Tartarorum
993 2520 1103 2575 servitia
1121 2525 1201 2590 grata
1218 2517 1352 2586 exhibuit,

108 2623 141 2662 se
159 2611 189 2662 et
205 2621 258 2661 sue
275 2606 351 2661 omni
369 2606 492 2678 periculo
509 2605 682 2678 exponendo,
701 2623 797 2662 verum
814 2607 897 2662 etiam
909 2607 1036 2678 quamvis
1054 2609 1177 2679 privatus
1192 2604 1353 2678 parentibus

109 2699 139 2748 et
156 2693 291 2765 cognatis,
310 2693 496 2765 gravibusque
512 2693 672 2750 vulneribus
691 2711 830 2766 opressus,
843 2711 943 2750 manus
955 2695 1057 2766 impiae
1068 2694 1160 2765 gentis
1175 2694 1353 2748 'l'mtarorum

107 2781 156 2836 vix
173 2787 308 2849 evaserat,
333 2781 370 2836 ob
392 2779 445 2838 hoc
469 2786 562 2838 tamen
580 2799 636 2838 non
654 2782 823 2854 perterritus,
843 2782 963 2838 confinia
981 2797 1030 2853 psr
1046 2797 1141 2852 regern
1158 2781 1183 2836 ei
1202 2779 1351 2836 commisse

107 2867 146 2924 ab
163 2868 282 2924 inimicis
299 2868 479 2938 conservavit,
505 2869 542 2926 ob
564 2869 633 2926 haec
650 2875 679 2926 et
695 2870 750 2926 alia
772 2870 883 2926 servitia
910 2870 936 2926 ei
954 2869 1060 2927 confert
1076 2875 1178 2926 terram
1196 2868 1306 2924 Prusks
1324 2869 1353 2922 in

108 2956 244 3012 comitatu
261 2955 466 3012 trenchiniensi.

167 3043 293 3100 Wentcl:
312 3043 378 3100 Ood.
396 3044 466 3114 dipl.
484 3044 593 3114 Arpod.
616 3043 679 3114 VII,
697 3048 757 3100 174.

163 3163 369 3222 ΟΟΟΟΙΝΙΠ.
389 3169 424 3222 Io
441 3171 533 3222 castro
551 3166 652 3223 Gallae
670 3167 789 3238 (Hyele)
808 3169 885 3222 1244.
905 3170 948 3222 29.
966 3165 1058 3222 Junit.
1077 3165 1145 3222 Bels
1157 3164 1201 3220 IV
1213 3181 1262 3220 rex
1274 3181 1353 3237 prae·

109 3259 166 3308 atat
189 3253 381 3322 juramentum
399 3253 426 3309 S.
445 3251 605 3308 Justiniano
629 3257 657 3307 et
680 3253 710 3308 P.
735 3252 868 3309 Dandulo
893 3255 997 3310 nuntiis
1020 3253 1120 3310 Jeccbi
1138 3253 1256 3324 Teupoli
1273 3252 1353 3308 ducis

108 3341 292 3407 Venetorum,
310 3339 386 3410 quod
411 3339 518 3394 firmam
541 3355 639 3411 pacem
662 3356 726 3395 cum
749 3341 866 3397 Venetis
890 3341 956 3398 velit
979 3347 1080 3410 tenere,
1105 3341 1159 3396 sub
1181 3341 1225 3396 his
1250 3341 1351 3412 pactis:

109 3428 237 3484 Venetos
255 3429 395 3499 permittet
410 3433 504 3484 tenere
522 3427 660 3482 civitatem
674 3427 833 3499 jadrensem
850 3445 915 3484 cum
932 3429 1117 3500 pertinentiis;
1135 3445 1192 3485 non
1213 3427 1354 3500 permittet

110 3523 142 3572 ut
160 3515 266 3571 subditi
285 3515 353 3586 ejus,
372 3515 527 3586 specialiter
545 3514 648 3570 Cacicii
665 3521 693 3571 et
710 3513 855 3584 Jsdortint,
873 3517 921 3587 qui
935 3517 1061 3572 exienmt
1072 3533 1108 3572 ex
1125 3515 1235 3571 civitate
1247 3521 1275 3570 et
1288 3519 1354 3570 sunt

110 3605 165 3660 sub
181 3603 257 3675 regis
276 3608 421 3675 potestate,
440 3609 618 3674 praesumant
634 3602 720 3658 duces
736 3603 848 3672 Jsdrae,
868 3605 984 3660 stallos
1002 3603 1128 3660 Venetos
1145 3603 1292 3660 molestare
1310 3602 1354 3659 vel

110 3693 235 3763 aliquam
263 3691 397 3746 offensam
423 3696 452 3746 et
477 3691 606 3763 injuriam
632 3691 744 3758 inferre;
775 3691 944 3748 extrinsecos
973 3691 1125 3748 Jadrenees
1154 3691 1306 3748 removebit
1336 3706 1353 3744 a

110 3779 238 3835 districtu
253 3778 378 3850 jedrensi
401 3783 429 3833 et
454 3779 571 3834 nonensi
597 3778 633 3834 ad
660 3781 678 3834 4
704 3779 843 3848 milliaria;
860 3780 966 3835 nullern
984 3779 1255 3837 confoederationem
1272 3777 1355 3834 faciet

12 3881 13 3890 ¹
111 3873 209 3924 eontra
226 3866 360 3934 Venetos,
378 3882 429 3922 nec
446 3865 589 3937 impendet
605 3867 740 3922 auxilium
758 3873 786 3924 et
803 3867 949 3923 consilium
971 3884 1067 3923 eorum
1084 3867 1202 3923 inimicis
1208 3884 1216 3935 ;
1234 3865 1355 3922 vicissim

112 3955 272 4026 obligarunt
290 3969 321 4010 ae
338 3953 446 4018 Veneti,
465 3953 550 4024 quod,
575 3970 639 4009 cum
661 3953 763 4010 inerint
787 3971 887 4026 srege
904 3955 948 4011 vel
968 3956 1027 4012 eius
1046 3969 1205 4011 successore
1222 3953 1354 4022 requisiti,

112 4044 198 4098 velint
215 4043 289 4098 elcut
305 4041 385 4098 decet
401 4041 491 4098 amico
509 4039 669 4114 impendere
686 4041 833 4098 consilium
851 4047 880 4098 et
894 4043 1029 4098 auxilium
1041 4047 1138 4098 contra
1149 4041 1209 4098 eius
1221 4039 1354 4108 inimicos,

113 4131 235 4186 maxime
253 4129 325 4185 circa
343 4129 486 4184 maritima

165 4217 282 4286 Medii:
301 4221 421 4272 Monam.
439 4215 548 4273 Slcoor.
565 4215 661 4272 marici.
680 4217 702 4286 l,
723 4220 766 4272 65.
785 4217 916 4274 Forloti:
935 4217 1019 4288 Illyr.
1036 4231 1107 4272 reor.
1130 4213 1162 4285 V,
1182 4219 1224 4268 95.

165 4337 342 4396 CCOOLIX.
361 4339 396 4395 A
415 4341 493 4394 1244.
512 4342 553 4393 14.
574 4339 706 4396 Octobris.
724 4339 792 4394 Bela
810 4338 853 4395 1v
871 4355 920 4394 rex
938 4338 1068 4405 notificat,
1087 4335 1163 4408 quod
1182 4334 1219 4391 ab
1231 4351 1264 4391 ec
1276 4333 1354 4389 missi

12 4467 17 4494 ,
114 4427 258 4484 Dionisiue
275 4424 334 4483 dux
352 4433 381 4482 et
399 4425 489 4482 banus
512 4426 599 4482 totius
622 4424 778 4494 Slavcniae,
805 4425 1034 4483 Bartholomaeus
1055 4425 1203 4498 episcopus
1221 4422 1355 4494 quinque·

114 4515 296 4583 eccleeieneis,
315 4513 436 4570 Michael
453 4529 546 4570 comes
564 4513 599 4570 de
617 4513 776 4570 Varaedino
794 4519 822 4570 et
841 4514 901 4570 Filo
918 4513 1094 4586 praepositus
1111 4510 1307 4582 sagrabiensis,
1325 4510 1354 4564 in

115 4602 286 4658 Dalmatiam
305 4600 340 4656 ad
359 4601 498 4658 sedandos
521 4599 707 4658 dissensiones
731 4601 802 4658 inter
825 4602 964 4658 civitatem
981 4600 1127 4673 Spalatum
1144 4603 1173 4654 et
1189 4597 1355 4668 Tragurium

116 4695 236 4764 eruptos,
254 4689 338 4746 iidem
356 4690 457 4747 reversi
475 4689 538 4746 viva
554 4705 622 4746 voce
640 4695 668 4746 et
686 4689 788 4760 scripto
806 4689 950 4745 retulerint
962 4690 1003 4744 19.
1015 4687 1083 4742 Julii
1095 4703 1119 4743 e.
1132 4703 1166 4754 a,
1178 4683 1254 4808 quod
1266 4682 1355 4739 dictas
