3480 5356
719 530 866 574 annuens.
1057 548 1063 564 ι
1351 509 1414 576 297
1494 489 1499 499 “

169 695 198 746 et
223 694 340 762 nepotes
367 691 511 762 Ghutlr(o),
539 691 706 764 Stephanus,
736 695 862 766 Benhlo),
878 694 1016 766 chhina,
1035 695 1109 752 Otho
1134 701 1163 752 et
1187 697 1236 752 lilii
1254 697 1414 767 chodrug,

170 777 235 833 item
264 779 312 832 lilii
331 785 359 834 at
376 786 493 851 nepotes
518 779 638 852 Godigy,
662 781 769 850 Wlhsa,
796 782 910 850 Pubisa,
932 782 1106 838 Gurdaveth'
1127 800 1161 840 ac
1187 789 1248 840 tota
1274 783 1417 856 generatio

172 865 376 937 praedictorum
401 868 429 922 in
457 867 548 922 tribus
566 868 639 924 vihis
657 873 754 924 contra
772 870 925 940 capitulum
944 871 1141 938 acclamarunt,
1161 872 1237 942 quod
1255 874 1332 944 ipsos
1351 887 1415 928 cum

1 1035 2 1050 ἵ
51 953 81 1037 *'
170 952 288 1010 luissent
302 953 470 1025 jobagiones
489 956 573 1012 castri
596 955 793 1028 Zagrabiensis
816 957 922 1013 dictum
946 955 1101 1029 capitulum
1125 958 1160 1014 de
1185 975 1259 1015 novo
1282 960 1416 1014 violenter

170 1047 321 1112 occupatos
339 1043 500 1099 detinerent
519 1043 554 1097 In
572 1044 691 1100 termino
712 1043 823 1100 tandem
842 1044 1051 1116 perhemptorio
1065 1044 1170 1100 dictum
1182 1047 1337 1117 capitulum
1349 1046 1416 1102 alle·

170 1130 253 1198 gerit,
272 1129 353 1199 quod
366 1135 467 1186 maram
485 1131 569 1186 trium
595 1131 724 1188 villarum
742 1137 770 1188 et
788 1133 866 1204 ipsos
884 1150 902 1188 a
918 1133 1122 1203 quinquaginta
1141 1133 1222 1188 annis
1239 1134 1332 1188 minus
1350 1149 1416 1201 uno,

171 1215 288 1271 ecclesia
306 1217 424 1287 Zagrab.
444 1217 559 1288 pacifice
578 1219 750 1290 possedisset
767 1223 797 1274 et
813 1219 867 1275 hoo
885 1235 935 1290 per
952 1219 1059 1275 litteras
1077 1220 1164 1291 patris
1182 1220 1256 1290 regis
1274 1226 1302 1276 et
1319 1221 1415 1274 matria

171 1304 283 1374 reginae
301 1303 443 1376 Ungariae
461 1305 658 1381 probaverunt.
677 1305 744 1362 Dux
762 1307 847 1377 igitur
865 1323 929 1362 cum
947 1305 1101 1362 baronibus
1120 1307 1186 1378 suls,
1206 1322 1270 1362 cnm
1288 1305 1354 1362 dicti
1367 1305 1415 1360 filii

170 1390 293 1448 Bratona
310 1409 361 1448 neo
378 1393 587 1464 interruptionis
605 1394 712 1449 litteras
730 1399 923 1466 praesentasse
942 1398 1079 1465 poterant,
1098 1411 1150 1450 nec
1169 1394 1278 1465 aliquas
1294 1395 1416 1449 rationes

123 1485 126 1494 '
171 1494 222 1550 pre
239 1479 309 1550 ipsis
328 1480 451 1536 iacerent
468 1479 589 1550 allegare
608 1480 657 1536 sed
676 1481 871 1537 tantummodo
888 1480 973 1537 verba
986 1481 1172 1553 proferebant,
1185 1480 1275 1538 dictos
1287 1480 1415 1536 homines

170 1570 318 1622 ulterram
337 1567 459 1640 capitulo
478 1567 632 1638 relinquere
663 1568 806 1624 debuisset
831 1567 1025 1644 possidendos.
1052 1568 1159 1630 Tamen
1188 1573 1220 1624 ut
1247 1567 1415 1648 clamoribus

171 1653 296 1722 satisfiat,
325 1655 406 1710 electi
425 1660 490 1711 sunt
507 1661 563 1710 tres
581 1643 769 1712 homines'ex
792 1657 826 1712 iis
850 1661 879 1711 et
905 1660 962 1710 tres
990 1671 1024 1710 ex
1051 1655 1175 1727 capitulo
1202 1655 1250 1725 qui
1276 1653 1417 1710 debebant

171 1745 314 1811 praestare
331 1742 516 1798 iuramentum
534 1759 586 1814 pro
604 1743 757 1798 assertione
776 1743 899 1814 capituli.
918 1742 962 1796 Ex
981 1745 1060 1814 parte
1078 1743 1193 1814 capituli
1210 1741 1324 1798 luerunt
1335 1739 1416 1796 electi

170 1829 302 1898 magister
319 1829 421 1886 Petrus
438 1830 642 1902 Zagrabiensis,
660 1831 792 1901 magister
814 1828 986 1886 Nicodamus
1004 1829 1040 1885 de
1058 1829 1199 1898 Kemnulr,
1217 1827 1412 1896 archidiaconi,

171 1919 199 1970 et
216 1917 348 1988 magister
371 1917 463 1986 Drisa,
482 1919 569 1975 lector
587 1917 719 1974 ecclesiae
743 1917 861 1987 Zagrab.
888 1917 943 1972 Per
961 1915 1050 1972 dictos
1068 1921 1163 1972 autem
1182 1915 1310 1970 homines
1327 1914 1415 1970 nomi-

171 2003 229 2058 nati
250 2003 369 2060 fuissent
387 2005 518 2076 magister
536 2005 613 2062 Bura
630 2009 734 2073 cantor,
756 2004 888 2074 magister
910 2002 1032 2060 Michacl
1050 2007 1146 2060 custos
1164 2003 1230 2058 eccl.
1249 2000 1369 2073 Zagrab.
1389 2005 1417 2055 et

170 2091 301 2161 magister
318 2090 485 2148 Benedictus
503 2091 648 2148 archidiac.
667 2091 703 2148 de
721 2091 858 2147 Guerche.
881 2089 956 2148 Dieti
981 2091 1114 2162 magister
1137 2091 1238 2146 Petrus
1262 2105 1326 2145 cum
1353 2088 1416 2142 aliis

1 2241 2 2250 ,
63 2220 66 2226 .
170 2191 264 2232 eoram
282 2179 428 2250 capellano
446 2179 561 2250 capituli
580 2178 666 2235 Saule
694 2178 847 2248 sacerdote,
874 2178 1035 2234 iuraverunt
1061 2178 1090 2232 in
1118 2177 1216 2232 maiori
1243 2175 1414 2233 ecclesisis

172 2265 252 2318 altari
270 2265 300 2320 S.
318 2265 412 2336 Regis,
431 2265 507 2337 quod
526 2265 628 2322 dictam
652 2272 754 2321 terram
772 2266 940 2322 sollennia
958 2266 1050 2320 minim
1068 2281 1126 2320 uno
1138 2265 1231 2335 quiete
1243 2261 1415 2336 possedisset

172 2351 333 2422 capitulum.
351 2353 396 2407 Ad
415 2352 491 2424 quod
502 2353 678 2410 adiudicatae
690 2357 756 2408 sunt
767 2353 890 2424 capitulo
902 2351 993 2408 dictae
1006 2353 1096 2420 villae,
1106 2352 1178 2424 parti
1196 2367 1261 2408 vero
1280 2349 1414 2407 adversae

173 2443 340 2510 perpetuum
359 2439 500 2494 edentium
517 2440 678 2511 impositum
696 2445 840 2512 nmquam
858 2438 1117 2496 calumniatoribus.

224 2525 351 2582 Thaca:
369 2529 444 2582 Mon.
462 2527 526 2583 hiat
545 2529 577 2584 Τ.
596 2529 618 2580 Ι.
634 2543 664 2596 p.
684 2530 743 2582 147.

222 2683 386 2743 (llllXOIV.
405 2689 480 2744 1269.
500 2686 661 2758 Stephanus
679 2685 738 2741 dux
763 2687 848 2742 totius
873 2685 1023 2743 Slavoniae
1041 2690 1093 2742 etc.
1111 2689 1208 2741 notum
1236 2686 1311 2753 facit,
1337 2683 1412 2755 quod

170 2770 333 2828 accedentes
352 2773 387 2829 ad
406 2774 466 2830 eius
490 2775 690 2847 praesentiam:
716 2773 864 2830 Farcasius
892 2773 966 2828 filius
993 2773 1133 2844 Damyani
1160 2773 1195 2827 de
1221 2788 1323 2842 genere
1351 2771 1414 2828 Col·

170 2857 259 2915 chooh
285 2861 322 2915 ab
349 2879 405 2918 una
431 2865 510 2934 parte
538 2868 566 2918 et
589 2862 739 2918 Mathaeus
761 2861 850 2917 abbas
873 2859 1033 2917 monasterii
1058 2859 1085 2916 b.
1109 2877 1135 2915 v.
1161 2859 1199 2915 M.
1224 2859 1259 2914 de
1287 2859 1413 2930 Toplica,

170 2961 205 3002 ex
223 2945 317 3017 altera,
336 2947 410 3005 idem
428 2949 577 3005 Furcasius
605 2949 750 3006 confessus
769 2953 812 3004 est
830 2949 892 3004 viva
911 2963 986 3018 voce,
1003 2947 1058 3019 ipsi
1075 2946 1190 3002 domino
1207 2945 1303 3002 abbati
1321 2945 1414 3000 vendi·

170 3032 246 3090 disse
264 3036 298 3090 12
316 3051 411 3093 servos
430 3041 458 3092 et
475 3037 600 3108 ancillas,
619 3035 820 3093 haereditarios
839 3051 914 3104 suos,
932 3051 984 3107 pro
1001 3033 1099 3090 XVII.
1117 3033 1217 3089 marcia
1235 3032 1411 3088 denariorum

170 3119 408 3191 Zagrabiensium.
428 3124 554 3192 Quorum
573 3131 601 3180 et
619 3140 737 3196 quarum
755 3123 868 3180 nomina
887 3129 967 3178 aunt:
980 3122 1077 3192 Lyben
1095 3137 1131 3178 ex
1148 3136 1220 3176 uxor
1238 3120 1298 3174 eius
1316 3117 1413 3174 Jurica

169 3213 198 3264 et
215 3208 290 3264 iilius
308 3209 456 3281 Radomer,
486 3212 680 3284 Martysselay,
707 3210 827 3280 Obrade,
854 3210 942 3279 Mara,
970 3208 1092 3278 Martha,
1116 3207 1257 3279 Lybyana,
1285 3205 1414 3274 Calcare,

169 3293 274 3364 Voche,
293 3297 435 3354 Voohiohe
454 3305 482 3354 et
499 3300 617 3355 Davola.
636 3299 764 3354 Aliorum
782 3296 931 3354 duodecim
944 3312 1085 3352 servorum
1105 3299 1134 3351 et
1151 3294 1323 3360 ancillarum,
1343 3307 1414 3362 qnos

169 3386 197 3437 et
214 3399 285 3452 quas
302 3383 425 3442 dedisset
443 3385 534 3441 eidam
549 3387 719 3442 monestede
739 3401 790 3456 pro
808 3384 931 3441 remedio
943 3383 1053 3439 animae
1066 3384 1179 3438 nomina
1192 3390 1273 3436 sunt:
1291 3379 1414 3435 Thomas

169 3475 197 3524 et
215 3486 286 3526 uxor
304 3471 364 3528 aius
391 3471 578 3542 Oanissevela,
603 3471 752 3539 Eudousia,
780 3471 909 3540 Radisca,
937 3470 1033 3538 Lucia,
1061 3469 1176 3542 Lupeco
1203 3473 1232 3524 et
1258 3485 1329 3524 uxor
1355 3467 1415 3521 eius
1516 3485 1525 3506 ·

53 3570 67 3580 ··
168 3553 291 3628 Dragna,
309 3558 429 3629 Tecana,
447 3560 612 3632 Mylunana‚
630 3560 727 3629 Eleus,
745 3559 880 3616 Zerniche
899 3563 927 3615 et
944 3557 1079 3615 Dobrina.
1104 3557 1212 3613 Datum
1238 3571 1288 3628 per
1314 3570 1414 3610 manus

168 3643 293 3700 Ladislai
311 3647 395 3716 episc.
413 3649 557 3720 tyniensis,
576 3647 732 3704 cancellarii
753 3647 841 3702 ducis,

206 3731 331 3787 Tlculdit:
349 3735 415 3790 Mon
441 3735 524 3804 episc.
541 3735 661 3805 Zaprob.
679 3735 705 3790 1.
723 3739 780 3790 148.

221 3891 370 3950 OMXGV.
394 3897 469 3950 1269.
493 3893 560 3949 Bela
584 3893 643 3950 dux
667 3893 754 3949 totius
779 3891 935 3959 Slavoniae,
959 3889 1116 3945 Dalmatiae
1135 3893 1163 3944 et
1180 3885 1316 3954 Oroatiae,
1343 3885 1413 3942 noti·

169 3979 242 4046 ficat,
261 3979 337 4050 quod
355 3979 481 4052 hospites
504 3980 540 4036 de
561 3981 673 4053 Beryni
697 3979 861 4036 accedentes
881 3977 919 4035 ad
939 3978 998 4033 eius
1017 3975 1202 4048 praesentiam
1221 3974 1366 4045 petiissent
1383 3976 1415 4027 ut

168 4065 344 4138 privilegium
363 4068 451 4138 patria
470 4067 530 4123 eius
549 4085 633 4140 super
651 4068 779 4124 libertate
796 4068 922 4139 ipsorum
943 4064 1105 4136 dignaretur
1129 4062 1301 4119 confirmare.
1327 4059 1416 4116 Petie-

51 4163 66 4188 ·
168 4157 234 4208 runt
252 4153 334 4208 etiarn
352 4161 384 4210 ut
403 4170 454 4226 pro
472 4154 561 4212 tribus
580 4155 759 4227 ponderibus,
770 4171 842 4226 quae
855 4151 959 4208 debent
970 4152 1078 4208 solvere
1091 4150 1244 4217 annuatim,
1257 4145 1415 4218 quindecim

169 4239 297 4296 denarios
322 4240 439 4298 banalas
465 4241 531 4298 dare
555 4247 725 4302 tenerentur.
748 4242 816 4297 Dux
843 4240 990 4296 confirmat
1016 4238 1099 4310 igitur
1126 4235 1301 4310 privilegium
1328 4233 1415 4305 patris

167 4327 252 4384 Belae
270 4328 351 4400 regis,
370 4334 479 4385 mumto
505 4346 539 4386 eo
564 4330 640 4401 quod
665 4329 768 4388 amodo
795 4330 827 4384 16
851 4327 981 4382 denarios
999 4325 1115 4380 hanalae
1134 4323 1242 4380 solvere
1260 4325 1414 4377 teneantur.

168 4415 316 4472 Praeterea
333 4418 471 4474 concessit
488 4416 602 4486 eisdem,
621 4424 655 4474 ut
671 4417 765 4488 iidem,
783 4415 831 4486 qui
850 4419 915 4469 sunt
933 4413 986 4468 sub
999 4411 1100 4468 comite
1118 4411 1154 4465 de
1172 4408 1330 4480 Segusdino
1349 4423 1414 4462 con·

169 4505 265 4572 stituti,
284 4505 393 4560 allatori
418 4510 562 4561 assaturae
586 4505 654 4560 nihil
678 4504 745 4558 dare
772 4507 927 4558 teneantur.
954 4500 1060 4554 Datum
1088 4514 1137 4569 per
1163 4511 1264 4552 manus
1292 4492 1414 4550 Ladislai

168 4591 293 4662 episcopi
311 4591 458 4662 Tyniensia
476 4591 558 4646 aulae
576 4591 656 4646 ducis
676 4591 842 4647 cancellarii.
861 4588 989 4643 Ducatus
1008 4601 1082 4642 anno
1101 4584 1199 4656 primo.

221 4699 314 4767 Fsy'sr:
336 4697 394 4754 Ood
415 4697 484 4766 dipl.
512 4698 541 4752 T.
560 4697 611 4752 IV.
626 4713 657 4767 p.
676 4697 730 4754 ool.
749 4696 808 4752 111.
824 4712 854 4765 p.
874 4697 935 4750 529.
