3480 5356
690 409 836 454 anema
1019 439 1026 450 .
1055 397 1063 412 '
1318 382 1383 450 325

136 596 168 636 se
185 577 379 646 absentaverit,
399 582 477 633 actor
506 575 631 632 mittetur
654 591 740 632 causa
763 575 803 630 rei
831 573 983 631 1111111111
1001 571 1037 628 'in
1066 573 1271 645 pomoeeioaem
1288 577 1386 630 coatu-

134 667 223 723 macls
241 682 294 738 pro
312 663 397 720 modo
415 661 510 732 debiti,
529 663 573 719 vel
590 662 719 720 maleficii
736 663 765 718 ia
783 661 882 718 litteris
898 660 1004 733 judicis
1025 661 1165 718 declarati.
1188 661 1335 718 Praeterea
1359 662 1384 718 4.
1435 683 1438 690 ⁴

134 753 166 808 Si
185 753 249 824 quis
267 749 404 824 pristaldo
421 749 619 806 contradixerit
637 749 680 806 vel
698 750 837 806 maculam
860 748 993 805 obiecerit
1015 747 1146 803 salsitatis
1164 749 1188 803 si
1206 748 1299 820 ipsam
1317 749 1384 819 legi·

132 841 202 896 time
228 839 391 896 convincere
415 853 472 894 noa
496 837 605 908 poterit,
629 837 719 892 solvet
742 852 793 908 pro
815 835 922 906 judicic
944 850 1067 892 11111111
1091 849 1185 891 uuam.
1208 834 1281 891 item
1303 835 1328 891 5.
1353 833 1384 891 Si

133 928 198 1000 quis
228 924 393 999 pristaldum
419 923 611 992 verberaverit,
635 924 680 980 vel
703 923 843 978 homiaem
871 923 994 994 capiuli,
1018 923 1115 978 datam
1140 939 1192 995 pro
1216 922 1383 988 testimonio,

133 1015 281 1072 convictus
307 1019 401 1069 tamea
427 1012 550 1084 legttime
587 1025 694 1082 poenas
720 1010 818 1066 decem
843 1026 1001 1067 marcarum
1028 1009 1191 1066 subiacebit
1215 1011 1241 1066 6.
1264 1009 1296 1066 Si
1320 1009 1384 1079 qula

134 1107 231 1158 autem
258 1101 286 1156 in
305 1100 395 1171 figura
409 1097 508 1172 iudicii
534 1099 632 1154 litteris
655 1097 769 1168 capituli
793 1097 892 1153 vitiam
919 1098 1083 1169 opposuerit
1109 1097 1246 1165 falsitatis,
1273 1101 1302 1152 et
1327 1111 1384 1150 acu

135 1187 287 1246 convicerit
304 1187 383 1257 regui
400 1185 531 1256 legitimis
548 1184 731 1253 documentis,
749 1183 845 1240 decem
858 1200 1015 1255 1111111111
1033 1200 1154 1256 pesam
1166 1183 1262 1241 solvet.
1281 1183 1385 1239 ’1011-

136 1283 228 1333 teram
246 1289 311 1330 cum
329 1273 392 1344 quis
410 1289 474 1328 carn
497 1287 583 1328 caasa
604 1271 766 1343 pecuniaria
791 1271 1021 1342 condempnetur,
1042 1272 1132 1343 judici
1155 1273 1200 1328 vel
1226 1271 1386 1328 edversario

136 1379 190 1418 suc
218 1357 365 1432 usquead
389 1357 544 1416 secuudum
567 1359 715 1418 terminma
739 1358 900 1414 satisfecere
923 1376 979 1416 aoa
1004 1361 1148 1429 curaverIt,
1172 1361 1201 1416 in
1224 1360 1306 1414 tertio
1330 1364 1385 1414 ter·

135 1450 212 1505 mino
239 1463 314 1504 uana
330 1446 367 1502 de
382 1444 525 1517 jndicibus
545 1459 594 1517 per
611 1459 730 1513 regnum
753 1447 911 1502 ccasdtutIe
937 1447 988 1501 ibit
1011 1463 1075 1504 cam
1099 1448 1211 1504 homine
1235 1447 1384 1504 comitatae

137 1535 334 1606 Zagrabieusie
352 1533 397 1588 vel
415 1531 563 1587 Orisieaais
581 1531 706 1588 adhibito
719 1533 878 1589 1111110111
891 1534 1005 1605 capitali
1019 1533 1215 1604 Zagrabieasis
1233 1534 1277 1590 vel
1296 1533 1383 1589 Chaa·

136 1622 252 1690 mensis,
272 1625 301 1676 et
326 1619 361 1675 de
385 1619 467 1675 bonis
491 1635 540 1674 aea
564 1618 648 1673 rebus
672 1619 844 1675 contumacis
868 1621 948 1675 iuxta
970 1621 1138 1692 condignam
1162 1620 1386 1676 aestuationem

137 1710 245 1766 iustam
263 1707 357 1778 exiget
377 1705 538 1762 iudicatum
556 1706 583 1760 8.
600 1705 635 1760 ln
653 1706 763 1776 peculio
781 1710 875 1762 autem
894 1708 981 1778 petito
1005 1722 1123 1774 1111111
1146 1708 1318 1778 quantitatis,
1339 1707 1385 1778 ja·

137 1797 213 1852 dices
241 1796 367 1866 inspecta
391 1793 526 1864 qualitate
550 1807 732 1864 personarum
756 1793 911 1848 secundum
935 1811 1015 1850 suam
1037 1794 1230 1850 discretionem
1259 1793 1384 1850 madere·

136 1885 243 1940 bantur
260 1881 393 1937 amieos
415 1895 466 1952 pro
478 1878 666 1936 solutionibus
683 1879 826 1936 iaciendis
843 1881 953 1936 9.]1111
971 1882 994 1936 si
1013 1882 1076 1952 qais
1094 1881 1173 1937 alteri
1188 1883 1291 1936 1111111
1308 1882 1383 1938 obie-

136 1971 206 2028 cerit
229 1969 303 2026 lesae
326 1965 492 2038 Maiestatis,
511 1967 554 2022 vel
572 1966 673 2022 dixerit
684 1966 759 2038 qaod
778 1967 878 2022 falsam
896 1968 990 2048 incudi
1008 1968 1092 2024 faciat
1108 1973 1258 2037 monetam,
1277 1969 1300 2024 si
1319 1986 1385 2025 coa·

137 2059 322 2114 1111111111
340 2055 449 2125 poterit,
471 2069 591 2125 poenam
609 2053 668 2124 peti
686 2052 787 2109 debeat
810 2055 932 2111 talionis.
956 2056 997 2112 10.
1017 2054 1160 2112 Statutnm
1177 2056 1231 2112 fait
1248 2056 1340 2124 etiam,
1360 2057 1383 2111 si

137 2144 202 2216 qais
219 2147 317 2200 contra
335 2141 452 2196 alteram
470 2142 499 2196 ia
514 2140 621 2211 judicio
645 2141 830 2212 proposuerit,
855 2141 931 2212 quod
955 2143 984 2196 ia
1006 2159 1093 2213 regno
1116 2142 1202 2198 ducat
1224 2143 1309 2199 vitam
1334 2159 1384 2214 pa·

138 2231 210 2287 blica
227 2230 385 2296 violentam,
403 2232 432 2284 et
448 2244 505 2284 uon
523 2227 680 2298 convicerit,
709 2228 864 2284 secuudum
888 2229 956 2284 iuris
980 2245 1141 2301 processum
1166 2231 1255 2286 solvet
1278 2229 1384 2285 dimidii

139 2316 279 2374 namatii
294 2315 441 2388 judictam,
460 2329 562 2386 pensas
581 2315 687 2370 scilicet
714 2315 868 2386 sexaginta.
892 2317 934 2372 11.
960 2316 989 2372 Sl
1014 2333 1081 2373 vero
1105 2323 1182 2372 actor
1209 2318 1386 2388 proposuerit

138 2410 236 2462 coatn
253 2419 332 2460 reum
349 2401 425 2474 qaod
443 2402 504 2474 lpse
521 2417 613 2456 rerum
631 2418 745 2457 suarum
764 2402 809 2456 sar
827 2402 956 2470 extiterit,
972 2403 1029 2458 sive
1047 2401 1126 2470 latro,
1145 2408 1173 2458 et
1190 2404 1314 2474 legitime
1326 2419 1383 2459 aun

138 2491 298 2558 convicerit,
313 2489 420 2560 judica
438 2489 496 2544 duo
514 2489 610 2544 solvet
637 2490 677 2544 12.
703 2487 734 2546 Si
758 2489 821 2560 qais
845 2493 939 2544 autem
964 2491 992 2544 ia
1013 2489 1120 2560 jadIcio
1144 2491 1312 2546 constitutas
1336 2490 1384 2547 ad·

140 2579 291 2636 versarium
310 2577 439 2634 suumin
458 2577 616 2650 praesentia
636 2575 739 2648 judicis
763 2577 967 2649 vituperaverit,
989 2577 1125 2648 judicium
1150 2579 1263 2649 linguae
1287 2579 1384 2648 solvet,

139 2667 245 2722 scilicet
263 2665 360 2736 viginti
378 2666 502 2735 quiaque
515 2679 625 2736 pensae
645 2665 686 2720 13.
704 2663 739 2718 Ia
757 2665 911 2733 minoribus
929 2669 1023 2720 autem
1040 2663 1133 2720 cineis
1151 2667 1302 2734 condatur,
1321 2666 1382 2722 solo

136 2753 243 2826 judicio
261 2757 417 2824 agravatar.
441 2752 482 2807 14.
501 2750 531 2806 ei
550 2751 595 2806 cui
613 2749 753 2806 obiectum
779 2751 863 2806 111111
879 2752 907 2806 ia
922 2750 1037 2822 judicio,
1062 2751 1138 2822 quod
1161 2769 1246 2824 saper
1269 2751 1384 2809 domum

140 2841 254 2898 alterius
271 2856 356 2896 mauu
373 2839 480 2895 venerit
497 2837 627 2905 violenta,
646 2843 675 2893 et
691 2853 747 2894 aon
775 2839 924 2895 convicerit
945 2837 1055 2909 justitia
1078 2839 1225 2908 mediante,
1245 2839 1384 2910 judicium

141 2927 246 3000 duplex
264 2929 361 2985 solvet.
384 2927 427 2982 to.
448 2925 594 2982 Adiectum
612 2925 666 2982 tait
684 2926 767 2981 etiam
786 2926 953 2998 praemissis,
980 2925 1056 2996 quod
1083 2927 1111 2980 in
1140 2926 1265 2997 quolibet
1283 2941 1384 2998 genere

141 3015 242 3072 actoris
267 3013 427 3070 adiudicato
451 3011 488 3068 ad
512 3011 647 3082 duellum,
671 3013 729 3068 sive
754 3017 965 3082 sacramentam,
990 3014 1013 3068 si
1038 3017 1131 3084 partes
1155 3014 1384 3084 compositionem

139 3101 261 3170 feceriut,
277 3100 366 3172 jndex
385 3101 458 3156 altra
476 3100 594 3156 sormam
612 3100 820 3171 compositionis
838 3099 959 3168 habitae,
985 3100 1049 3171 plus
1073 3104 1167 3171 petere
1190 3117 1248 3156 aaa
1272 3099 1383 3157 valebit
1504 3155 1512 3168 ,

142 3188 273 3244 16.1tem
290 3188 318 3242 ia
339 3187 414 3244 omui
432 3203 525 3253 cansa
545 3187 604 3243 sive
622 3191 701 3242 ector
718 3203 766 3244 reo
778 3186 893 3254 deferat,
912 3188 969 3243 sive
981 3203 1046 3243 reue
1064 3187 1150 3243 actori
1168 3187 1276 3243 deferat
1293 3203 1385 3242 sacra·

140 3279 279 3343 mentam,
303 3273 391 3346 judex
418 3275 489 3330 inter
515 3275 592 3346 ipsos
619 3273 742 3330 duellum
772 3289 829 3330 nou
857 3278 947 3345 possit
973 3273 1113 3346 judicare,
1141 3274 1190 3330 sed
1218 3291 1268 3346 per
1294 3289 1385 3330 secra·

139 3369 264 3418 meatum
282 3377 368 3418 causa
386 3361 487 3417 debeat
505 3361 654 3429 terminari,
672 3361 724 3415 aiei
743 3365 836 3432 partes
854 3377 971 3417 examen
989 3361 1076 3418 duelli
1087 3362 1290 3434 assumpserint
1302 3378 1384 3434 spon·

139 3457 223 3507 tanea
240 3449 391 3506 voluntate.
410 3451 451 3504 li.
471 3448 570 3504 Extitit
594 3449 678 3504 etiam
700 3447 868 3516 ordiantum,
889 3449 965 3519 quad
983 3465 1069 3504 caum
1086 3449 1228 3506 homicidii
1246 3451 1290 3506 vel
1309 3449 1385 3518 farti,

142 3541 164 3594 si
183 3537 246 3608 qais
267 3551 317 3608 per
335 3541 538 3592 sacramentum
551 3535 740 3592 adiudicatum
759 3552 789 3591 se
807 3535 946 3608 purgabit,
964 3537 1054 3592 solvet
1071 3537 1244 3610 purgationis
1257 3536 1385 3592 denarios

139 3624 332 3697 quadraginta,
350 3629 378 3679 et
396 3624 479 3680 etiam
506 3624 534 3678 ia
559 3623 651 3679 causis
673 3624 816 3678 vinearum
843 3639 876 3678 ac
903 3623 1134 3690 molendinorum,
1153 3625 1175 3679 ei
1194 3623 1384 3680 adiadIoetum

20 3773 23 3796 Ι
138 3713 222 3768 t'uerlt
240 3717 452 3778 sacramentum,
470 3710 544 3766 idem
561 3709 646 3766 debet
660 3709 796 3782 judiciam
821 3710 969 3766 observari.
995 3711 1037 3766 18.
1056 3712 1128 3766 Item
1146 3711 1174 3766 ia
1192 3727 1278 3767 caasa
1301 3727 1384 3782 peca-

139 3799 227 3856 aiaria
244 3813 309 3854 reas
327 3799 471 3854 convictas
493 3798 653 3854 nallatenus
677 3797 760 3854 debet
777 3798 919 3869 captivari,
937 3799 990 3856 uisi
1009 3799 1128 3870 pecnnia
1146 3799 1190 3854 vei
1207 3798 1385 3870 possessione

139 3902 233 3944 carere
250 3887 379 3942 inventae
397 3886 482 3942 suerit
498 3885 655 3940 manifeste.
674 3886 715 3940 19.
734 3885 769 3940 Ι1
787 3885 896 3942 actium
915 3886 998 3950 111111
1016 3885 1082 3941 furti
1101 3885 1158 3942 aive
1170 3886 1326 3953 violandae,
1339 3885 1384 3940 vel

139 3973 288 4031 cuiuslibet
305 3973 441 4040 maleficii,
459 3973 543 4028 bomo
561 3971 794 4044 possessionatus,
819 3973 878 4028 aiae
896 3973 1026 4028 cendone
1046 3972 1219 4028 fideiussoris
1236 3969 1383 4027 iudicetur.

139 4063 182 4118 10.
192 4060 265 4116 Item
272 4060 343 4116 alter
352 4075 403 4131 pro
413 4059 526 4114 alterius
538 4059 648 4126 delicto,
661 4059 733 4114 sicat
745 4064 824 4130 pater
833 4075 884 4131 pro
893 4059 951 4116 filio
962 4060 1144 4131 emancipato,
1157 4058 1201 4114 vel
1213 4075 1229 4114 e
1241 4073 1384 4126 converso,

138 4153 190 4204 aut
200 4147 286 4202 irater
297 4162 348 4218 pro
360 4145 445 4202 fratre
456 4144 599 4202 divisionis
608 4146 690 4202 titulo
700 4151 838 4217 separato,
848 4162 904 4201 non
923 4146 1024 4202 debeat
1033 4145 1210 4218 coadepaari,
1219 4145 1273 4200 nisi
1282 4143 1385 4200 1111111

139 4234 243 4291 conscii
255 4233 301 4290 vel
313 4233 451 4306 particpes
466 4233 587 4288 alania
600 4233 757 4306 perpetrati.
770 4232 826 4290 Sed
841 4234 959 4304 quisque
971 4221 1004 4288 in'
1012 4233 1094 4290 bonis
1107 4233 1225 4304 propriis
1238 4237 1266 4290 et
1278 4233 1383 4303 porcio·

22 4363 28 4398 ἰ
138 4321 221 4376 nibus
234 4321 313 4376 iuxta
324 4335 407 4374 suam
419 4319 549 4374 meritum
560 4323 734 4389 aggravetur.
747 4321 789 4376 21.
802 4319 874 4374 item
886 4320 977 4391 portio
988 4319 1180 4388 haereditaria,
1193 4319 1253 4374 eine
1265 4317 1384 4374 haerede

138 4406 306 4476 decedentia,
326 4406 498 4478 generationi
510 4421 579 4461 suae
596 4405 696 4462 debeat
713 4421 863 4462 remanere.
882 4407 924 4462 22.
942 4405 1002 4462 Nec
1021 4405 1252 4478 praetermitimas
1265 4403 1340 4476 quod
1360 4406 1383 4460 si

139 4501 211 4552 terra
223 4494 341 4550 abcaiaa
353 4493 551 4562 reambulatnr,
557 4492 646 4563 judex
655 4493 691 4548 ad
701 4493 807 4549 fructus
817 4494 861 4549 vel
869 4493 1002 4550 utilitates
1014 4493 1074 4548 cias
1087 4509 1143 4548 aon
1156 4493 1268 4549 debebit
1276 4493 1385 4550 mittere

139 4597 239 4636 manus
252 4597 327 4651 suas,
339 4581 429 4638 donec
446 4595 532 4636 causa
549 4581 620 4636 inter
638 4585 731 4651 partes
744 4580 826 4636 fuerit
838 4581 892 4636 fiae
905 4579 998 4638 debita
1013 4581 1169 4636 terminata.
1181 4581 1222 4636 23.
1235 4580 1309 4636 Item
1320 4595 1384 4636 cam

139 4668 248 4724 hostilis
259 4669 387 4724 incamus
399 4667 444 4724 vel
456 4667 593 4725 uomitus
603 4667 708 4723 venerit
719 4683 804 4739 saper
818 4683 943 4738 regnam,
955 4675 1004 4724 aut
1015 4667 1147 4725 domiuus
1158 4683 1207 4724 rex
1220 4667 1385 4740 processerit
