3544 5344
695 401 841 444 amnena.
1367 377 1389 444 3

199 567 281 622 VIII.
301 572 343 622 15.
364 567 489 626 Octobris
507 569 589 620 1200.
613 563 748 632 Andreas,
772 565 937 631 Dalmatiae,
963 565 1091 620 Croetiee
1116 566 1307 636 Chulmueque
1331 567 1390 622 dux

146 655 292 712 attendens
308 653 410 710 servitii
429 653 596 718 fidelitatem,
615 671 699 722 quem
711 653 749 706 illi
762 653 887 706 Berauns
899 652 1008 722 aegrab.
1022 653 1144 708 decanus
1163 653 1295 720 exhibuit,
1314 653 1392 708 dedit

147 744 185 797 illi
204 744 231 796 in
250 740 535 812 recompensationem
554 741 655 794 servitii
673 749 781 805 terram,
800 757 872 808 quae
891 739 942 793 fuit
959 739 1075 794 Jerosae
1093 740 1220 806 hominis,
1238 741 1390 796 haeredum

147 830 260 884 omniuo
285 827 411 894 carentis,
436 833 545 880 etcum
568 827 665 880 talium
688 825 871 880 haereditates
896 826 931 880 ad
949 827 993 880 ius
1011 826 1128 880 ducatus
1153 827 1262 882 devolvi
1279 827 1390 894 debent,

146 918 190 970 ins
208 916 282 970 idem
300 916 328 970 in
346 916 487 968 Barenum
505 913 625 968 totaliter
646 913 787 967 transferri
810 911 938 970 decrevit
963 913 1130 982 Iobegioncs
1149 931 1205 983 qua
1223 919 1307 968 testes
1327 914 1391 968 suh

148 1003 256 1074 scripti:
280 1003 348 1072 Mog
375 1017 476 1068 comes,
501 1000 634 1055 Nicolaus
662 999 759 1064 benus,
786 999 951 1054 Dominicus
975 1000 1122 1070 episcopus
1150 1017 1230 1072 eegr,
1257 1001 1391 1056 Nicoleus

148 1090 328 1145 archielectus
345 1089 510 1155 zedertInus,
530 1091 586 1142 Ata
603 1103 704 1154 comes,
721 1087 822 1141 Cristol
841 1104 941 1154 comes,
959 1086 1066 1142 Orasun
1085 1105 1185 1156 comes,
1204 1089 1270 1160 Isep
1288 1105 1390 1154 comes,

150 1177 251 1232 Ccreen
276 1192 369 1232 comes
393 1182 421 1231 et
444 1175 543 1229 caeteri
568 1173 732 1244 complures.
761 1174 852 1228 Metae
882 1181 974 1228 autem
1003 1181 1091 1230 terrae
1115 1175 1239 1230 fuerunt:
1267 1177 1311 1230 Ex
1335 1193 1392 1230 una

150 1271 226 1334 perte
244 1263 345 1318 fluvius
363 1264 411 1332 qui
430 1269 543 1316 vocatur
555 1261 655 1326 Dulus,
674 1278 709 1315 ex
727 1261 781 1314 elie
799 1267 877 1331 parte
896 1261 959 1316 villa
971 1261 1038 1316 Pete
1057 1267 1084 1316 et
1096 1261 1176 1328 Vete,
1196 1281 1230 1316 ex
1245 1263 1326 1317 tertia
1343 1279 1391 1317 en-

151 1351 226 1420 tique
241 1351 318 1420 regia
331 1355 423 1416 strate,
444 1355 470 1402 et
483 1347 656 1418 protenditur
674 1364 763 1416 usque
775 1347 810 1402 ed
824 1355 944 1418 pontem,
964 1347 1011 1402 ubi
1029 1349 1198 1404 terminatur.
1217 1349 1324 1403 Datum
1342 1365 1391 1418 per

148 1437 287 1492 Jacobnm
305 1436 496 1508 praepositum
514 1435 676 1504 magistrum
695 1433 774 1488 ducis
793 1440 820 1487 et
838 1434 1039 1488 cancellarium.

202 1525 331 1579 I'lrelds'd:
348 1525 426 1578 Mon.
445 1523 621 1592 episcopatus
638 1521 751 1591 reprat.
770 1523 837 1590 Lp.
858 1526 882 1574 9.

200 1663 253 1718 ΙΧ.
272 1665 390 1720 Bonum
408 1663 558 1732 hetemnI,
578 1665 617 1714 21.
637 1661 795 1716 Novembris
814 1665 893 1714 1200.
912 1661 1091 1716 Innocentius
1109 1661 1162 1715 III.
1182 1678 1257 1732 pepe
1274 1661 1393 1730 iniungit

150 1749 312 1818 nomano)
336 1750 544 1820 archiepiscopo
563 1748 720 1818 Spaleteusi
745 1755 772 1802 et
789 1747 911 1803 Johenni
935 1749 1078 1818 capellano
1104 1765 1163 1814 suo,
1186 1764 1250 1802 cum
1273 1747 1301 1801 iu
1320 1753 1393 1802 terra

149 1835 243 1890 Culini
261 1835 325 1890 bani
344 1836 517 1905 quorundam
535 1836 679 1890 hominum
697 1834 845 1888 multitudo
863 1841 993 1900 moretur,
1012 1835 1059 1902 qui
1077 1834 1112 1888 de
1128 1834 1311 1888 Catharorum
1328 1835 1392 1888 hee·

149 1924 202 1978 resi
221 1929 287 1977 sunt
304 1925 433 1993 suspecti,
459 1929 490 1976 ut
508 1921 542 1975 ad
562 1929 662 1976 terram
682 1923 797 1992 praefati
817 1922 919 1975 OulIIni
938 1921 1078 1986 accedant,
1103 1922 1138 1976 de
1157 1920 1211 1975 fide
1230 1939 1262 1976 ac
1281 1937 1393 1975 couver-

150 2009 257 2064 satione
281 2016 338 2063 tarn
361 2010 449 2079 ipsIus
473 2027 557 2078 quem
583 2011 677 2063 uxoris
702 2015 729 2064 et
746 2009 889 2063 hominum
913 2015 1002 2062 terrae
1021 2023 1089 2061 suee
1106 2008 1254 2077 inquirent,
1280 2008 1392 2076 siquos

150 2095 302 2150 haereticos
325 2097 478 2150 invenerint
501 2095 536 2150 ad
561 2097 646 2151 fidem
664 2097 804 2160 reducant,
829 2101 925 2150 contre
949 2095 1097 2149 renitentes
1120 2101 1214 2149 autem
1238 2093 1392 2148 secundum

150 2181 270 2236 edictum
288 2181 420 2237 adversus
445 2183 597 2238 haereticos
616 2182 773 2254 procedent
793 2184 857 2236 Una
874 2183 1065 2248 communicet,
1091 2181 1166 2251 quod
1185 2182 1308 2236 Heurico
1333 2181 1392 2249 regi

150 2269 246 2338 Hnug.
264 2269 403 2340 scripserit
426 2275 523 2324 contre
546 2270 614 2324 illos.
642 2270 721 2324 Idem
738 2287 786 2323 rcx
806 2269 937 2322 Oulinnm
961 2285 1080 2338 arguens
1099 2275 1126 2322 et
1144 2268 1294 2336 obiurgans
1313 2283 1392 2337 pree-

148 2357 230 2426 cepit,
255 2361 287 2410 ut
309 2355 467 2410 huiusmodi
493 2356 617 2410 homines
642 2355 677 2410 de
701 2361 760 2410 tote
780 2363 853 2409 terre
871 2355 923 2408 sibi
947 2355 1071 2409 subiecta
1095 2353 1285 2424 proscriberet,
1311 2353 1392 2406 bonis

150 2457 245 2497 eornm
270 2442 399 2497 omnibns
422 2443 585 2497 confiscatis.
611 2442 729 2496 Oulinus
754 2449 844 2496 temen
871 2443 1050 2512 semetipsum
1075 2441 1223 2506 excusavit,
1243 2439 1318 2508 quod
1343 2455 1391 2492 eos

149 2527 275 2584 homines
298 2547 355 2584 non
381 2529 534 2582 haereticos
559 2529 607 2583 sed
633 2530 783 2585 catholicos
808 2543 869 2582 esse
893 2527 1030 2594 credebat,
1058 2533 1172 2598 paratus
1196 2525 1333 2596 quosdam
1357 2524 1393 2578 ed

151 2613 245 2670 eedem
262 2615 443 2686 apostolicam
461 2614 606 2669 destinare.

204 2703 335 2757 Theiner:
354 2703 432 2758 Mon.
451 2703 527 2758 Slao.
546 2703 641 2758 merid.
664 2703 692 2757 T.
711 2704 744 2770 I.,
763 2719 790 2772 p.
810 2707 850 2755 15.

203 2842 239 2896 X.
258 2845 378 2899 Romae.
401 2844 549 2908 LaterenI,
569 2847 593 2896 5.
612 2843 767 2897 Decembres
786 2845 862 2894 1200.
887 2840 1067 2894 Innocentius
1085 2839 1137 2896 III.
1157 2855 1231 2910 pepe
1256 2837 1394 2908 significet

151 2927 274 2998 (Ioanni)
292 2930 460 2986 antibarensi
479 2929 696 3001 archiepiscopo,
715 2927 789 2998 quod
803 2927 837 2982 ed
857 2926 1025 2981 audientiam
1039 2926 1098 2980 eius
1114 2943 1148 2979 ex
1163 2925 1260 2978 litteris
1273 2925 1394 2979 Vulcani

150 3015 275 3070 Diochae
286 3019 359 3086 regis
371 3025 399 3072 et
411 3016 534 3071 eiusdem
552 3018 714 3087 archiepisci
732 3015 892 3086 pervenerit,
912 3011 987 3082 quod
1000 3012 1162 3066 DomInicus
1175 3011 1316 3080 qnondam
1329 3027 1393 3064 sue-

150 3103 240 3156 censis
253 3105 408 3174 episcopus,
427 3104 475 3172 qui
494 3121 587 3158 coram
604 3105 748 3175 capellano
767 3101 794 3156 S.
815 3100 985 3154 subdiacono
1004 3104 1032 3154 ct
1050 3099 1141 3168 legato
1160 3096 1234 3150 sedis
1250 3103 1339 3167 apost.
1359 3097 1394 3151 de

151 3187 299 3242 homicIdio
317 3197 463 3244 aecusatus
481 3190 571 3244 iuerat
586 3190 653 3243 etin
670 3189 784 3244 concilio
797 3187 872 3260 apud
886 3187 1048 3242 Antisarum
1067 3184 1252 3256 pontificalem
1271 3185 1393 3253 resigna·

151 3282 229 3328 verat
243 3274 412 3344 dIgnitetem,
431 3276 466 3330 ed
480 3277 664 3347 praesentiam
678 3276 737 3345 ejus
750 3277 907 3346 (pontificis)
920 3275 1081 3329 accessisset
1094 3281 1120 3326 et
1132 3271 1240 3328 rediens
1259 3271 1395 3340 quaedam

151 3361 255 3416 litteras
274 3363 480 3432 archiepiscopo
494 3363 685 3433 praesentavit,
704 3361 806 3430 quibus
825 3363 876 3414 sibi
895 3361 1037 3415 asserebat
1055 3377 1071 3414 a
1089 3360 1218 3429 pontifice
1236 3358 1395 3429 episcopale

152 3449 275 3504 officinm
292 3451 456 3514 restitutum,
476 3450 577 3518 quibus
590 3450 655 3503 visis
667 3450 712 3502 ille
725 3465 788 3502 eum
801 3449 828 3500 iu
841 3449 903 3517 ipsa
916 3447 1032 3501 ecclesie
1047 3445 1173 3512 restituit,
1193 3447 1311 3501 electum
1329 3463 1394 3500 vero

152 3537 315 3608 episcopum
340 3537 508 3592 svecieusem
527 3537 560 3590 G.
580 3537 616 3590 eb
634 3537 731 3589 eadem
752 3534 869 3588 ecclesie
886 3535 1008 3588 removit.
1034 3533 1090 3588 Sed
1110 3533 1251 3603 praefatus
1269 3549 1319 3586 rex
1338 3549 1394 3586 nou

151 3623 266 3678 credens
284 3625 388 3678 litteras
407 3625 521 3696 papales
540 3639 690 3688 emanasse,
710 3628 767 3675 tem
785 3622 877 3691 ipsum
889 3620 1073 3685 Dominicum,
1092 3635 1177 3688 qnam
1193 3619 1310 3672 electum
1323 3618 1394 3687 epis·

152 3727 255 3780 copnm
272 3712 412 3782 praecepit
429 3711 566 3781 pontificis
579 3709 739 3780 conspectui
758 3707 935 3778 praesentari,
955 3712 1051 3776 petens
1064 3705 1180 3769 edoceri,
1200 3703 1267 3772 qnid
1279 3703 1393 3757 duceret

153 3814 227 3868 papa
250 3797 285 3851 de
309 3799 370 3866 ipso
395 3798 507 3866 negotio
532 3796 716 3852 statuendum.
744 3795 872 3850 Praeseto
897 3793 1043 3847 Dominico
1070 3792 1166 3860 fugam
1194 3791 1341 3860 arripiente
1366 3790 1393 3842 in

152 3883 327 3952 Hnngariam
346 3883 437 3936 attulit
455 3885 531 3938 solus
550 3885 697 3954 episcopus
715 3883 898 3936 mentiouetes
916 3881 1028 3944 litterae,
1048 3895 1117 3947 quas
1131 3878 1237 3931 Romae
1253 3894 1303 3946 pro
1315 3876 1394 3930 falsis

152 3976 330 4040 agnoverunt,
353 3971 482 4038 quocirca
499 3969 614 4024 mandet
631 3969 763 4040 pontifex,
783 3975 814 4021 ut
832 3969 993 4037 episcopum
1012 3965 1046 4019 G.
1065 3966 1093 4018 in
1112 3964 1235 4020 officium
1258 3964 1392 4027 restItuat,

151 4057 331 4111 Dominicum
348 4073 422 4122 vero,
441 4058 464 4109 si
483 4056 616 4122 rediverit,
635 4057 663 4108 in
682 4054 822 4124 quoddam
841 4054 1038 4109 monasterium
1056 4050 1188 4105 includat.

207 4143 342 4197 Theiner:
360 4146 434 4198 Mon.
453 4142 527 4196 Sina.
546 4143 640 4196 merid.
660 4145 690 4206 1,
709 4147 751 4194 13.

205 4293 256 4346 XI.
276 4293 310 4347 Α.
330 4296 409 4345 1200.
430 4290 557 4345 Andreae
575 4289 633 4344 dux
651 4289 815 4354 Dalmatiae,
835 4287 961 4341 Oroatiae
985 4291 1013 4339 et
1031 4284 1177 4340 Slavouiae
1201 4283 1305 4336 intrans
1331 4280 1394 4334 civi·

150 4387 238 4435 tatem
255 4379 475 4448 dhegrrriensem,
493 4378 541 4431 nbi
560 4393 615 4430 une
634 4395 651 4430 e
669 4377 741 4430 clero
760 4382 787 4429 et
805 4374 934 4428 uniuerso
953 4371 1057 4442 poprdo
1076 4371 1103 4423 in
1122 4370 1226 4424 honore
1245 4373 1272 4421 et
1290 4364 1395 4436 gaudio

151 4473 280 4537 receptus
297 4465 394 4519 lendes
413 4465 583 4535 hymnidicas
602 4465 712 4532 recepit,
731 4462 875 4516 confirmet
893 4460 995 4513 civitati
1014 4457 1156 4528 privilegia
1174 4456 1198 4509 ei
1217 4455 1253 4509 ab
1271 4459 1395 4508 anteces-

152 4554 263 4609 soribus
282 4553 339 4606 suis
357 4568 497 4608 concessa.

205 4639 327 4694 Lucius:
346 4639 387 4691 De
404 4653 488 4708 repro
509 4637 672 4692 Dalmatiae
689 4642 715 4690 et
735 4635 866 4689 Oroatiae
893 4631 1102 4686 Schwandtner.
1124 4628 1150 4684 Τ.
1171 4631 1233 4696 III,
1250 4645 1278 4696 p.
1291 4629 1354 4752 ³19.
