3488 5380
21 4699 35 4730 ἱ

703 455 847 497 assasse.
1329 429 1391 496 207

201 609 474 674 rictiovarus.
494 621 536 671 29.
556 617 821 674 MartiisselaIV.
845 635 893 673 rex
918 619 1049 685 notificat,
1073 617 1149 688 quod
1177 635 1242 674 cum
1269 619 1303 674 de
1328 634 1394 674 oen-

149 707 213 762 silio
233 707 370 761 baronum
390 721 504 760 suorum
523 710 588 776 post
605 721 745 760 recessum
762 705 950 772 Tartarorum,
963 711 1051 760 terras
1064 722 1114 761 seu
1127 707 1182 760 alia
1193 707 1257 776 jura
1269 707 1393 761 acasfiis

149 809 200 864 per
218 794 376 864 qnempiam
399 791 520 847 indebite
545 798 681 864 occupata
699 794 744 848 vel
761 793 882 862 detenta,
900 809 949 864 per
967 798 1057 848 totum
1075 811 1192 862 regnum
1210 793 1334 849 diversos
1348 795 1394 864 ju·

148 879 225 934 dices
250 879 453 946 constituendo,
475 881 597 934 revocari
623 887 651 934 et
674 880 771 934 caruis
791 881 899 934 restitui
923 879 1041 947 iecisset,
1061 881 1131 934 inter
1148 885 1257 935 caetera
1275 885 1394 934 tractum

148 971 288 1020 terrarum
308 983 357 1036 per
375 970 465 1019 totum
483 965 622 1020 Banatum
634 967 707 1020 ultra
718 966 840 1020 Dravam
860 966 1045 1034 existentium,
1061 965 1203 1038 Stephano
1217 966 1291 1022 bano
1304 968 1394 1021 tocius

148 1051 298 1108 Slavoniae
315 1057 343 1107 at
361 1053 507 1123 capitaneo
526 1053 635 1124 Styriae
654 1052 763 1108 duxerit
781 1052 1010 1120 commitendam
1028 1059 1095 1108 tnnc
1119 1055 1191 1108 inter
1214 1055 1284 1108 alios
1311 1053 1393 1108 adve-

148 1145 251 1195 nerunt
263 1139 359 1196 fideles
371 1139 498 1210 Babonig
509 1147 537 1197 et
551 1141 710 1212 Stephanus
723 1143 838 1196 comites
851 1140 1024 1210 querulando
1047 1155 1131 1211 super
1144 1145 1216 1196 terra
1229 1139 1394 1210 Wodychan

148 1228 176 1281 in
202 1243 259 1297 qna
279 1225 446 1297 jobagiones
464 1229 546 1282 castri
564 1227 599 1282 de
619 1227 754 1298 Dobyeha
773 1233 859 1282 terras
884 1227 1004 1282 duarum
1029 1227 1155 1282 villarum
1179 1228 1286 1282 ratione
1310 1228 1394 1282 castri

148 1313 254 1384 Beedig
271 1317 298 1368 et
322 1313 446 1384 Mekuyn
472 1319 650 1385 occuparunt,
676 1314 859 1384 producentes
884 1314 958 1369 idem
982 1315 1097 1370 comites
1121 1315 1227 1370 litteras
1251 1313 1393 1372 Hemerici

149 1405 177 1454 ct
195 1399 319 1455 eiusdem
342 1399 426 1456 Betae
450 1399 503 1456 IV.
517 1417 613 1469 regum
638 1417 722 1456 aurea
746 1401 821 1455 bulla
840 1401 1028 1471 consignatae,
1054 1402 1155 1472 quibua
1179 1401 1320 1472 inspectis,
1345 1416 1395 1456 rex

149 1486 263 1541 easdem
286 1493 372 1542 terras
398 1487 437 1541 eis
462 1488 578 1557 reliquit.
599 1488 724 1553 Quarum
742 1493 816 1542 meta
833 1488 936 1558 incepit
954 1506 970 1542 a
988 1489 1079 1559 capite
1097 1487 1178 1542 rivuli
1197 1487 1323 1556 Zuonna,
1345 1488 1394 1558 qni

149 1572 224 1628 cedit
242 1574 269 1628 in
289 1573 402 1628 fiuvium
421 1574 506 1642 Zana,
525 1579 553 1628 et
570 1575 598 1628 in
616 1574 732 1628 fiuvium
751 1574 816 1629 Vna
822 1593 829 1641 ;
850 1591 932 1646 porro
950 1574 1026 1630 vadit
1037 1581 1111 1630 meta
1123 1591 1173 1646 per
1185 1574 1305 1630 rivulum
1318 1573 1394 1628 Ster-

150 1661 247 1730 gomla
266 1667 293 1716 ct
311 1660 436 1716 ascendit
453 1661 488 1716 ad
508 1661 595 1716 alium
613 1663 733 1717 rivulum
753 1663 876 1732 Mequin,
896 1663 943 1732 qui
962 1661 1081 1718 caditis
1101 1662 1295 1732 Storgomlam.

203 1749 231 1801 Ε
247 1749 431 1818 &assumpto
442 1749 578 1818 Stephani
593 1749 661 1804 bani
677 1751 763 1804 tetius
772 1750 922 1806 diaconiae
932 1756 957 1805 et
969 1751 1100 1806 Oresteae
1112 1750 1145 1806 de
1156 1750 1223 1806 dcto
1234 1750 1394 1820 Zaprabiae

152 1839 195 1889 14.
222 1837 289 1890 Noe.
317 1839 396 1890 1352.
421 1837 452 1891 in
476 1838 686 1906 congregatione
702 1837 826 1907 generali
852 1839 1043 1892 astomorum
1066 1837 1201 1892 namium
1224 1844 1250 1892 et
1273 1839 1394 1893 cuiascis

112 1937 115 1944 ’
151 1921 321 1978 conditionis
339 1929 365 1978 et
381 1929 472 1979 statua
492 1924 633 1980 bominum
656 1926 687 1979 ia
711 1939 794 1994 regno
819 1923 970 1980 Sisoosiae
994 1925 1170 1980 existentium
1193 1924 1332 1980 celebrata
1356 1925 1395 1980 ad

145 2010 308 2078 petitionem
326 2009 432 2080 Dugmi
444 2011 504 2078 filii
521 2011 660 2066 Radoeiai
681 2011 737 2079 filii
756 2011 893 2080 Redemit,
917 2012 1048 2080 consecto.
1075 2013 1109 2065 ln
1128 2011 1247 2068 arcium
1266 2013 1395 2066 comitum

151 2095 266 2166 Biagas‘.
286 2097 341 2152 Ns.
360 2101 396 2150 32
414 2115 433 2152 a
451 2099 524 2153 licei.
538 2097 669 2167 Lopsiit.

200 2237 392 2294 DGXOVIII.
407 2241 483 2294 1256.
496 2243 538 2294 20.
551 2240 668 2308 Aprilis.
682 2239 841 2312 Capitulum
854 2241 920 2295 eccl.
932 2241 1014 2308 Zagr.
1027 2239 1159 2308 notificat,
1172 2239 1248 2312 quod
1260 2257 1325 2295 cum
1337 2257 1395 2295 ma·

147 2325 233 2394 gister
250 2325 405 2380 Beroaldus
425 2327 548 2396 phisicus
567 2326 593 2380 d.
613 2328 686 2396 regis
700 2327 784 2382 Belae
799 2345 862 2382 cum
884 2327 983 2384 litteris
997 2328 1176 2398 preceptosiis
1193 2328 1266 2397 regis
1285 2333 1313 2382 ct
1330 2343 1394 2382 cum

149 2428 256 2467 eorum·
271 2413 384 2468 homine
408 2413 554 2484 capitulari
586 2415 790 2484 possessionem
815 2413 977 2480 Glavnicha‚
1002 2431 1074 2484 quae
1099 2413 1240 2484 quondam
1265 2413 1393 2468 Welialai

150 2499 210 2554 sine
228 2498 347 2554 haerede
366 2501 493 2556 masculo
512 2499 688 2555 decendentis
708 2501 767 2556 iore
779 2501 983 2570 dinoscebatur,
996 2502 1080 2556 aimari
1092 2518 1155 2556 cum
1169 2501 1395 2572 possessionibus

151 2585 340 2640 castrensibus
359 2587 386 2639 in
406 2585 503 2641 eadem
527 2586 681 2642 Glasnicha
699 2589 792 2644 comiti
811 2589 942 2643 Parthico
961 2589 1106 2660 capitaneo
1132 2588 1264 2643 Grecensi
1283 2589 1395 2657 (Zegre-

149 2672 250 2740 biensi)
264 2673 422 2728 convocatis
436 2675 632 2729 commetaneis
645 2679 673 2728 et
686 2675 781 2728 vicinis
794 2675 1003 2742 reambulatam,
1020 2674 1218 2745 possidendam
1231 2676 1394 2744 assignaret,

151 2775 270 2830 cumque
288 2759 361 2814 idem
380 2761 532 2831 capitulum
552 2779 608 2815 una
625 2778 689 2816 cum
708 2761 781 2816 dioto
795 2761 901 2832 phisico
914 2769 942 2816 et
955 2763 1088 2817 canonico
1101 2763 1234 2817 ecclesiae
1246 2762 1393 2829 Budensis,

150 2845 302 2901 Nicolaum
322 2853 349 2901 et
366 2847 486 2902 Paulum
507 2849 653 2916 magistros
672 2854 699 2902 et
717 2850 918 2904 concanonicos
938 2850 1071 2904 eeclesiae
1087 2849 1168 2918 Zagr.
1187 2847 1222 2902 sd
1242 2847 1395 2919 predictam

150 2933 399 2989 reambnlationem
418 2935 623 3003 transmisisset,
642 2936 753 2990 tandem
767 2937 850 2991 bomo
866 2938 959 3005 regius
978 2953 1042 2992 cnm
1060 2935 1199 2990 canonicis
1217 2951 1268 2990 nec
1282 2953 1337 2990 non
1350 2951 1395 2990 co-

149 3020 216 3076 mite
227 3019 355 3090 Nicolao,
372 3022 531 3077 vicecomite
549 3022 585 3077 de
604 3023 763 3090 Morovcha,
780 3041 828 3094 per
840 3023 1014 3093 Stephanum
1030 3023 1134 3076 banum
1146 3023 1231 3085 totins
1245 3022 1393 3077 Slavoniae

149 3107 186 3162 ad
205 3107 258 3162 bec
276 3109 433 3178 specialiter
458 3109 591 3180 deputato
617 3110 763 3165 redeuntes
788 3115 815 3164 et
838 3109 980 3178 negotium
1008 3110 1067 3162 sine
1091 3109 1149 3162 ulla
1174 3106 1391 3163 contradictione

149 3195 329 3250 terminantes
347 3195 398 3250 has
416 3201 505 3250 metas
522 3196 701 3252 invenerunt:
720 3197 813 3252 Prima
831 3195 944 3266 quidem
962 3196 1092 3266 incipite
1110 3199 1188 3266 parte
1207 3193 1345 3264 aquilonis
1362 3195 1392 3246 in

150 3287 246 3337 monte
264 3281 394 3338 Felreten
412 3267 489 3350 (Crni
508 3282 585 3352 breg)
604 3283 678 3338 unde
696 3284 724 3338 in
743 3284 889 3354 supercilio
909 3283 1058 3352 vulgariter
1076 3281 1181 3336 Beerch
1203 3282 1298 3350 (Breg)
1322 3281 1393 3334 inter

150 3367 249 3423 fluvios
267 3369 400 3426 maiorem
419 3375 447 3424 et
464 3370 600 3424 minorem
614 3369 794 3424 Glasnicham
814 3369 850 3425 ad
868 3371 1001 3424 orientem
1019 3384 1130 3434 versus3
1152 3368 1217 3422 item
1236 3383 1286 3439 per
1304 3367 1394 3420 sarias

149 3460 245 3520 metas,
264 3461 373 3510 montes
391 3461 419 3510 st
436 3461 523 3512 terras
536 3455 571 3510 ad
584 3456 710 3510 arborem
723 3458 873 3528 populeam
886 3456 933 3510 ubi
947 3455 1103 3510 Glavnicha
1115 3455 1204 3510 minor
1216 3453 1396 3522 coniungitur

151 3543 256 3609 maiori,
275 3543 369 3612 ibique
387 3549 475 3598 terrae
495 3560 529 3598 ex
548 3549 626 3613 parte
650 3544 724 3598 finvii
750 3544 864 3599 minoris
889 3542 1026 3613 pertinent
1051 3541 1087 3596 ad
1116 3541 1231 3610 nobiles,
1257 3557 1292 3595 ex
1316 3545 1395 3612 parte

149 3645 214 3684 vero
233 3629 344 3682 maioris
357 3627 393 3682 ad
406 3631 535 3684 comitem
550 3630 712 3684 Parthinum
731 3631 758 3684 in
779 3630 880 3700 palude
899 3645 999 3699 nempe
1018 3628 1131 3684 maioris
1144 3627 1332 3694 Glavnichae;
1350 3641 1398 3680 ve·

151 3717 225 3770 nitur
237 3713 272 3769 ad
286 3715 476 3785 monticulum,
494 3717 542 3786 qni
555 3722 597 3771 est
609 3717 680 3771 inter
697 3716 795 3772 fluvios
809 3717 963 3772 Glavnicha
981 3721 1008 3770 et
1027 3715 1149 3784 Blagusa
1166 3721 1195 3770 et
1213 3730 1262 3786 per
1280 3713 1396 3782 longum

149 3804 273 3874 spatium
292 3809 319 3858 et
338 3803 432 3874 plures
450 3809 539 3858 metas
557 3804 702 3858 revertitur
720 3803 755 3858 ad
776 3804 901 3873 primam.

201 3892 250 3946 Ex
268 3891 381 3946 archivo
399 3890 531 3946 camerali
552 3891 682 3946 Budenei.
707 3890 826 3944 Weusel:
848 3890 913 3945 God.
932 3891 1001 3958 dipl.
1021 3890 1121 3958 erpad.
1141 3889 1205 3944 VII.
1227 3891 1290 3940 tte.

205 4015 368 4071 DOXOIX.
386 4014 517 4077 Buduae,
537 4017 612 4068 1256.
634 4017 678 4067 20.
697 4014 814 4081 Apsilia.
832 4013 897 4068 Bela
909 4013 961 4068 IV.
974 4031 1022 4068 rex
1036 4012 1129 4068 scribit
1141 4010 1243 4066 dilecto
1260 4009 1395 4080 compatri

151 4120 204 4159 suo
217 4101 377 4160 Alexandro
401 4101 495 4156 comiti
512 4117 621 4171 supano
640 4101 675 4154 de
694 4100 769 4154 Olieh
789 4099 909 4168 (Glisas),
930 4099 1005 4170 quod
1019 4117 1083 4154 cum
1094 4099 1190 4153 fideles
1203 4098 1276 4152 cives
1289 4097 1394 4164 Tragu-

152 4191 257 4246 rienses
275 4196 331 4244 tam
356 4193 435 4258 grata
454 4187 592 4242 fidelitatis
618 4188 753 4256 obsequia
777 4188 802 4242 ei
821 4193 848 4242 et
866 4204 966 4242 corone
985 4185 1171 4257 impenderint
1190 4187 1303 4255 propter
1321 4198 1393 4252 quae

153 4294 251 4332 eornm
269 4277 407 4332 civitatem
425 4281 533 4346 gratam
551 4275 648 4342 habet;
669 4275 803 4346 praecipit
816 4291 881 4343 ergo
894 4275 934 4327 illi
946 4275 1060 4328 firmiter
1073 4279 1100 4326 et
1112 4272 1242 4336 districte,
1256 4275 1394 4339 quatenns

152 4364 235 4420 dictis
252 4363 359 4419 civibus
377 4369 468 4418 astare
491 4363 592 4418 debeat
616 4363 731 4417 consilio
757 4368 784 4416 et
809 4362 921 4428 auxilio,
951 4377 1002 4414 nec
1026 4361 1103 4430 ipsos
1127 4363 1222 4413 contra
1240 4357 1395 4412 libertatem

152 4467 203 4507 seu
223 4450 365 4522 privilegia
383 4467 479 4505 eorum
498 4466 547 4521 per
566 4467 595 4504 se
614 4451 657 4504 vel
676 4466 725 4519 per
742 4449 810 4503 elios
830 4449 977 4503 molestare
996 4447 1090 4516 aliquo
1109 4444 1201 4512 modo,
1221 4445 1280 4500 iura
1299 4459 1395 4498 eornm

150 4545 210 4594 tam
228 4539 257 4592 in
276 4537 369 4604 vineis,
389 4553 474 4608 quam
492 4539 520 4592 in
539 4537 706 4606 agricultura
721 4537 828 4591 illibata
841 4533 1038 4601 conservando,
1053 4550 1102 4588 nec
1119 4538 1265 4588 extraneos
1279 4531 1307 4584 in
1319 4531 1396 4585 terri·

150 4627 223 4683 torio
242 4627 366 4696 ipsorum
384 4625 516 4693 habitare,
536 4642 587 4681 nec
605 4626 696 4682 colere
714 4642 797 4694 agros
816 4629 864 4678 ant
883 4624 987 4690 vineas,
1006 4623 1074 4692 ipsis
1093 4620 1192 4686 invitis,
1212 4618 1360 4690 permittat.
1437 4629 1445 4642 ’

205 4713 326 4772 maus:
345 4711 428 4769 Mem.
446 4715 477 4770 di
497 4715 580 4769 Trea.
598 4730 629 4782 p.
653 4718 693 4767 77.

468 4817 470 4824 ¹
1292 4800 1310 4836 it
