3544 5344
710 389 853 432 amnena.
1359 369 1400 434 37

161 553 239 610 ducit
256 553 284 608 in
302 554 394 608 rivum
413 553 574 621 Mertuvica,
592 552 693 610 deinde
711 553 746 610 ad
764 555 853 610 rivum
871 555 991 622 Ohonin,
1009 561 1037 610 et
1055 572 1104 626 per
1118 556 1208 611 varias
1219 563 1308 612 metas
1326 557 1406 614 arbo·

162 658 224 700 reas
243 641 278 697 ad
297 643 388 696 rivum
401 641 530 696 Oostniaa
548 647 576 696 et
594 642 695 696 siccam
714 641 881 709 Oostninnm,
901 649 929 698 et
947 642 982 700 ad
1001 644 1090 698 rivum
1109 645 1208 712 Mlaca‚
1222 651 1250 700 et
1262 645 1298 700 ad
1316 646 1406 717 ripam

164 730 289 800 Ztrngna
315 745 405 800 nsque
432 729 467 784 ad
494 728 604 784 Seram.
623 729 724 784 Terrae
748 728 824 785 Selia
843 730 933 801 prima
951 737 1025 786 meta
1043 747 1060 785 a
1078 731 1155 786 fonte
1173 731 1309 788 Zlatousti
1327 734 1407 788 iuxta

163 817 307 872 ecclesiam
326 833 347 870 s.
365 815 484 870 Joannis
502 815 651 883 Babtistao‚
670 816 746 872 vadit
757 817 793 872 ad
806 817 895 872 rivum
908 817 991 885 Odra,
1010 819 1084 872 venit
1102 819 1137 873 ad
1150 819 1238 874 rivum
1251 819 1405 876 secundum

161 901 228 960 dicti
245 903 331 958 fontis
349 903 485 958 Zlatousti
503 908 530 958 et
547 903 641 958 linitur
658 904 686 958 in
705 904 795 974 capita
814 904 910 974 ipsius.
938 905 1039 960 Terrae
1058 904 1208 962 Chemelec
1225 907 1314 976 prima
1332 913 1406 962 meta

162 995 191 1050 in
209 1009 313 1064 magna
330 991 430 1046 arbore
448 991 504 1062 sagi
521 991 600 1046 iuxta
617 991 705 1046 rivum
732 989 845 1048 Jelseuc
863 1009 912 1062 por
929 998 1051 1047 montem
1069 992 1105 1048 ad
1123 994 1223 1049 vallem
1242 999 1269 1048 et
1286 994 1314 1048 in
1332 995 1406 1049 viam

163 1083 191 1136 in
210 1081 354 1136 cacumine
371 1079 481 1146 montis,
500 1078 536 1133 ad
553 1095 686 1150 magnum
703 1079 823 1134 hornum
841 1085 869 1134 et
887 1095 936 1150 per
953 1079 1044 1134 varias
1058 1087 1145 1135 metas
1158 1081 1288 1136 arboreas
1305 1081 1405 1136 iterum

163 1168 199 1223 ad
216 1169 307 1224 rivum
323 1167 492 1222 Jelschevec.
511 1167 612 1222 'lemae
630 1165 728 1220 Rucha
746 1172 820 1220 meta
837 1167 1007 1222 contermina
1020 1175 1062 1222 est
1077 1174 1165 1223 terrae
1177 1167 1336 1234 Munnalov,
1354 1169 1404 1224 sci-

162 1257 227 1312 licet
244 1255 364 1311 filiorum
387 1254 527 1310 Macharei
551 1253 666 1320 comitis,
691 1253 756 1308 inde
774 1253 809 1308 ad
829 1253 940 1320 zaram,
965 1253 1028 1309 inde
1046 1253 1074 1308 in
1093 1255 1253 1322 Lachinam,
1272 1255 1337 1310 inde
1354 1271 1404 1326 per

162 1343 261 1399 silvam
279 1341 314 1400 ad
333 1342 450 1413 primam
468 1345 578 1396 meum.
597 1342 699 1396 Terrae
718 1341 870 1410 Quiquinilr
888 1347 962 1396 meta
979 1340 1122 1396 descendit
1139 1359 1156 1396 a
1173 1341 1234 1396 loco
1252 1343 1281 1396 in
1294 1343 1405 1398 Lcmni-

163 1449 231 1498 asm,
251 1429 375 1486 ascendit
402 1428 437 1483 ad
456 1427 570 1484 flurium
597 1428 656 1496 Sea,
675 1427 799 1484 ascendit
817 1427 852 1482 ad
872 1427 976 1482 bivium
994 1429 1125 1496 Pomnev‚
1143 1429 1208 1484 inde
1225 1430 1254 1484 in
1272 1431 1404 1486 Roriam

163 1519 286 1585 flurium,
306 1516 370 1572 inde
396 1533 446 1588 per
473 1515 572 1570 vallem
599 1513 670 1570 redit
696 1515 725 1570 in
744 1513 872 1570 Calnucz.
892 1515 998 1570 Datum
1016 1533 1066 1586 per
1083 1533 1183 1571 manus
1200 1517 1322 1586 Hugrini
1340 1533 1404 1572 cau·

162 1605 273 1671 cellarii,
292 1603 422 1659 Bertoldc
446 1603 591 1669 colocensi,
617 1601 723 1658 Caleno
746 1601 1035 1674 quinqueecclesiensi‚
1060 1602 1204 1674 Stephano
1231 1604 1402 1674 aagrabiensi

162 1693 310 1765 episcopis,
329 1692 458 1746 Bancone
476 1689 557 1758 bano,
577 1689 672 1746 Ochun
689 1691 785 1745 curiali
803 1691 910 1746 comite.

219 1795 349 1854 malae:
367 1797 446 1852 Mon.
465 1800 532 1866 opta
549 1812 625 1866 soor.
643 1796 668 1866 Ι,
684 1813 713 1866 p.
733 1800 777 1850 36.

215 1921 292 1976 01x.
311 1921 345 1976 A.
364 1923 440 1974 1217.
459 1919 586 1976 Andreas
605 1919 635 1974 11
653 1937 710 1986 rex,
729 1937 792 1974 curn
811 1925 884 1975 esset
901 1921 929 1974 in
949 1919 1111 1990 exequendo
1129 1921 1226 1976 itinere
1244 1923 1405 1992 assumptae

162 2010 252 2066 crucis
279 2007 315 2064 ad
342 2013 467 2064 sanctm
493 2013 595 2063 terram
622 2009 807 2078 proficiscens,
832 2008 907 2062 venit
923 2007 1088 2077 Zagrabiam
1107 2013 1134 2062 et
1152 2007 1188 2061 ad
1206 2007 1405 2062 monasterium

162 2097 342 2168 ragnahiense
361 2113 378 2150 a
395 2113 417 2150 s.
435 2095 566 2150 Ladislao
590 2112 655 2165 rege
680 2101 875 2160 constructum,
901 2095 949 2164 qui
971 2101 1071 2148 terram
1094 2093 1257 2149 Sclavoniae
1275 2095 1332 2150 sive
1351 2095 1404 2148 Ba-

162 2189 260 2239 natnm
278 2183 315 2238 ab
332 2199 424 2238 errore
441 2181 613 2238 idololatriae
631 2181 667 2236 ad
685 2182 911 2236 christianitatem
924 2181 1057 2235 convertit
1070 2185 1097 2235 et
1109 2197 1227 2236 coronae
1241 2181 1405 2250 Hungariae

163 2271 328 2340 subiugavit,
348 2270 395 2340 qni
414 2270 497 2325 etiam
514 2269 543 2323 in
562 2269 659 2324 eodem
678 2269 785 2323 Banatu
814 2269 1006 2339 episcopatum
1024 2269 1142 2322 instituit
1160 2275 1187 2322 et
1205 2269 1405 2324 monasterium

163 2375 184 2414 s.
203 2357 339 2429 Stephani
357 2358 430 2426 regis
447 2357 608 2423 construxit,
628 2355 876 2426 supplicationibus
895 2355 1018 2427 episcopi
1037 2361 1065 2410 et
1082 2356 1196 2426 capituli
1207 2355 1404 2425 aagrahiensis,

163 2451 193 2500 ut
210 2445 304 2500 omnia
321 2443 464 2515 privilegia
482 2459 565 2514 super
584 2442 710 2514 praediis,
730 2442 952 2514 possessionibus
971 2449 999 2496 et
1016 2441 1197 2507 libertatibus,
1210 2447 1268 2496 tam
1286 2459 1336 2496 as.
1349 2443 1403 2496 La-

161 2531 251 2587 dislao
268 2547 341 2601 rege,
361 2531 451 2601 primo
468 2529 624 2596 fundatore,
643 2547 728 2600 qnam
747 2531 830 2585 etiam
848 2547 865 2583 a
883 2529 1142 2600 praedecessoribus
1155 2530 1221 2595 suis,
1241 2529 1403 2600 praesertim

162 2637 179 2674 a
196 2619 281 2674 trabe
299 2623 327 2673 et
344 2633 409 2687 rege
435 2617 585 2672 Homerico
611 2616 743 2672 ecclesiae
770 2617 940 2686 zagrahiensi
959 2617 1067 2683 collata,
1087 2617 1239 2671 secretioris
1258 2623 1286 2671 et
1304 2617 1402 2671 solens—

162 2707 248 2762 nioris
266 2707 309 2760 sni
328 2704 418 2775 sigilli,
445 2703 571 2760 videlicet
598 2721 699 2759 aureae
725 2704 808 2759 hulae
826 2705 984 2770 munimine,
1009 2705 1190 2770 confirmaret,
1210 2709 1289 2774 grato
1307 2703 1402 2758 volens

162 2809 305 2850 accurrere
323 2809 447 2860 assensn²
465 2791 561 2848 habito
578 2792 694 2847 consilio
707 2792 831 2847 omnium
843 2799 1005 2862 magnatum
1020 2809 1142 2858 suorum,
1156 2791 1248 2845 omnia
1262 2791 1404 2861 privilegia

163 2881 295 2936 ecclesiae
313 2897 363 2951 per
380 2879 576 2934 cancellarium
592 2879 744 2948 Ugolinum
763 2895 856 2933 coram
874 2879 1050 2934 multitudine
1064 2878 1167 2948 perlegi
1180 2878 1252 2942 fecit,
1272 2885 1300 2932 et
1317 2895 1403 2932 aureo

163 2967 253 3038 sigillo
281 2983 333 3022 suo
359 2967 539 3032 confirmarit,
567 2965 722 3036 adjungens
750 2983 840 3038 porro,
860 2973 890 3020 ut
908 2966 1001 3020 nullus
1019 2966 1117 3032 banus,
1136 2965 1198 3018 sive·
1212 2965 1248 3018 sit
1265 2964 1300 3018 de
1318 2963 1403 3033 regali

163 3055 296 3124 progenie
314 3053 372 3108 sive
390 3051 425 3107 de
443 3053 626 3122 magnatibus,
654 3060 815 3124 praesumat
841 3053 961 3124 populos
979 3052 1109 3107 ecclesiae
1127 3068 1220 3106 coram
1239 3067 1269 3104 se
1287 3051 1315 3104 in
1334 3050 1403 3104 iudi-

162 3141 236 3194 cium
253 3141 370 3207 trahere,
398 3146 446 3195 aut
472 3139 634 3195 descensum
662 3145 763 3210 petere,
784 3147 832 3194 aut
850 3140 1016 3194 marturinae
1034 3156 1084 3193 seu
1108 3154 1329 3208 quamcumquae
1348 3137 1403 3192 col·

162 3227 262 3283 lectam
280 3228 397 3298 exigere,
415 3227 562 3297 iniungens
580 3227 654 3281 bano
672 3243 723 3282 seu
741 3226 805 3282 duci
818 3245 868 3298 pro
880 3233 1004 3298 tempore
1017 3226 1175 3290 constituto,
1189 3223 1263 3294 quod
1282 3223 1403 3278 decimas

163 3315 376 3370 marturlnarum
394 3316 518 3370 omnium
536 3315 713 3370 collectarum
725 3315 856 3385 episcopo
869 3314 991 3385 plenarie
1004 3312 1156 3384 persolvat;
1170 3311 1304 3366 decimam
1317 3311 1400 3366 etiam

163 3403 288 3458 omnium
305 3402 471 3458 tributorum
488 3401 647 3467 sorensium,
667 3417 716 3457 sen
735 3400 856 3456 decimas
875 3407 1025 3472 proventus
1044 3407 1183 3471 portuum,
1202 3399 1308 3454 solvere
1329 3413 1403 3454 com·

163 3489 254 3560 pellat
274 3488 378 3544 Statuit
405 3507 494 3560 porro,
523 3495 554 3544 nt
580 3489 702 3560 populns
729 3489 861 3543 ecclesiae
889 3489 917 3541 in
943 3486 1047 3541 nullius
1065 3486 1126 3540 soro
1144 3485 1278 3540 tributum
1296 3485 1401 3539 solvere

163 3583 286 3647 cogatru.
304 3576 436 3647 Disponit
453 3577 545 3642 etiam,
565 3576 655 3646 »quod
674 3576 737 3632 lieet
749 3591 892 3646 nunquam
905 3579 1017 3629 moneta
1028 3573 1128 3643 regalis
1141 3573 1169 3626 in
1181 3587 1268 3641 regno
1280 3571 1403 3625 Banatus

165 3679 214 3718 seu
231 3663 351 3720 ducatus
369 3663 443 3718 lacta
460 3661 543 3718 luerit
560 3663 596 3718 ah
622 3663 716 3733 aliquo
743 3678 832 3732 reget,
851 3667 943 3716 tamen
968 3661 991 3714 sl
1010 3677 1027 3714 a
1045 3658 1250 3714 successorihus
1269 3657 1327 3712 suis
1344 3657 1403 3713 fieri

164 3751 316 3822 contigerit,
334 3751 409 3820 quod
427 3767 476 3808 rex
495 3768 550 3806 non
569 3750 662 3817 credit,
682 3750 802 3822 populus
821 3749 953 3804 ecclesiae
970 3748 1147 3802 mercimonia
1165 3763 1217 3800 sua
1230 3743 1347 3800 emendo
1359 3745 1403 3798 rel

164 3837 310 3894 vendendo
336 3836 403 3894 dare
430 3855 485 3892 non
513 3838 695 3909 compellatur
721 3854 772 3908 pro
796 3836 901 3902 eadem,
927 3852 978 3890 nec
996 3836 1079 3890 etiam
1097 3841 1271 3888 monetarum
1290 3830 1403 3902 aliquod

163 3924 254 3980 sonam
278 3925 402 3996 episcopi
419 3943 504 3981 causa
522 3925 692 3982 exercendae
710 3931 838 3980 monetae
856 3922 987 3978 accedere
1005 3923 1097 3992 aliquo
1110 3919 1194 3976 modo
1207 3924 1400 3990 praesumam

164 4013 186 4067 si
204 4013 308 4068 inventi
325 4011 435 4080 fuerint,
453 4013 481 4068 in
499 4029 607 4068 carcere
624 4013 800 4068 detineantur
818 4017 845 4066 et
863 4027 959 4067 omnes
978 4025 1021 4064 res
1034 4025 1100 4063 suas
1112 4007 1276 4062 ammittant
1295 4005 1401 4062 Datum

165 4117 213 4171 per
230 4115 330 4156 manus
348 4099 473 4170 magistri
491 4100 604 4170 Ugolini
622 4099 703 4154 aulae
720 4117 741 4154 r.
761 4097 924 4154 cancellarii.

214 4187 291 4242 luter
309 4186 480 4258 subscriptos
508 4185 629 4240 Salanus
655 4186 780 4242 heccles.
808 4191 835 4240 et
862 4183 1021 4256 Stephanus
1040 4183 1188 4253 episcopus
1206 4178 1402 4250 sagrabiensis,

165 4273 262 4330 Bsnko
280 4274 377 4340 banus,
397 4274 491 4330 Ochus
509 4273 619 4329 curialis
637 4289 738 4329 comes.

215 4359 295 4416 Idem
313 4361 486 4432 privilegium
504 4361 714 4416 confirmarunt:
734 4361 795 4417 Rex
814 4359 881 4414 Bela
898 4357 942 4413 IV
960 4374 977 4412 a
996 4357 1064 4412 1269
1082 4371 1167 4410 aurea
1178 4353 1268 4419 hulla;
1281 4368 1330 4408 rex
1343 4351 1403 4408 Ste-

166 4445 274 4518 phanus
292 4447 336 4502 IV
354 4465 378 4516 a,
398 4448 480 4515 1272;
500 4446 616 4502 Carolus
634 4447 773 4503 Robertus
792 4464 817 4501 a
838 4447 914 4512 1318,
933 4443 1093 4515 Stephanus
1110 4440 1168 4496 dux
1188 4441 1267 4506 1353;
1286 4456 1335 4494 rex
1348 4438 1401 4494 La·

166 4531 270 4590 dishm
287 4535 331 4591 1v
350 4551 374 4590 a
394 4536 469 4590 1492.

220 4654 347 4713 staldt'd:
363 4655 441 4713 Mon.
459 4655 635 4726 ephaenetus
651 4655 764 4726 search.
784 4657 807 4710 1.
820 4671 851 4725 p.
872 4659 915 4707 44.
