3480 5356
707 412 852 468 seems.
1335 399 1399 466 283

209 581 405 644 ouxovm.
430 585 507 644 1268.
525 585 567 642 15.
585 585 694 642 librili.
719 585 881 658 Capitulum
905 586 1022 657 Zegrab.
1046 585 1179 644 ecelesiae
1203 591 1302 642 uotum
1327 587 1402 658 feeit,

156 673 234 744 quod
246 675 409 732 eonstitutis·
422 675 452 730 in
470 674 529 730 eins
548 673 706 745 praesentia
721 672 759 728 sb
771 688 828 729 una
840 679 919 746 perte
930 673 1063 744 magistro
1081 673 1165 729 Drisa
1182 673 1285 730 lectore
1303 675 1401 730 eeeles.

156 759 269 829 usgrab.
292 765 321 816 et
340 761 377 816 ab
395 761 482 817 ultera
508 760 631 831 Georgio
655 760 804 831 iobngione
832 760 1036 818 Grueiierorum
1061 759 1096 816 ds
1121 759 1150 816 S.
1174 761 1304 830 Martiuo,
1327 761 1401 816 idem

158 844 299 916 Georgius
327 855 448 918 quatuor
471 847 598 904 homiues
625 847 729 904 seilicet
753 846 829 903 Peuk
853 852 880 903 et
904 847 1022 902 Psulsm
1045 862 1160 902 uxorem
1184 848 1252 915 eins,
1277 852 1306 902 et
1329 846 1402 902 filios

158 931 314 989 eorundem
338 931 441 988 Wlkek
466 939 557 990 setsts
581 935 714 990 maiorem
740 939 768 990 et
791 934 945 990 Mertinum
970 935 1113 1002 moerens,
1137 933 1284 990 eouiessns
1307 939 1350 990 est
1372 950 1402 989 se

158 1017 319 1075 vendidisse
337 1021 410 1091 petri
428 1019 583 1091 Tymotlseo
610 1021 744 1092 episeopo
769 1021 886 1090 Zagrab.
912 1037 962 1092 pro
986 1021 1084 1090 viginti
1102 1020 1225 1091 quinque
1243 1021 1337 1092 pensis
1355 1020 1402 1076 de·

158 1105 303 1161 uariorum
329 1105 558 1178 Zagrsbienaium
584 1123 657 1178 quse
681 1108 804 1178 quinque
827 1123 934 1162 meroes
957 1112 1025 1162 tune
1051 1106 1200 1163 fodiebant
1228 1108 1319 1178 Super
1346 1123 1403 1178 qno

159 1207 226 1248 eum
245 1191 405 1265 prsedietus
422 1193 498 1250 Penk
515 1209 587 1250 uxor
604 1199 633 1249 et
650 1193 700 1248 iiiii
718 1195 779 1249 eins
797 1192 917 1249 fidsseut
937 1193 1069 1264 requisiti,
1094 1193 1304 1265 responderunt,
1328 1193 1403 1264 quod

160 1276 254 1334 dietus
272 1277 412 1350 Georgius
430 1297 499 1337 usna
517 1281 571 1336 fuit
588 1279 682 1336 debita
706 1279 838 1336 facultate
862 1285 890 1336 et
914 1281 1005 1352 potiut
1028 1297 1076 1336 eos
1099 1280 1226 1349 vendere,
1242 1281 1308 1352 quia
1333 1283 1405 1336 servi

159 1364 221 1420 eius
239 1363 415 1421 haereditarii
433 1367 591 1422 extiterunt.
610 1367 828 1438 designaritque
852 1367 1009 1438 praedictus
1028 1367 1167 1438 Georgius
1185 1367 1404 1424 iurisdietionem

160 1455 189 1506 et
208 1449 406 1523 proprietatem
423 1451 560 1509 dictorum
581 1453 727 1509 homiuum
745 1457 773 1508 et
790 1453 868 1525 ipsos
891 1453 1017 1510 homiues
1041 1470 1107 1510 oum
1130 1455 1278 1512 nascituris
1304 1471 1338 1511 ax
1363 1455 1403 1510 sis

158 1536 274 1595 domino
295 1539 436 1611 episeopo.

216 1623 349 1682 misso:
367 1628 441 1684 uon.
460 1625 525 1684 tos.
545 1629 573 1680 r.
593 1615 662 1696 sp.
681 1631 738 1682 zer.

213 1763 382 1820 GMXLIX.
400 1767 477 1822 1268.
497 1769 537 1822 17.
555 1765 667 1822 Martii.
687 1767 777 1822 Meris
794 1767 890 1837 regius
915 1765 1011 1838 Huug.
1030 1768 1163 1834 notificet,
1179 1767 1255 1839 quod
1268 1784 1332 1823 eum
1344 1783 1404 1824 sus·

161 1851 247 1907 dtsts
264 1851 410 1922 questione
428 1852 500 1908 iuter
517 1853 646 1909 comitem
664 1852 829 1923 Gregorinm
849 1853 939 1908 filium
957 1853 1077 1910 Iubarus
1089 1853 1212 1910 nobilem
1230 1853 1265 1910 de
1286 1853 1404 1925 Gimigio

160 1938 199 1994 ab
216 1953 274 1994 nna
291 1942 370 2009 purte
389 1943 417 1993 et
434 1938 555 2009 populos
579 1939 691 2010 reginae
708 1938 744 1994 de
762 1939 827 1995 ville
851 1939 934 1996 Berin
957 1956 993 1996 ex
1015 1941 1102 1996 altera
1126 1946 1240 2013 propter
1264 1939 1406 2011 quandam

161 2029 265 2082 terrem
282 2023 319 2080 sd
337 2029 445 2096 septem
463 2031 619 2082 aratrorum
636 2041 721 2096 quam
748 2025 822 2082 idem
846 2043 939 2082 eomes
962 2026 1000 2082 sb
1023 2025 1128 2084 eisdem
1153 2028 1266 2099 populis
1294 2027 1406 2083 nomine

165 2127 236 2168 suae
254 2115 343 2167 terrae
360 2109 560 2168 bseredituriae
578 2111 614 2168 de
632 2111 753 2168 iuhsrus
776 2119 929 2186 oeoupstee
953 2113 1050 2170 ordine
1073 2113 1218 2170 iudiciario
1240 2113 1406 2184 requirebat,

162 2199 288 2256 duellum
305 2197 495 2256 adiudicatum
512 2201 585 2256 inter
603 2205 697 2272 psrtes
714 2201 862 2268 extitisset;
881 2200 994 2257 tandem
1013 2202 1171 2258 constitutis
1188 2201 1216 2256 iu
1235 2217 1301 2257 area
1318 2200 1405 2257 duelli
1526 2211 1536 2228 ·

164 2291 193 2341 et
210 2285 382 2342 eertoutibus
401 2285 544 2356 pugilibus
561 2287 707 2356 utriusque
727 2287 820 2358 pertis,
839 2287 1026 2344 mediantibus
1044 2287 1195 2360 proborum
1213 2287 1335 2344 virorrun
1347 2292 1405 2343 stu·

162 2371 219 2428 dits
235 2372 401 2444 compositio
414 2371 484 2428 inter
502 2388 551 2428 eos
568 2372 729 2428 huiusmodi
746 2373 910 2430 intervenit.-
927 2373 1003 2444 quod
1022 2373 1175 2445 Gregorius
1192 2375 1283 2445 ipsam
1300 2380 1403 2430 terrem

163 2459 278 2532 populis
301 2457 407 2516 dimisit
430 2459 588 2530 recipiendo
613 2459 710 2530 viginti
731 2475 840 2516 mareas
864 2461 945 2517 titulo
961 2462 1187 2532 ,compositionis
1211 2461 1314 2518 Postea
1337 2476 1403 2516 sero

161 2562 227 2602 eum
245 2544 319 2602 idem
337 2561 431 2602 eomes
449 2547 610 2616 Gregorius,
636 2547 722 2616 regni,
747 2547 858 2618 reginus
877 2553 905 2603 et
922 2547 1005 2603 Betae
1022 2547 1087 2604 duei
1105 2548 1191 2603 totius
1209 2546 1358 2604 Slsvonise
1375 2553 1404 2602 et

162 2632 293 2690 croatiae
309 2631 583 2704 irreprehensibiliter
602 2634 759 2692 servivisset
780 2639 892 2706 propter
919 2634 988 2690 hese
1015 2633 1126 2690 servitis
1145 2635 1280 2705 praestita
1301 2633 1403 2689 dietam

161 2725 264 2776 terram
281 2718 317 2775 de
328 2717 511 2791 beneplacito,
530 2721 713 2788 conniventis,
733 2720 876 2777 voluntate
894 2725 923 2776 et
939 2732 1078 2778 eouseusu
1090 2721 1167 2791 regin
1180 2737 1213 2776 ae
1225 2719 1305 2776 duos
1318 2719 1401 2776 Belae

161 2810 315 2862 memorato
333 2807 428 2864 eomiti
445 2809 553 2864 restitui
571 2808 635 2864 feeit
652 2824 701 2876 per
719 2807 803 2878 ipotb
816 2809 945 2866 eomitem
964 2807 1190 2877 seguestiensem.
1209 2807 1299 2878 Cujus
1315 2811 1404 2866 terrae

163 2898 239 2948 meta
257 2899 368 2965 seperst
385 2894 475 2966 ipssm
496 2905 597 2950 terram
621 2911 639 2948 e
662 2899 736 2948 terra
759 2894 867 2948 Zimsm
891 2899 919 2948 et
943 2893 1095 2964 Osseenag,
1119 2892 1219 2948 dende
1241 2909 1290 2965 per
1314 2893 1404 2948 sarias

162 2986 254 3038 metus
272 2979 404 3036 arboress
422 2982 498 3038 veuit
515 2980 550 3036 ad
569 2981 642 3036 viem
661 2997 710 3052 per
728 2997 812 3052 quarn
829 2982 885 3038 itur
901 2979 937 3037 sd
956 2981 1054 3036 Ziman
1073 2979 1173 3036 deiude
1191 2979 1227 3034 sd
1246 2997 1333 3036 unum
1351 2981 1402 3034 vir·

162 3067 272 3140 guitum
290 3067 367 3138 quod
385 3068 486 3124 dieitur
511 3069 595 3140 Mega
619 3067 733 3138 (medjs)
751 3067 852 3124 deinde
870 3067 906 3123 ad
924 3073 1012 3124 metes
1031 3073 1135 3123 terreas
1159 3067 1319 3137 Seeghntar,
1343 3082 1405 3138 per·

163 3155 239 3210 venit
256 3153 292 3210 ad
310 3159 400 3210 metas
419 3154 473 3210 sub
491 3154 574 3210 domo
596 3154 767 3211 Gumulebin
792 3159 898 3210 erectas
916 3160 945 3210 et
962 3155 1125 3210 terminetur
1143 3155 1220 3208 iuxta
1239 3159 1340 3208 terram
1358 3169 1403 3209 oe·

162 3241 238 3296 mitis
256 3240 384 3312 Gregorii
409 3241 518 3298 Iberus.
542 3241 648 3298 Datum
672 3257 722 3313 per
746 3257 846 3296 msuus
873 3241 1015 3298 Laurentii
1043 3240 1192 3312 praepositi
1221 3239 1287 3297 Soti.
1314 3239 1405 3296 Irenei

164 3327 323 3384 sirmiensis
341 3327 423 3384 sulae
441 3328 664 3384 vieeeuuoellsrii.

222 3415 340 3472 Weosel:
361 3415 426 3472 (iod.
444 3414 513 3484 dipl.
526 3415 635 3484 Arpad.
658 3415 741 3472 7111.
759 3419 817 3469 193.

216 3554 304 3612 otiu
317 3554 428 3613 Bndse.
438 3557 515 3608 1268.
528 3555 621 3626 Erney
633 3554 732 3623 banus,
744 3553 830 3623 iudex
842 3553 943 3624 eurise,
956 3571 1050 3612 eomes
1061 3555 1145 3611 castri
1157 3553 1246 3624 ferrei,
1259 3553 1404 3626 siguificat,

162 3639 239 3713 quod
250 3641 279 3696 in
292 3641 397 3698 oetavis
410 3657 542 3714 oynerum
554 3641 683 3710 Kemiuo,
695 3641 849 3712 Reynoldo,
862 3642 945 3698 Isask
957 3641 1116 3712 filiisEbed,
1127 3641 1270 3713 Gregorio,
1284 3641 1405 3696 Murtiuo

163 3727 200 3783 de
218 3727 311 3796 Ouud,
339 3727 421 3798 Issep
439 3733 467 3783 et
484 3727 608 3783 Kenesio
625 3727 661 3784 de
679 3727 824 3785 Sueborod
849 3727 886 3784 ab
910 3745 966 3783 uuo
990 3735 1077 3798 purte,
1104 3729 1183 3800 Gyair
1210 3730 1281 3784 buno
1304 3729 1406 3784 eomite

164 3812 330 3881 Zaladieuai,
349 3819 377 3870 et
393 3813 503 3872 Jacobo
521 3813 579 3870 tilio
597 3814 703 3871 Pouieh
722 3833 772 3886 pro
791 3816 853 3886 ipso
872 3815 977 3872 Peuieb
995 3833 1030 3872 ex
1048 3817 1142 3884 aluta,
1161 3832 1254 3872 eoram
1272 3832 1337 3886 rege
1354 3831 1405 3886 pro

163 3899 295 3957 tribunali
314 3901 436 3969 sedente,
453 3901 619 3970 constitutis,
638 3900 712 3957 idem
730 3903 838 3958 Kemeu
857 3908 885 3958 et
902 3903 969 3960 socii
994 3902 1186 3958 exhibuissent
1205 3903 1310 3958 litteras
1335 3901 1407 3956 iudi·

164 3988 251 4044 oiales
269 3987 371 4060 quibus
391 3987 572 4046 ostenderunt
589 3988 708 4058 eundern
726 3989 833 4045 Ponioh
851 3990 941 4060 primo
959 4005 1052 4046 eoram
1066 4006 1115 4046 sex
1127 3988 1273 4056 iudicibus,
1284 3987 1406 4046 seeundo

165 4091 259 4133 eorem
278 4076 341 4146 ipso
359 4091 425 4146 rege
443 4081 471 4130 et
488 4074 640 4132 baronibus
658 4075 694 4131 de
711 4077 777 4132 vitio
796 4093 846 4132 seu
865 4082 931 4132 note
948 4077 1103 4132 calumniae
1121 4077 1188 4132 iuris
1207 4074 1303 4132 ordine
1320 4075 1407 4131 fuisse

164 4163 322 4220 eonviotom
346 4167 374 4218 et
397 4177 493 4218 omues
512 4163 704 4234 possessiones
732 4180 798 4219 snas
822 4163 897 4219 dieto
920 4163 1049 4234 Kemyno
1077 4169 1105 4220 et
1128 4163 1210 4218 eoeiis
1233 4161 1406 4218 adiudicatae

165 4249 259 4306 fuisse.
285 4249 410 4308 Tandem
428 4250 463 4305 ad
483 4251 644 4322 petitionem
662 4251 735 4322 regis
754 4250 837 4306 iidem
861 4249 935 4307 dieto
958 4251 1064 4306 Ponieb
1082 4249 1268 4306 sdiudioatam
1288 4265 1406 4320 poenum

165 4337 338 4403 remiserunt,
357 4343 385 4393 et
403 4337 438 4392 sd
456 4337 619 4408 petitionem
637 4335 762 4394 eiusdem
780 4343 808 4393 et
825 4337 937 4393 domiue
958 4337 1052 4406 regine
1071 4341 1099 4392 et
1116 4336 1197 4392 Ohair
1215 4335 1280 4392 boui
1299 4335 1406 4390 comitis

165 4423 262 4482 Zalad.
282 4424 374 4480 fratris
393 4423 459 4480 dieti
477 4424 590 4490 Ponieh,
615 4423 651 4480 de
669 4423 892 4494 possessionibus
906 4423 958 4478 sibi
973 4423 1139 4494 adjudicetis
1157 4424 1335 4478 restituerunt
1353 4421 1405 4492 ipsi

165 4509 256 4568 Ponit
274 4517 330 4568 tres
349 4512 541 4582 possessiones
564 4527 638 4580 snas,
656 4511 760 4568 Nienke
781 4510 916 4580 videlieet,
934 4511 1042 4580 Losteg
1059 4515 1087 4566 et
1105 4509 1249 4566 Seuhorod
1268 4511 1296 4565 in
1315 4509 1405 4580 Gopro

41 4652 46 4660 ,
167 4599 256 4656 niensi
275 4603 303 4654 et
320 4598 405 4654 eesui
422 4599 503 4654 ferrei
521 4597 699 4654 eomitatibus
717 4599 874 4656 existentes.

217 4681 313 4753 Feles:
336 4685 401 4742 (lod.
420 4684 488 4755 aiot
511 4685 540 4741 Τ.
553 4683 625 4741 -m
644 4683 696 4742 ool.
716 4687 738 4740 1.
753 4701 785 4755 p.
802 4688 864 4742 351.
