3464 5382
692 417 839 464 monere.
1328 396 1392 466 165

142 585 197 642 100
214 584 334 642 cubulos
352 600 480 642 annonae
506 601 571 640 cum
595 585 703 641 calculo
727 589 847 656 quatuor
865 585 1030 657 palmarum.
1057 585 1172 642 Terram
1189 585 1326 643 dictorum
1344 589 1393 648 ho

141 673 248 744 spitum
266 687 351 744 porro
369 673 450 730 metis
469 672 610 740 distinxit;
635 671 794 744 etquidem
812 673 902 744 prima
920 673 1017 745 incipit
1034 691 1051 729 a
1068 679 1147 746 parte
1165 673 1339 732 meridionali
1357 677 1392 733 de

142 777 247 832 magua
264 761 317 828 ria,
343 776 416 832 quae
435 761 472 816 de
488 759 602 816 Vaecba
628 759 706 816 ducit
730 775 827 816 versus
845 759 1008 828 Wereuche,
1033 760 1097 816 inde
1120 777 1218 817 vorsus
1242 767 1394 819 torrentem
1483 791 1486 796 ·

145 847 278 904 nuceta
295 848 399 920 potoch
416 847 609 920 protendendo
628 863 677 918 per
695 847 786 902 variae
803 851 900 913 metas,
919 863 969 918 per
987 847 1129 917 planitiem
1147 853 1175 904 ot
1192 849 1284 920 sylvas
1303 850 1392 906 tendit

141 933 179 991 ad
198 935 306 1008 sylvam
332 934 474 991 Kabonak
500 935 537 990 ad
564 939 714 990 torrentem
742 933 826 990 Sdua
844 933 932 1006 potok
951 939 978 989 et
996 933 1031 990 sd
1051 936 1132 1001 mam,
1159 953 1232 1006 quae
1251 941 1294 992 est
1311 937 1391 993 iuxta

140 1021 251 1094 sylvam
271 1025 365 1091 Βιιιιι,
385 1028 413 1080 et
429 1025 531 1079 iterum
548 1023 707 1095 pervarias
726 1027 815 1078 metas
832 1027 936 1078 terreas
955 1027 983 1078 et
1000 1021 1131 1078 arboreas
1149 1022 1185 1077 ad
1203 1022 1305 1079 flumen
1321 1023 1391 1079 Ver·

140 1111 239 1181 euobe,
258 1111 359 1167 deinde
377 1110 413 1166 ad
432 1111 524 1166 villam
543 1110 614 1177 Due,
634 1113 662 1165 et
679 1109 768 1165 tendit
785 1110 813 1164 in
832 1109 960 1165 Dumbro
978 1115 1005 1166 et
1022 1126 1072 1181 per
1090 1111 1195 1182 ligneas
1214 1117 1303 1168 metas
1316 1112 1393 1168 venit

139 1199 179 1254 ad
196 1200 270 1255 viam
290 1199 388 1271 Kyrict
405 1204 443 1266 ut,
462 1205 490 1256 et
507 1215 558 1271 per
576 1196 693 1253 eandem
705 1197 779 1253 viam
791 1195 826 1252 ad
839 1197 974 1270 Lypocha
991 1197 1116 1268 fluvium,
1133 1197 1247 1254 indeed
1259 1215 1391 1270 magnam

143 1287 227 1356 viam,
247 1304 320 1358 quae
339 1287 416 1343 ducit
433 1285 469 1342 ad
487 1285 609 1342 Woroad
627 1291 655 1342 et
671 1302 722 1358 per
738 1285 893 1358 Lipocbam
911 1286 1026 1341 inferius
1051 1283 1127 1342 cedit
1143 1287 1172 1340 in
1190 1285 1305 1342 fluvium
1322 1287 1391 1342 Bur-

140 1373 225 1442 zacb;
243 1375 308 1430 hinc
326 1373 415 1430 tendit
426 1374 461 1430 ad
475 1374 614 1448 gurgitem
633 1371 804 1444 Chodoycba
818 1377 846 1428 et
860 1373 939 1430 iuxta
957 1373 1080 1428 Dravam
1098 1371 1213 1427 inferius
1231 1372 1267 1426 ad
1286 1377 1389 1430 terram

141 1460 277 1518 ecclesiam
295 1461 331 1517 de
349 1461 489 1530 Bobocha,
508 1467 537 1517 et
553 1459 617 1516 inde
636 1459 791 1531 separando
803 1459 838 1516 de
850 1460 945 1515 Drava
961 1459 1037 1514 venit
1048 1458 1084 1515 ad
1102 1464 1253 1516 torrentem
1270 1461 1390 1519 Donach

139 1553 172 1604 et
189 1547 264 1604 cadit
281 1549 310 1604 in
328 1547 443 1604 flurium
460 1548 604 1616 Pieechna,
623 1553 651 1604 et
667 1565 717 1620 per
735 1548 868 1620 planiciee
886 1548 915 1602 iu
934 1547 1015 1616 rim,
1034 1564 1106 1618 quae
1118 1547 1196 1606 ducit
1212 1549 1242 1603 in
1260 1549 1388 1620 Belcber,
1454 1608 1461 1616 ,,

140 1639 172 1692 et
190 1636 327 1692 transiens
345 1637 419 1692 uam
437 1634 473 1692 ad
490 1636 606 1694 fluvium
625 1635 833 1707 Silachovycba,
853 1639 881 1691 et
898 1641 963 1706 post
980 1630 1071 1690 varies
1089 1641 1177 1691 metas
1192 1636 1267 1692 venit
1284 1635 1320 1692 ad
1338 1637 1388 1694 flu·

138 1723 220 1778 vium
237 1721 386 1794 Kopynna
414 1727 442 1778 et
459 1739 509 1794 per
526 1723 600 1778 uam
618 1727 647 1778 et
664 1739 714 1794 per
732 1723 824 1795 sylvas
849 1722 924 1778 veuit
948 1721 984 1778 ad
1007 1722 1097 1779 Ebres
1115 1727 1144 1779 et
1161 1723 1266 1780 siluam
1292 1724 1390 1794 Ebres,

144 1815 177 1866 et
193 1809 319 1884 procedit
336 1825 432 1866 versus
450 1808 595 1866 Grabroob
613 1815 641 1866 et
658 1811 755 1866 silvam
775 1809 927 1872 Grabroch‚
949 1815 977 1866 et
997 1809 1076 1866 iuxta
1094 1810 1192 1868 silvam
1209 1811 1334 1883 persenit
1352 1811 1387 1868 ad

135 1913 273 1970 maguam
292 1897 375 1965 siam,
392 1913 464 1968 quae
481 1895 517 1952 de
535 1898 640 1953 Waelra
658 1897 735 1954 ducit
751 1897 787 1954 ad
807 1897 984 1965 versuumn,
1004 1904 1032 1954 et
1056 1915 1106 1970 per
1124 1898 1241 1962 eandem
1258 1916 1391 1971 magnam

136 1983 216 2042 viam
234 1983 385 2040 reflectitur
402 1983 438 2040 ad
457 1985 582 2056 primam.
600 1985 705 2040 Datum
725 2001 774 2057 per
792 2000 892 2042 manus
910 1985 1067 2042 cancellarii
1085 1986 1210 2056 magiffl
1228 1985 1309 2042 Altus
1331 1986 1389 2043 the·

144 2071 265 2128 merarii
282 2071 404 2128 albensis
422 2071 562 2128 ecclesiae.

193 2143 243 2198 Ec
261 2143 333 2198 actia
351 2157 365 2198 c
382 2141 463 2212 reperi
480 2141 594 2198 arctico
613 2141 754 2196 Pastinum
773 2141 884 2196 oblatis.
903 2144 938 2197 N.
956 2143 990 2198 B.
1009 2143 1044 2198 A.
1064 2142 1147 2200 Fare.
1167 2145 1229 2198 590.
1249 2145 1283 2198 N.
1302 2147 1347 2199 29.

192 2245 314 2304 DLVII.
341 2249 420 2302 1248.
445 2250 492 2302 26.
511 2245 643 2304 Octobris.
675 2245 744 2302 Belo
760 2246 813 2304 IV.
838 2263 895 2314 rex,
920 2247 1100 2304 consideratis
1119 2247 1248 2304 fidelibus
1273 2249 1391 2305 servitiis

135 2333 266 2406 magistri
284 2333 444 2402 Andronici,
463 2333 514 2390 filii
524 2333 652 2390 Andreae
665 2334 700 2390 de
713 2349 815 2406 genere
833 2335 1020 2404 Kaderlraluc,
1039 2335 1130 2392 eidem
1148 2335 1284 2408 quasdam
1301 2341 1389 2394 terras

135 2423 224 2479 castri
252 2421 288 2477 de
319 2422 467 2494 zaccharia,
496 2421 623 2478 videlicet
645 2423 741 2494 Pbeoy
767 2429 796 2478 et
822 2423 952 2479 Priizlom
976 2423 1099 2492 (Pribiin)
1125 2439 1213 2495 prope
1236 2423 1389 2480 confinium

135 2509 221 2580 regni
250 2507 411 2580 designatas
438 2525 490 2582 pro
516 2515 589 2565 terra
615 2509 797 2574 descensuali
823 2516 855 2566 ut
880 2509 956 2566 idem
973 2511 1001 2566 iu
1020 2510 1149 2567 custodia
1176 2511 1289 2567 confinii
1309 2513 1389 2583 regui

136 2596 283 2669 vigilando
302 2596 448 2669 providem
465 2597 580 2654 baberet
596 2597 776 2668 diligentiam,
795 2598 873 2654 ducit
885 2597 1073 2665 conferendas,
1093 2603 1121 2654 et
1133 2613 1181 2654 eas
1195 2613 1245 2668 per
1257 2597 1388 2654 comitem

137 2683 222 2744 Olrolr
240 2683 329 2740 lilium
351 2683 431 2741 Okoh
452 2683 536 2753 jubet
559 2684 704 2755 assignari.
732 2685 807 2753 Quia
824 2691 917 2740 mmen
941 2685 988 2740 ille
1006 2686 1040 2741 A.
1058 2685 1181 2741 confisus
1199 2683 1235 2740 de
1253 2684 1386 2756 operibus

137 2787 208 2830 auae
227 2770 373 2844 probitatis
401 2787 485 2842 super
512 2770 671 2828 detentione
699 2772 809 2828 illarum
837 2778 973 2828 terrarum
999 2771 1107 2844 regium
1125 2771 1300 2844 privilegium
1318 2779 1386 2830 tunc

135 2859 261 2932 recipere
280 2860 509 2930 praetermiserat,
527 2860 654 2929 cogitans
671 2859 748 2930 ipsas
765 2864 853 2914 terras
866 2875 916 2930 per
927 2875 1007 2914 suam
1025 2858 1190 2914 industriam
1208 2875 1292 2930 posse
1310 2875 1390 2916 com·

137 2947 223 3004 mode
240 2946 372 3015 detinere,
391 2946 552 3018 Stephanus
570 2946 660 3003 banus
672 2948 763 3004 tocius
775 2946 923 3003 Slavoniae
935 2954 963 3003 et
975 2946 1122 3018 Philippus
1140 2947 1290 3018 epiecopus
1304 2947 1386 3018 Zagr.

137 3036 243 3107 quibua
262 3051 359 3090 omnes
376 3040 463 3090 terras
490 3035 580 3106 ipsine
606 3035 690 3092 castri
715 3034 836 3091 indebite
864 3040 1015 3106 occupatae
1042 3035 1186 3090 restituere
1204 3038 1385 3106 praeceperat

133 3139 193 3188 rex,
211 3123 290 3194 ipsae
307 3126 394 3177 terrae
413 3121 593 3178 restituerunt
608 3129 699 3180 castro
708 3122 857 3189 antedicto,
875 3139 940 3178 cum
951 3121 1128 3177 Andronicus
1146 3121 1256 3177 nullum
1268 3121 1387 3178 haberet

137 3209 275 3282 scriptum
292 3209 443 3265 munimen.
470 3208 533 3264 Rex
550 3207 711 3264 desiderans
738 3209 917 3265 donationem
944 3225 1023 3264 suam
1049 3225 1226 3279 nequaquam
1251 3209 1385 3276 minuere,

137 3297 188 3354 sed
216 3297 312 3368 potius
338 3303 535 3366 augmentare,
566 3295 745 3352 considerans
773 3297 906 3352 continua
933 3311 1046 3366 quoque
1073 3295 1214 3352 fidelitatie
1242 3295 1386 3366 obsequia,

138 3399 214 3456 qnae
230 3381 306 3438 idem
325 3365 358 3438 A'.
376 3389 435 3438 tam
452 3383 524 3438 ciros
542 3383 679 3438 maritima
696 3400 781 3454 quam
799 3383 866 3438 alibi
888 3381 996 3438 studuit
1014 3381 1152 3450 exhibere,
1176 3383 1328 3440 accedente
1346 3384 1387 3440 in·

137 3486 233 3542 super,
260 3469 332 3524 siout
355 3486 391 3526 ex
414 3469 600 3526 insinuatione
624 3470 690 3528 boni
708 3473 736 3526 et
753 3471 904 3526 multorum
928 3471 1046 3526 aliorum
1074 3469 1133 3541 regi
1150 3471 1279 3538 innotuit,
1308 3470 1384 3542 quod

137 3557 213 3613 idem
231 3555 410 3612 Andronicus
427 3561 540 3628 propter
558 3557 703 3613 tuitionem
721 3557 834 3613 confinii
851 3557 925 3612 illius
945 3556 1097 3628 plurimum
1115 3557 1284 3622 fructuosus,
1301 3559 1386 3616 immo

137 3645 314 3702 necessarius
337 3643 486 3700 habeatur:
514 3635 687 3716 praedictam
711 3644 889 3703 donationem
914 3659 998 3714 super
1024 3643 1135 3699 duabus
1158 3645 1238 3700 terris
1263 3645 1386 3716 quinque

138 3737 304 3796 aratrorum,
322 3749 340 3788 a
356 3737 508 3787 memorato
527 3735 618 3787 castro
637 3733 781 3804 exemptis,
804 3737 892 3786 ratam
910 3731 994 3787 habet
1012 3731 1105 3786 Motae
1123 3737 1211 3788 terrae
1229 3731 1385 3787 secundum

137 3819 261 3876 indicem
278 3819 432 3874 litterarum
450 3819 559 3875 comitis
578 3819 658 3877 Okoh
677 3826 756 3875 eunt:
774 3819 867 3874 Prima
885 3817 922 3874 ab
940 3819 1046 3875 oriente
1070 3817 1145 3890 apud
1164 3817 1292 3874 arborem
1310 3817 1386 3874 tiliae

137 3907 248 3963 habens
266 3905 384 3962 viduam
402 3911 503 3962 terram
522 3908 605 3962 cosmi
623 3906 658 3962 de
676 3905 781 3974 liubul,
799 3905 900 3962 deinde
919 3905 955 3962 ed
975 3922 1108 3962 cacumen
1126 3905 1237 3972 montis,
1262 3903 1311 3960 ubi
1329 3921 1386 3961 me·

138 3999 214 4050 tatur
232 4009 297 4048 oum
315 3993 371 4048 filio
388 3993 523 4062 lornant,
546 4011 595 4066 per
612 3998 735 4049 montem
752 3992 789 4049 ad
808 3993 880 4049 duae
898 3999 986 4048 metae
1006 3993 1105 4048 subtus
1123 3993 1235 4062 Hirsva,
1254 3992 1302 4048 ubi
1320 3993 1385 4050 vici-

139 4085 223 4137 natur
241 4079 321 4136 terris
348 4081 496 4137 Krisanich
523 4082 724 4148 castrensibus;
751 4097 848 4136 versus
867 4081 1039 4136 occidentem
1065 4097 1114 4151 per
1138 4097 1236 4135 nemus
1263 4081 1338 4136 cadit
1355 4081 1385 4136 in

139 4170 231 4225 rivum
250 4167 356 4235 Vrbna,
376 4185 526 4239 perquem
544 4169 663 4224 venitin
681 4169 797 4224 fluvium
815 4168 948 4224 Sannione
967 4173 994 4222 et
1012 4173 1132 4222 metatur
1149 4183 1213 4222 oum
1230 4171 1302 4222 terre
1323 4168 1384 4224 Ma·

139 4255 250 4327 rechay,
269 4255 335 4311 inde
352 4255 426 4312 cadit
443 4257 471 4310 in
491 4255 658 4323 Sinnioham,
678 4261 706 4311 et
723 4261 843 4310 metatur
859 4273 922 4311 cum
934 4261 1007 4310 terre
1026 4255 1101 4309 Glire
1120 4253 1290 4323 filii1(ular)
1308 4255 1383 4322 bani,

139 4349 170 4398 et
186 4343 263 4398 vonit
279 4343 315 4398 ad
333 4349 437 4399 metam
455 4344 554 4400 subtus
572 4349 701 4412 montem,
719 4343 814 4414 ibique
832 4343 964 4398 adhaeret
981 4348 1054 4398 terra
1072 4341 1186 4411 Segora,
1215 4345 1243 4395 et
1260 4339 1337 4397 vadit
1354 4343 1382 4397 in

138 4431 232 4486 rivum
250 4431 356 4500 Vrbna,
375 4437 403 4487 et
420 4448 470 4503 per
488 4432 577 4487 varias
595 4437 684 4487 metas
702 4435 806 4486 terreae
824 4431 948 4502 iungitur
965 4429 1079 4501 primae.

193 4519 244 4574 Ee
261 4519 332 4574 ectio
349 4519 428 4588 reperi
446 4518 554 4574 arabici
572 4520 714 4574 Pastinum
732 4518 842 4574 oblatio.
862 4521 895 4572 N.
909 4519 941 4570 R.
954 4517 989 4572 A.
1003 4519 1068 4572 Fas.
1087 4518 1147 4570 180.
1164 4518 1197 4569 N.
1216 4521 1258 4571 30.
1277 4517 1384 4573 Emittit

142 4605 225 4662 aliast
243 4605 328 4662 Belca
345 4605 364 4660 1
368 4605 397 4660 V.
414 4605 591 4676 privileptcm
609 4606 728 4662 &cedem
750 4605 843 4660 auriti
862 4622 888 4660 c.
907 4609 984 4673 1249,
1005 4607 1048 4660 26.
1066 4603 1187 4674 aequati.
1205 4603 1302 4673 Fejer:
1323 4605 1382 4662 cod.

142 4694 213 4765 dipl.
231 4695 325 4765 Hune.
344 4693 409 4750 V11.
427 4709 451 4749 v.
471 4697 496 4749 5.
513 4709 542 4764 p.
562 4697 622 4750 274.
