3480 5356
361 391 425 457 364
861 415 881 456 1.
902 401 1099 476 anamnesis,

360 579 445 636 lelmo
462 578 497 634 de
515 577 637 634 Brueriis
656 583 684 632 et
698 577 787 649 judici
806 576 868 634 Ade
885 578 920 634 de
939 577 1058 648 Vigiliis,
1070 576 1220 633 deserenda
1238 593 1287 649 per
1304 593 1353 634 eos
1371 575 1406 634 ad
1425 577 1614 634 vendendum
1669 544 1673 569 ξ

360 663 436 738 apud
454 665 619 736 Tragurium
638 665 681 720 vel
700 664 754 720 alia
772 665 832 720 loca
850 667 975 736 ipsarum
994 665 1123 738 partium.

413 753 515 809 Rulli:
535 753 622 808 Arkic
644 752 704 807 1¹11
725 769 755 822 p.
776 755 819 809 11.
836 754 886 808 Eu
903 755 1015 824 regestis
1034 753 1128 808 Oarole'
1145 753 1170 807 1.
1188 769 1215 808 a.
1234 754 1311 808 1278.
1332 752 1364 808 0.
1377 751 1431 821 sol.
1451 755 1475 807 2.

413 893 632 950 mcoxnvsu.
650 895 730 947 1278.
749 895 790 946 13.
811 891 942 949 Octobris.
961 892 1123 963 Capitulum
1136 891 1352 964 Wesprimiense
1368 891 1513 962 significat,
1528 893 1615 964 qnod

362 980 519 1038 Alexander
545 980 618 1036 iilius
644 977 753 1036 comitis
779 977 901 1034 Simonis
928 977 963 1034 de
990 995 1090 1048 genere
1116 977 1345 1050 Bogat-Rodsao
1363 979 1468 1035 litteras
1487 979 1615 1052 capituli

361 1075 487 1142 patentes
510 1085 594 1140 super
618 1067 754 1124 divisione
774 1066 860 1122 totius
878 1067 1062 1137 possessionis
1080 1066 1204 1124 eiusdem
1223 1067 1408 1136 generationis
1425 1066 1521 1138 Halap
1541 1084 1615 1122 con-

361 1159 448 1216 iectae
465 1156 642 1225 exhibuisset,
658 1154 777 1228 petendo
795 1160 827 1210 ut
844 1153 956 1210 easdem
974 1160 1165 1222 mansumeret,
1183 1156 1227 1210 oui
1246 1155 1427 1226 postulationi
1445 1155 1612 1226 capitulum

361 1245 466 1301 annuit.

416 1333 481 1390 cod.
500 1331 570 1401 dipl.
586 1331 699 1401 patrina
721 1329 787 1384 VII.
802 1345 833 1400 p.
850 1335 913 1386 1⁶9.

413 1468 601 1528 MOGXLIX.
620 1471 792 1542 Zamahiae.
811 1474 890 1524 1278.
911 1477 936 1528 6.
954 1471 1124 1527 Nouembris.
1143 1470 1277 1528 Nicolaua
1294 1470 1385 1528 banus
1402 1471 1488 1526 totius
1507 1469 1614 1528 Siaso-

362 1560 426 1620 niae
444 1558 559 1616 mandat
576 1557 770 1614 collectoribus
781 1559 996 1614 marturinarum
1014 1563 1043 1614 et
1060 1559 1246 1614 calusinarum
1269 1564 1407 1630 quatenus
1426 1558 1461 1614 de
1478 1559 1613 1615 collectis

362 1652 391 1704 et
404 1645 517 1717 judiciis
534 1647 682 1702 comitatus
700 1644 735 1701 de
753 1645 931 1707 fflcrscnche
950 1646 1058 1702 collatis
1081 1663 1130 1718 per
1153 1645 1315 1702 Ladislaum
1339 1663 1432 1716 regem
1455 1645 1613 1702 Timotheo

364 1735 496 1806 episcopo
514 1734 642 1805 Zagrah,
660 1732 822 1790 nullomodo
841 1749 870 1788 se
888 1734 1070 1790 intromittere
1089 1739 1305 1806 praesummant

417 1820 547 1876 Tbnlds'd:
565 1823 638 1876 Μοιι.
657 1820 721 1876 hist.
742 1823 769 1874 T,
789 1823 812 1876 1.
829 1837 858 1890 p.
877 1825 935 1877 191.

416 1961 530 2018 MOOL.
549 1963 669 2018 Rom
688 1965 765 2017 1278.
786 1965 810 2014 9.
828 1961 991 2018 Decembris.
1009 1963 1144 2018 Nicolans
1164 1962 1218 2018 111.
1240 1979 1321 2034 papa,
1334 1977 1399 2018 cum
1411 1967 1612 2034 postmortem

363 2049 449 2107 Salvii
467 2048 668 2120 archiepiscopi
686 2048 823 2120 Ragusini
841 2049 946 2106 electus
964 2067 982 2105 a
999 2049 1149 2120 Bagusinis
1168 2049 1214 2106 Fr.
1233 2050 1346 2106 Marcus
1358 2049 1394 2106 de
1406 2048 1533 2106 Venetiis
1547 2049 1612 2106 ord.

363 2139 429 2192 min.
447 2137 572 2192 debitum
591 2143 707 2192 naturae
725 2141 789 2191 ante
808 2153 887 2192 suam
905 2135 1143 2193 confirmationem
1161 2137 1348 2208 persolvisset,
1359 2137 1540 2209 postularunt
1552 2136 1614 2192 Ra·

363 2226 516 2295 gualenses,
533 2223 686 2296 capitulum
704 2229 733 2279 et
749 2240 896 2280 commune
913 2225 1071 2296 pontificem
1090 2231 1122 2279 ut
1139 2225 1185 2281 ifle
1203 2225 1243 2280 eis
1261 2224 1502 2296 archiepiscopum
1519 2223 1614 2281 deno·

364 2309 489 2380 minaret,
507 2311 555 2381 qui
573 2311 699 2380 petitioni
716 2327 812 2367 eorum
830 2328 964 2378 annuens,
982 2311 1059 2366 dedit
1085 2313 1125 2368 eis
1148 2313 1177 2366 in
1201 2311 1361 2384 archiepisc.
1381 2311 1427 2368 Fr.
1445 2311 1613 2384 Philippum

364 2399 556 2470 inquisitorem
574 2403 671 2454 contra
689 2397 842 2454 haereticos
858 2399 887 2454 in
905 2399 1027 2454 marchia
1045 2399 1196 2456 Tarvisina

416 2485 551 2542 Fecisti:
569 2485 651 2556 illyr.
669 2501 739 2542 ιιιιι.
760 2487 791 2542 Τ.
813 2485 860 2544 71.
877 2503 905 2556 p.
928 2491 983 2542 111.

418 2611 842 2700 Mocn1.1srs.'seud01phns
866 2627 889 2682 1.
913 2628 1062 2700 imperator
1086 2627 1218 2684 Ladislsc
1242 2626 1294 2684 1v.
1320 2627 1376 2698 regi
1401 2626 1437 2682 de
1459 2625 1614 2682 concordia

365 2731 429 2772 cum
448 2713 561 2770 Andrea
579 2713 725 2770 Slasoniae
743 2713 823 2783 duce,
841 2715 914 2771 filiae
938 2717 998 2771 eius
1026 2731 1129 2787 sponso
1153 2715 1241 2770 innita
1268 2715 1430 2786 gratulatur,
1455 2712 1491 2770 ad
1515 2713 1615 2769 dehel-

369 2801 542 2873 landumque
559 2801 722 2858 Ottccarum
741 2817 833 2872 regem
851 2802 1001 2859 Bohemise
1019 2803 1138 2858 eundem
1156 2807 1298 2874 provocat

418 2891 516 2960 seer:
537 2889 602 2948 eos.
622 2890 692 2959 dipl.
714 2892 742 2946 T.
767 2891 827 2945 VH.
845 2890 898 2946 ccl.
916 2893 954 2948 ΙΙ.
971 2907 1002 2961 p.
1023 2894 1065 2946 85.

420 3047 566 3105 mooun.
594 3051 671 3104 1278.
699 3047 847 3104 Ladislana
870 3063 920 3103 rex
945 3047 1089 3119 componit
1114 3046 1271 3103 inimicitias
1297 3050 1325 3102 et
1350 3047 1516 3104 hostilitates
1538 3048 1614 3104 inter

368 3134 541 3208 Stephanum
567 3135 671 3192 hanum
696 3135 782 3192 totius
807 3135 963 3206 slavonice,
987 3135 1161 3206 Stephanum
1184 3135 1312 3190 comitem
1339 3135 1544 3191 musonieneem
1566 3137 1613 3207 ju·

368 3222 458 3279 dicem
476 3224 568 3278 curiae
587 3228 615 3279 et
632 3223 759 3292 Paulum,
778 3223 876 3278 fratres
894 3221 1018 3279 eiusdem
1036 3222 1109 3278 filios
1124 3223 1238 3280 alterius
1251 3223 1386 3296 Stephani
1398 3223 1464 3278 bani
1476 3239 1509 3281 ac
1522 3229 1612 3280 totam

369 3311 575 3380 generationem
594 3309 745 3367 eorundem
764 3327 798 3366 cx
816 3316 977 3380 crepante,
996 3327 1031 3366 ex
1049 3310 1137 3366 alters
1158 3327 1223 3368 vero
1246 3312 1318 3366 inter
1342 3311 1482 3368 loannem
1504 3311 1612 3367 hunum

368 3402 396 3452 et
413 3398 543 3452 comitem
560 3397 732 3454 Radoslaum
750 3397 822 3453 filios
840 3398 948 3454 comitis
970 3398 1115 3471 Stephani,
1133 3399 1281 3455 Nicolaum
1299 3405 1328 3454 et
1345 3398 1520 3471 Stephanum
1537 3401 1613 3456 filios

368 3485 476 3540 comitis
495 3484 638 3558 Babonyg,
663 3486 792 3540 comitem
816 3485 997 3542 Thomasium
1015 3493 1043 3542 et
1060 3485 1209 3544 Vulcetom
1234 3486 1306 3542 filios
1330 3483 1458 3556 Jelinich,
1482 3488 1612 3543 comitem

369 3571 484 3628 Gardun
503 3571 592 3628 filium
616 3573 741 3642 Gardun,
760 3579 788 3629 ct
804 3571 964 3630 Johannem
987 3575 1076 3630 tilium
1101 3573 1217 3630 hilandi
1241 3579 1380 3632 ettotam
1406 3574 1614 3644 generationem

369 3659 528 3716 eorundem.
556 3660 636 3728 Quae
664 3660 830 3716 hostilitates
855 3661 1020 3717 exstiterunt
1044 3667 1157 3733 propter
1180 3665 1297 3718 mortem
1323 3661 1462 3718 Joachimi
1486 3661 1560 3730 bani,
1585 3663 1613 3718 in

369 3763 520 3818 congressu
539 3746 605 3802 belli
624 3763 673 3819 per
691 3746 796 3802 dictum
819 3748 993 3819 Stephanum
1017 3749 1122 3804 hauum
1150 3756 1177 3805 et
1203 3767 1253 3822 per
1279 3739 1346 3806 Ιιιιοι
1373 3749 1539 3821 interempti.
1568 3749 1614 3806 Ex

370 3833 503 3890 mandato
521 3835 594 3905 regis
613 3835 787 3906 paciscerunt
805 3841 897 3908 partes
918 3835 1029 3908 judices
1053 3836 1157 3906 arbitri,
1181 3837 1307 3893 videlicet
1331 3836 1531 3894 Thimothaeus
1556 3838 1614 3908 epi-

370 3938 472 3994 scopus
491 3922 693 3994 Zagrabicnsis,
709 3923 859 3979 Mathaeus
878 3924 1027 3996 palatinus,
1046 3923 1131 3980 frater
1151 3923 1301 3980 Mathaeus
1325 3923 1414 3979 abhas
1438 3923 1613 3996 Toplioensis

371 4009 476 4065 ordinis
494 4009 727 4079 Oisterciensium,
746 4012 831 4068 frater
844 4011 985 4068 Gerardus
997 4014 1128 4085 magister
1140 4011 1242 4069 domus
1254 4012 1363 4084 Templi
1376 4029 1425 4084 per
1437 4013 1615 4084 Hungariam

370 4105 399 4153 et
417 4097 577 4154 Slavoniam
595 4115 628 4155 ac
645 4099 700 4154 alii.

422 4185 567 4245 Bullatino
585 4186 711 4244 diercis.
730 4191 756 4242 ct
773 4188 863 4244 steria
881 4187 1027 4246 Dalmata.
1047 4189 1080 4244 A
1101 4187 1151 4244 IV.
1170 4191 1251 4242 1881.
1271 4189 1304 4244 N.
1323 4191 1347 4254 5,
1362 4203 1393 4257 p.
1412 4191 1451 4242 71.

424 4345 586 4404 MOOLIII.
605 4351 682 4404 1278.
701 4346 862 4418 Capitulum
880 4349 1013 4404 ecelesiae
1038 4347 1235 4418 Zagrahiensis
1258 4347 1425 4414 manifestat,
1449 4347 1525 4420 qnod
1549 4364 1615 4404 con·

372 4433 476 4489 stitutis
496 4451 590 4489 coram
608 4450 642 4489 eo
660 4435 819 4492 Alexandro
837 4435 896 4492 lilio
914 4437 997 4502 Petri,
1017 4442 1045 4492 et
1064 4436 1178 4508 Mathey
1196 4437 1254 4491 filio
1273 4436 1372 4507 Blasey
1390 4435 1483 4491 fratris
1500 4435 1615 4492 eusdem

373 4520 525 4591 degenere
543 4521 624 4576 Ache
647 4537 682 4576 ex
705 4529 784 4593 parte
808 4539 865 4578 una
886 4539 919 4578 ac
943 4523 1077 4594 magistro
1105 4523 1248 4594 Stephano
1276 4523 1471 4580 archidiacono
1495 4523 1530 4580 de
1559 4523 1615 4578 Ks-

372 4607 493 4675 marcha,
521 4609 580 4664 vice
599 4613 627 4665 et
644 4610 755 4665 nomine
779 4610 926 4681 Tymothei
948 4611 1073 4682 episcopi
1100 4609 1294 4680 Zagrahiensis
1322 4627 1357 4666 cx
1383 4611 1480 4682 altera,
1495 4609 1616 4667 confessi

373 4699 439 4751 sunt
456 4695 606 4766 quamdam
623 4701 724 4752 terram
742 4713 820 4754 auam
839 4699 957 4755 Planina
978 4704 1168 4771 nuncupatam
1185 4697 1220 4755 de
1238 4713 1376 4755 consensu
1387 4703 1571 4770 cognatorum
1588 4703 1617 4754 et
