3376 5350
314 375 381 442 420
598 369 600 374 “
812 385 831 426 r.
851 372 1062 442 noanneane,

315 582 346 620 se
365 572 393 620 et
411 583 462 620 sua
479 581 530 635 pro
547 563 652 620 honoro
676 565 767 632 regiae
792 581 909 620 coronae
933 565 1015 620 variis
1040 566 1225 636 periculorum
1249 567 1397 646 generibus
1420 573 1450 623 et
1474 569 1582 622 multis

316 653 438 708 fortuitis
457 651 567 708 casibus
585 667 797 722 exponercnon
815 653 943 707 verendo.
968 653 1055 707 Cuius
1080 653 1230 722 Laurentii,
1259 654 1316 708 dux
1340 657 1482 722 austriae,
1511 658 1584 726 quia

316 741 378 810 ejus
390 743 535 795 consortio
553 740 654 794 nolluit
671 739 829 806 adhaerere,
848 742 901 794 tria
925 748 1015 795 castra
1036 742 1181 812 occupavit
1206 749 1234 796 et
1259 742 1472 797 innumerabilia
1500 744 1581 798 bona

317 828 439 882 abstulit.
457 827 494 881 Et
512 827 678 898 quinetiam
697 827 725 880 in
743 827 824 897 regiis
843 827 1026 898 legationibus
1044 829 1130 883 iverat
1142 835 1170 883 et
1181 831 1209 884 in
1222 830 1327 884 ellectis
1339 831 1418 900 equis
1432 830 1579 884 munuum

318 921 414 969 contra
431 914 553 970 valorem
572 913 753 968 ducentarum
772 930 925 969 marcarum
951 921 994 970 est
1016 932 1171 986 perpessus,
1194 915 1284 970 eidem
1303 923 1359 972 tam
1377 919 1490 972 ratione
1512 935 1581 988 pro-

242 1059 251 1070 ,
320 1003 463 1068 ximitatia,
481 1019 565 1072 quam
583 1001 611 1054 in
638 1002 922 1072 recompensationem
951 1003 1132 1069 servitiorum,
1156 1004 1330 1072 vyanicatum
1355 1003 1383 1058 S.
1402 1005 1522 1059 Martini
1548 1007 1579 1058 in

317 1090 450 1144 comitatu
469 1089 503 1143 de
522 1087 667 1142 Vereuehe
686 1105 720 1142 ex
739 1088 882 1142 voluntate
909 1088 1030 1146 Ladislai
1049 1091 1122 1160 regis
1140 1090 1189 1144 filii
1209 1091 1260 1156 sui,
1279 1107 1343 1146 cum
1362 1091 1494 1146 amnibus
1515 1093 1581 1146 eius

311 1175 421 1248 ,habitis
439 1182 467 1231 et
486 1177 629 1247 possessis,
649 1175 768 1230 contulit
785 1176 813 1228 in
833 1181 1005 1245 perpetuum.
1026 1175 1130 1230 Datum
1156 1194 1206 1247 per
1229 1195 1328 1232 manus
1351 1179 1477 1249 magistri
1499 1179 1579 1233 Lau-

318 1264 406 1331 rentii,
425 1264 575 1335 praepositi
595 1263 629 1317 de
647 1263 767 1331 Posoga,
786 1261 951 1316 cancellarii.

371 1351 420 1405 Ea
437 1351 509 1404 aetia
526 1365 574 1420 per
593 1349 696 1404 banasa
714 1349 998 1420 Kiaea-Hedervdry
1016 1366 1050 1404 en
1068 1351 1179 1405 archim
1197 1353 1277 1422 repat
1295 1352 1404 1408 ablatis.
1425 1353 1463 1408 Ν.
1476 1354 1517 1408 a
1537 1357 1577 1408 A.

316 1436 399 1492 Fasc.
419 1439 495 1490 1504.
514 1437 552 1490 N.
573 1439 608 1488 12
625 1441 650 1490 et
668 1436 751 1492 Face.
772 1439 848 1504 1511,
867 1437 920 1491 Nr.
938 1440 963 1489 3.

372 1576 658 1632 MODLXI11.1291.
678 1577 778 1634 Comes
803 1577 906 1632 Hodus
931 1583 1029 1633 uotum
1053 1579 1120 1636 iacit
1145 1580 1251 1636 civibus
1274 1581 1511 1650 Zagrabienaibus
1538 1583 1577 1637 de

317 1669 413 1719 monte
441 1664 547 1733 Grech,
572 1664 648 1734 quod
672 1666 806 1736 palatium
834 1683 915 1720 suum
939 1683 990 1736 pro
1022 1668 1184 1722 concambia
1213 1674 1332 1738 quatuor
1359 1663 1577 1740 possessionum

318 1753 424 1808 seilicet
444 1752 575 1820 Polcuna,
595 1752 702 1818 Buten,
721 1751 798 1806 Mixa
816 1759 844 1807 et
863 1751 943 1807 Gurk
969 1755 1102 1825 magistro
1127 1755 1216 1810 Paulo
1241 1756 1424 1824 collocaverit,
1443 1757 1493 1826 qui
1514 1775 1577 1811 ma·

318 1841 404 1910 gister
422 1841 542 1895 contulit
559 1839 633 1894 idem
651 1839 785 1910 palatium
805 1839 909 1894 Gilioni
931 1841 1034 1896 concivi
1054 1857 1158 1910 eorum,
1177 1843 1247 1913 petit
1264 1844 1359 1914 itaque
1384 1844 1576 1899 amicabiliter

317 1933 349 1981 ut
366 1927 441 1982 idem
460 1927 535 1982 dicto
554 1927 657 1982 Gilioni
676 1927 818 1995 assignare
836 1926 947 1982 faciant.
1356 1935 1358 1940 '

371 2014 497 2069 Titulc'id:
515 2015 595 2069 Mon.
613 2015 687 2070 civit.
707 2014 818 2084 zaprab.
837 2015 863 2068 I.
877 2031 907 2083 p.
927 2017 971 2070 46.-

368 2138 558 2194 MODLXIV.
577 2137 664 2210 Apud
681 2137 869 2210 l'rapuriam.
894 2140 971 2191 1291.
988 2141 1031 2193 22.
1053 2139 1221 2194 Jaaaaarii.
1240 2139 1272 2194 In
1293 2143 1448 2210 praesentia
1472 2142 1575 2198 Micba

317 2227 392 2282 Petri
412 2227 447 2280 de
466 2226 589 2297 spalato,
608 2226 715 2296 syndici
740 2231 768 2280 et
790 2228 977 2296 procuratoris
1002 2228 1157 2282 communis
1182 2243 1216 2282 ex
1242 2234 1320 2298 parte
1345 2244 1401 2282 una
1425 2235 1454 2284 et
1476 2229 1574 2286 Dessa

318 2315 456 2368 Mursiaae
474 2313 509 2368 de
527 2313 662 2384 Tragurio
681 2313 803 2368 sindicus
822 2317 850 2367 et
869 2321 1006 2384 procurat.
1026 2313 1186 2382 communis,
1201 2323 1327 2386 exparte
1345 2315 1432 2370 altera
1450 2317 1485 2372 de
1504 2335 1574 2372 con·

317 2418 401 2460 sensu
420 2407 448 2456 et
465 2401 608 2456 voluntate
626 2402 750 2471 ipsorum
769 2401 957 2455 communium
976 2400 1101 2455 fecerunt
1118 2403 1190 2456 inter
1208 2419 1238 2456 se
1257 2403 1418 2458 societatem
1436 2408 1466 2458 st
1484 2421 1572 2475 gene-

316 2490 401 2544 ralem
420 2490 556 2544 unitatem
575 2487 735 2544 durattuam
754 2479 825 2544 inter
843 2505 890 2544 ess
909 2505 959 2559 per
977 2489 1099 2558 quinque
1118 2505 1214 2557 annos,
1228 2495 1256 2544 et
1268 2490 1469 2560 promisserunt
1482 2493 1572 2548 etiam

316 2593 372 2632 una
390 2577 469 2632 alteri
487 2576 609 2647 ipsarum
623 2576 688 2630 dare
701 2592 783 2630 omne
795 2577 950 2642 consilium,
964 2576 1100 2630 auxilium
1113 2583 1141 2630 et
1153 2575 1351 2634 deffensionem
1363 2582 1460 2634 contra
1473 2582 1574 2636 omnia

317 2665 476 2719 communia
493 2671 522 2719 et
539 2679 671 2735 personas
690 2663 843 2734 singulares
855 2664 931 2718 salva
943 2664 1097 2718 reverentia
1115 2671 1142 2718 et
1161 2664 1295 2720 fidelitate
1314 2663 1408 2720 debito
1427 2683 1479 2736 pro
1497 2683 1568 2738 rege

317 2752 482 2823 Hungsriae
501 2757 529 2806 et
548 2751 652 2806 domini
671 2751 745 2808 bani.
764 2751 801 2806 Et
820 2751 1005 2821 promiserunt
1028 2751 1160 2822 praedicti
1186 2752 1284 2806 sindici
1302 2751 1338 2806 ad
1356 2753 1477 2808 invicem
1496 2771 1573 2809 unns

317 2841 396 2895 alteri
415 2841 527 2895 nomine
545 2841 776 2895 communitatum
795 2839 896 2908 eligere
919 2841 1049 2894 comitem
1068 2847 1096 2895 et
1113 2847 1280 2909 potestatem
1305 2841 1348 2898 vel
1370 2848 1506 2898 rectorem
1535 2842 1571 2897 de

316 2915 374 2982 una
393 2934 430 2982 'et
456 2927 553 2982 eadem
581 2933 662 2993 terra,
690 2933 772 2997 prout
800 2925 833 2979 de
859 2931 933 2980 terra
957 2926 1060 2982 fuerint
1083 2927 1200 2982 invicem
1219 2927 1371 2982 concordes
1395 2928 1432 2983 ad
1459 2928 1569 2984 dictum

316 3023 434 3087 tempus.
453 3013 491 3069 Et
510 3015 669 3084 obligarunt
687 3031 716 3068 se
736 3015 829 3068 omnia
853 3012 920 3068 haec
945 3013 1090 3070 observare
1114 3015 1166 3068 sub
1190 3031 1280 3086 poena
1304 3014 1423 3070 duarum
1446 3011 1569 3072 millium

316 3119 472 3158 marcarum
490 3102 605 3173 argenti,
626 3101 751 3171 deposito
768 3101 927 3170 juramento
954 3101 990 3155 ad
1008 3117 1029 3156 s.
1055 3101 1212 3172 Evangelia.
1232 3103 1334 3156 Actum
1353 3104 1382 3157 in
1407 3103 1527 3158 ecclesia
1547 3123 1569 3159 s.

318 3190 444 3256 Joannis,
464 3189 654 3260 praesentibus
670 3187 812 3258 Stephano
837 3187 952 3257 liugerii
971 3188 1004 3243 de
1023 3191 1140 3244 Ancona
1157 3195 1295 3260 potestate
1314 3191 1364 3244 civ.
1385 3189 1569 3262 spalatensis,

318 3277 486 3349 Albergucio
510 3275 624 3345 Jacobi,
653 3281 790 3347 potestate
814 3276 1005 3346 Tragruiensi‚
1030 3276 1191 3331 Benvenuto
1216 3276 1275 3330 eius
1303 3278 1388 3344 socio,
1411 3277 1569 3334 Valentino

320 3364 355 3419 de
374 3364 525 3430 Caesarina,
549 3363 674 3434 Josepbo
698 3363 781 3432 Petri,
808 3363 895 3417 Lucio
921 3363 1050 3430 Mathaei,
1074 3364 1191 3419 Nicolao
1213 3364 1331 3433 Casocti,
1350 3363 1498 3420 Theodora
1518 3368 1569 3420 Al·

317 3452 397 3520 berti,
425 3452 509 3507 Petro
537 3451 683 3518 Leonardi,
711 3451 872 3505 Pria-oslava
897 3451 1020 3520 Dabrnli,
1045 3451 1150 3506 Duimo
1175 3451 1319 3520 Domiebe,
1341 3452 1418 3508 Maio
1442 3453 1569 3520 Dobrae,

316 3541 382 3596 Silv.
401 3541 575 3611 neugmate,
595 3541 790 3594 examinatore.

367 3629 488 3682 Lucius:
506 3628 589 3682 Mem.
609 3627 639 3681 di
660 3628 743 3682 Trou.
763 3644 790 3698 p.
804 3631 863 3680 130.

368 3769 543 3824 MODLXV‚
561 3767 648 3837 Apud
666 3769 759 3823 arbem
776 3773 888 3822 calmem
907 3771 983 3821 1291.
1002 3771 1043 3820 12.
1063 3767 1220 3820 Februarii.
1246 3766 1378 3822 Nicolaua
1397 3765 1448 3822 tv.
1475 3783 1567 3838 papa:

316 3857 453 3928 siquidem
478 3855 622 3911 Jadrensis
651 3856 768 3910 ecclesia
789 3872 838 3926 per
861 3855 969 3909 obitum
992 3853 1133 3909 Laurentii
1158 3849 1358 3924 archiepiscopi
1384 3853 1491 3908 dudum
1517 3873 1567 3925 pa·

316 3953 390 4000 stare
409 3945 541 4000 destituta
560 3944 665 4010 luisset,
685 3944 838 4014 capitulum
857 3942 981 3997 eiusdem
999 3942 1132 3996 ecclesiae
1150 3942 1314 4011 magistrum
1333 3939 1474 3996 Andream
1491 3941 1567 4014 Cap-

316 4033 385 4100 soni‚
404 4034 568 4087 canonicum
587 4032 719 4086 ecclesiae
738 4031 888 4084 Paduanae
907 4030 991 4098 elegit
1014 4027 1042 4082 in
1068 4028 1320 4098 archiepiscopum
1346 4027 1445 4098 reliqui
1468 4035 1565 4084 tamen

316 4122 351 4176 ad
370 4120 541 4176 Gradensem
560 4119 744 4189 patriarcham
768 4118 803 4172 ab
829 4119 963 4172 electione
985 4115 1144 4170 huiusmodi
1169 4115 1351 4185 appellarunt
1377 4115 1477 4170 Ooram
1507 4133 1565 4186 quo

315 4208 486 4278 aliquamdiu
504 4208 617 4277 negotio
634 4207 773 4272 ventilato,
793 4213 820 4260 et
838 4222 887 4275 per
911 4204 1125 4275 appellationem
1144 4203 1178 4258 ad
1197 4202 1290 4256 sedem
1309 4203 1492 4272 apostolicam
1517 4203 1564 4258 de·

315 4297 419 4360 voluto,
438 4295 574 4349 concessit
590 4311 664 4364 papa
685 4294 810 4364 partibus
828 4293 856 4346 in
875 4291 1028 4345 eruditorem
1052 4289 1069 4344 J
1072 4307 1171 4344 oanem
1189 4290 1231 4344 tit.
1250 4307 1271 4343 s.
1291 4288 1429 4344 Caeciliae
1447 4289 1564 4360 presby·

316 4388 406 4436 terum
425 4381 599 4436 cardinalem.
619 4381 726 4435 Verum
744 4387 841 4451 postea
858 4380 932 4434 idem
950 4378 1081 4446 magister
1106 4377 1231 4432 Andreas
1254 4377 1369 4447 cupiens
1381 4393 1454 4436 :suae
1472 4379 1563 4446 provi·

317 4469 375 4524 deri
393 4469 487 4538 quieti,
502 4467 549 4538 jus
568 4485 649 4521 suarm
668 4484 717 4537 per
735 4467 898 4521 electionem
910 4465 1076 4536 acquisitum
1096 4466 1124 4518 in
1142 4481 1239 4518 manus
1252 4464 1390 4534 pontilicis
1403 4463 1563 4534 resignavit,

316 4559 363 4626 qui
388 4563 498 4625 recepta
521 4555 732 4622 renuntiatione,
751 4553 888 4608 Joannern
915 4553 1027 4606 fratrem
1055 4552 1159 4606 ordinis
1187 4551 1328 4605 Minorum
1353 4549 1507 4605 nominavit
1534 4553 1563 4604 in

316 4642 554 4712 archiepiscopum
572 4641 590 4696 J
593 4641 737 4696 adrensem
756 4647 783 4695 ot
802 4657 851 4712 per
869 4657 933 4694 suas
951 4641 1057 4694 litteras
1076 4641 1164 4694 eidem
1182 4639 1326 4694 intimavit.

368 4729 498 4784 Farlati:
516 4728 598 4797 Illyr.
618 4728 698 4783 Sacr.
719 4729 748 4784 T.
772 4729 801 4782 V.
817 4745 846 4796 p.
865 4730 907 4782 85.
