3480 5356
739 435 883 478 asemas.
1367 413 1430 480 291

187 618 253 657 nere
272 601 396 656 Drusiua
413 605 442 658 et
460 601 585 671 magistri
609 599 744 672 Stephani
769 601 879 657 ensiferi
904 601 955 669 sni,
979 617 1052 672 quas
1079 601 1161 657 iidem
1186 602 1211 657 ei
1235 607 1263 657 et
1287 619 1373 672 reguo
1399 619 1431 658 ac

189 690 257 744 alias
279 689 396 744 fideliter
413 688 599 760 impenderint
617 705 647 744 se
664 695 692 744 et
710 705 777 744 urus
795 688 887 744 dubiis
906 689 1033 746 fortunae
1051 690 1164 746 casibus
1179 689 1354 760 exponendo,
1367 707 1430 745 cum

187 777 217 830 iu
236 777 519 848 recompensationem
537 777 732 849 multiplicium
757 777 931 832 servitiorum
950 793 1046 832 eorum
1065 793 1115 848 pro
1133 776 1243 832 modico
1267 783 1379 848 reputat
1403 777 1429 832 id

187 864 263 934 quod
283 865 323 920 eis
341 865 377 919 dn
395 865 534 936 praesenti
551 864 636 932 dedit,
652 871 779 936 respectu
798 881 894 920 eornm
912 880 985 934 qnae
1004 863 1094 918 facere
1111 862 1230 918 intendit
1247 864 1276 917 iu
1294 863 1428 930 futurum,

188 948 280 1006 villam
304 951 379 1006 Gara
397 954 424 1006 iu
443 953 575 1007 comitatu
600 952 635 1007 de
654 951 789 1008 chuad
809 952 870 1006 eius
888 950 1067 1006 donatiouem
1087 951 1276 1021 pertinentem,
1296 951 1427 1022 praefatis

186 1044 214 1093 et
232 1039 384 1094 eorundem
401 1038 568 1094 haeredibus
586 1039 646 1094 inre
664 1045 800 1110 perpetuo
818 1038 936 1094 contulit
955 1035 1161 1108 possidendam.
1179 1037 1214 1092 Iu
1232 1039 1310 1092 cuius
1329 1053 1426 1108 corpo·

186 1128 272 1180 saleru
291 1127 496 1198 possessionem
514 1128 592 1199 ipsos
612 1143 661 1196 per
678 1127 857 1181 Dominicnm
875 1125 1003 1180 comitem
1022 1123 1057 1179 de
1075 1125 1185 1180 Bataua
1203 1125 1339 1180 introduci
1358 1125 1429 1181 lecit.

186 1212 290 1267 Datum
310 1231 358 1284 per
375 1229 476 1268 manua
495 1212 617 1268 Ladislai
636 1213 759 1284 episcopi
778 1213 945 1268 Ticiniensis
964 1211 1046 1268 aulae
1063 1211 1142 1267 ducis
1161 1213 1325 1268 cancellarii.

236 1299 330 1367 FeJ'er:
353 1301 445 1356 uoces
462 1301 532 1369 dipl.
555 1303 583 1354 T.
601 1300 654 1356 IV.
673 1300 725 1356 ool.
744 1301 801 1354 111.
818 1315 847 1368 p.
869 1304 912 1352 64.

240 1439 431 1496 OMLXXVI.
459 1443 625 1499 &vennae
651 1445 731 1496 4269.
751 1446 794 1495 60.
813 1439 932 1510 Aprilis.
958 1439 1105 1511 Philippus
1130 1439 1355 1510 archiepiscopus
1374 1440 1427 1494 Ra·

181 1529 358 1584 venusiensis
377 1535 405 1584 et
422 1546 467 1598 ap.
487 1529 560 1583 sedis
583 1530 693 1598 legatus
711 1529 818 1584 confert
837 1527 965 1582 Andreae
984 1527 1119 1582 Gsunouo
1137 1528 1271 1583 canonico
1290 1526 1426 1583 Paduano

182 1615 448 1671 administrationem
473 1616 727 1686 archiepiscopatus
752 1615 887 1686 Rugusiui
910 1631 974 1668 cum
993 1614 1070 1668 illum
1095 1615 1183 1685 ipsius
1203 1615 1335 1670 ecclesiae
1354 1615 1427 1686 capi·

181 1703 271 1758 tulum
289 1702 369 1758 duxit
386 1703 414 1756 iu
433 1719 515 1757 suum
534 1703 773 1773 archiepiscopum
797 1700 970 1758 concorditer
989 1701 1157 1772 eligendum.

233 1789 420 1848 Exhallors‘o
438 1790 584 1860 Rapuaioo
602 1806 630 1858 p.
650 1793 712 1842 468.

235 1927 445 1984 CMLXXVII.
474 1933 552 1985 1269.
578 1933 622 1984 22.
656 1931 741 1984 Maii.
767 1930 929 2000 Capitulum
959 1930 1092 1984 ecclesiae
1118 1929 1306 2000 zagrabieusis
1329 1935 1426 1985 uotum

182 2016 256 2083 facit,
275 2016 351 2086 quod
371 2017 529 2072 constitutis
548 2016 584 2070 ab
602 2034 658 2072 una
677 2021 755 2088 parte
774 2016 924 2072 Wratialao
943 2016 1000 2071 filio
1018 2017 1107 2071 Jacov
1119 2020 1148 2072 et
1159 2016 1196 2070 ab
1208 2017 1297 2071 altera
1314 2017 1426 2072 Iwauca

181 2105 289 2169 comite,
309 2119 410 2172 genere
432 2103 557 2158 eiusdem
576 2122 626 2176 pro
645 2121 674 2160 se
693 2109 721 2158 et
738 2103 846 2159 Jacobo
874 2103 959 2157 fratre
986 2119 1046 2170 suo,
1072 2103 1145 2158 idem
1170 2104 1337 2158 Wratislaus
1361 2104 1424 2158 filiis

181 2192 239 2245 suis
251 2191 409 2258 Benedict0,
429 2195 457 2245 et
475 2191 629 2258 Dominico,
643 2197 671 2247 et
683 2191 796 2258 Noreia,
811 2189 894 2246 fratre
908 2190 997 2261 ipsius
1011 2190 1160 2258 Wratizlai,
1173 2191 1329 2262 portionem
1342 2207 1423 2244 suam

180 2277 324 2332 divisionis
342 2277 432 2334 iactae
453 2279 525 2333 iuter
549 2279 641 2348 ipsum
662 2282 690 2332 et
707 2277 841 2333 Noretam
868 2278 897 2330 iu
925 2281 997 2331 terra
1025 2293 1108 2347 quam
1127 2278 1202 2331 111111
1221 2277 1320 2331 Batina
1339 2277 1421 2332 inter-

182 2365 248 2431 fluit,
276 2365 421 2420 consessus
446 2371 489 2419 est
513 2381 543 2420 se
570 2363 727 2420 vendidisse
751 2363 893 2434 praedicto
918 2363 1021 2419 Ivanca
1044 2364 1138 2419 comiti
1161 2367 1189 2418 et
1211 2363 1321 2418 Jacobo
1346 2363 1423 2418 fratri

180 2465 231 2522 pro
249 2451 346 2522 viginti
363 2451 476 2506 duabus
494 2451 601 2506 marcis.
620 2451 714 2506 Prima
731 2457 805 2504 meta
824 2456 913 2504 terrae
931 2451 1028 2521 incipit
1053 2450 1100 2505 ubi
1124 2450 1200 2505 rivus
1225 2449 1332 2504 Olimeu
1357 2466 1421 2504 cou-

179 2539 302 2608 inugitur
320 2555 410 2608 aquae
429 2539 535 2606 Batiua,
556 2555 652 2592 versus
671 2538 804 2592 orientem
824 2537 949 2608 procedit
966 2539 1044 2592 iuxta
1058 2553 1188 2607 magnam
1201 2537 1273 2591 siam
1287 2553 1359 2607 quae
1378 2537 1422 2592 via

180 2629 317 2682 exercitus
339 2633 462 2682 vocatur.
481 2627 631 2681 Transieus
649 2641 711 2678 eam
729 2624 849 2680 venitin
869 2621 970 2678 vallem
989 2629 1016 2678 et
1034 2625 1117 2678 intrat
1136 2623 1226 2678 risum
1237 2623 1353 2678 Zviuua.
1366 2623 1422 2678 Per

181 2713 272 2768 varias
289 2719 378 2768 metas
398 2713 516 2769 venitin
535 2714 624 2768 rivum
648 2711 827 2784 Megepotolr.
852 2710 886 2765 In
915 2712 1112 2782 septemtrione
1136 2709 1260 2782 procedit
1284 2711 1311 2764 in
1336 2712 1421 2766 latere

175 2799 282 2854 montis
305 2798 385 2853 Birnh
404 2803 432 2853 et
451 2800 525 2854 veuit
543 2799 578 2853 ad
597 2816 700 2870 aquam
725 2799 825 2853 Batiua
843 2803 871 2853 et
888 2799 1033 2852 revertitur
1055 2797 1090 2852 ad
1116 2799 1241 2868 primam.
1266 2798 1421 2852 Astiterunt

175 2887 329 2958 degenere
350 2885 487 2942 Johauuis
516 2887 617 2958 pugilis
637 2887 671 2941 de
690 2885 817 2956 Zagoria,
836 2886 1019 2950 commetanei
1047 2889 1136 2940 terrae
1163 2883 1233 2938 Paul
1261 2889 1289 2938 et
1315 2884 1419 2938 Ivauus

174 2973 221 3028 filii
241 2975 400 3040 Mortnuus,
420 2974 533 3029 Dureau
552 2975 625 3028 filius
644 2973 759 3041 Ratk(o)
777 2978 805 3026 et
823 2973 894 3028 Ozul
912 2965 986 3026 filius
1005 2971 1149 3042 Stephani.

230 3061 356 3116 Tlrolds'd:
376 3061 454 3116 Mon.
472 3061 535 3116 tut.
557 3063 586 3116 T.
605 3065 628 3116 I.
643 3077 673 3129 p.
693 3064 751 3113 141.

226 3182 449 3238 GMLXXVIIL
467 3183 600 3254 &pusii
620 3188 699 3238 1269.
726 3187 750 3236 4.
769 3183 859 3237 danii.
880 3180 1077 3236 Praesentibus
1100 3179 1214 3234 Andrea
1235 3179 1270 3235 de
1294 3161 1418 3248 Z'ereuia,

174 3269 284 3324 Marino
302 3269 360 3324 tilio
379 3270 442 3336 Titi,
461 3269 551 3339 Surge
563 3270 710 3340 Pryredan‚
721 3270 848 3336 Matthei,
861 3268 1003 3323 nobilibus
1016 3267 1052 3322 de
1063 3267 1188 3336 Rugusio
1201 3273 1229 3321 et
1241 3267 1309 3333 aliis,
1324 3284 1415 3338 praes·

174 3354 252 3426 byter
270 3355 399 3410 Donatus
419 3356 447 3412 S.
467 3356 632 3427 Hieronymi
651 3356 686 3411 de
706 3357 839 3422 Venetiia,
859 3355 1047 3426 praesentavit
1064 3354 1171 3408 litteras
1190 3353 1314 3425 Philippi
1327 3355 1413 3410 archi·

174 3443 299 3514 episcopi
318 3443 540 3498 Ravennateusis
559 3449 587 3498 st
604 3443 688 3514 legati
707 3443 853 3512 apostolici
875 3443 993 3497 directas
1015 3441 1051 3496 ad
1075 3441 1229 3510 capitulum
1244 3441 1417 3510 Ragusieuse

174 3531 201 3584 iu
220 3531 324 3600 quibus
343 3531 464 3586 insinuat
482 3533 522 3586 eis
541 3529 616 3602 quod
635 3531 764 3585 Andreae
776 3529 908 3600 Gauponi
921 3531 949 3582 in
961 3527 1200 3598 archiepiscopum
1213 3527 1414 3597 Ragueieusem

173 3634 221 3688 per
241 3618 304 3672 illos
323 3619 419 3686 electu,
439 3618 706 3674 administrationem
725 3617 979 3687 archiepiscopatus
998 3615 1154 3670 contulerit.

224 3707 270 3758 Ea
288 3705 410 3761 bullario
428 3706 571 3776 Housman
585 3724 615 3772 p.
637 3708 697 3759 409.
979 3689 982 3696 ’

225 3828 420 3884 OMLXXIX.
439 3829 563 3898 Spalati
589 3832 667 3884 1269.
684 3833 730 3884 20.
748 3829 838 3882 danii.
853 3825 1039 3896 Temporibus
1060 3825 1142 3880 Belae
1165 3825 1312 3880 Slavouiae
1336 3825 1414 3880 ducis

169 3921 198 3969 et
215 3914 320 3968 domini
338 3917 405 3984 uati,
422 3915 560 3971 Johanuie
578 3915 752 3985 spalatensis
773 3913 982 3984 archiepiscopi,
1001 3913 1109 3968 Nicolai
1128 3903 1246 3982 comitis,¹
1261 3914 1413 3982 potestatis,

169 4002 261 4057 dictus
279 4003 506 4072 archiepiscopus
525 4003 617 4057 locum
637 4001 752 4056 fratrum
775 4000 1000 4056 Praedicatorum
1025 4001 1053 4052 iu
1077 3999 1160 4054 horto
1184 3999 1413 4070 archiepiscopali

170 4089 301 4160 positum,
321 4107 338 4142 a
356 4088 619 4160 praedecessoribus
638 4089 699 4158 ejus
718 4087 849 4142 fratribus
868 4087 1007 4154 collatum,
1027 4092 1134 4142 arctum
1152 4102 1213 4141 esse
1233 4087 1412 4156 prospiciens,

170 4192 287 4230 maeusu
308 4176 434 4241 civitatis,
458 4192 522 4230 eum
547 4175 582 4230 de
607 4193 680 4231 novo
704 4175 815 4230 donatis
838 4175 918 4228 terris
942 4174 1099 4244 amplificat.
1128 4171 1241 4242 anque
1265 4173 1326 4244 ipse
1348 4189 1412 4228 cum

169 4262 365 4317 archidiacono
388 4263 501 4332 Duymc
526 4267 553 4316 et
577 4263 699 4332 capitulo
718 4262 745 4316 iu
765 4261 970 4332 possessiouem
994 4259 1144 4315 introducit
1162 4265 1189 4314 st
1206 4275 1256 4330 per
1274 4259 1411 4314 uotmium

169 4350 287 4405 civitatis
308 4351 415 4406 Lucam
444 4351 609 4404 canonicum
638 4349 773 4420 publicari
800 4349 873 4403 iecit.
902 4349 999 4404 Testes
1025 4349 1150 4403 Joaunes
1175 4345 1285 4414 Vitalie,
1311 4347 1411 4401 Petrus

169 4437 321 4504 Oeruecba,
341 4438 473 4492 Alhertua
491 4436 591 4504 Jaucii,
614 4436 709 4492 Dohre
734 4437 886 4502 Dusazsae,
906 4435 984 4490 Gaus
998 4475 1004 4490 .
1019 4475 1045 4489 ..
1065 4434 1229 4488 Kamurtius
1247 4433 1330 4500 Petri,
1350 4435 1410 4488 Ma·

168 4527 245 4580 rinus
264 4523 376 4591 Gandii,
395 4524 490 4579 Dobre
509 4523 606 4592 Madii,
625 4525 717 4578 Lucas
735 4523 833 4590 Jancii
852 4521 941 4577 Jnseh
959 4522 1034 4576 Petri
1053 4521 1198 4588 vulsisse,
1218 4520 1314 4576 Simon
1333 4521 1409 4575 Mar·

167 4613 217 4666 tini
236 4612 416 4668 examinator.

220 4697 348 4754 Furlots':
368 4697 448 4770 lllyr.
465 4713 537 4755 socr.
556 4697 586 4753 Τ.
608 4699 657 4753 ΠΙ.
674 4713 703 4766 p.
722 4699 783 4750 284.
