3488 5380
677 447 822 494 amnena
1305 425 1370 494 273

128 615 234 672 mnae
251 614 287 672 ue
303 613 390 672 nom
407 576 558 672 monuere
576 614 744 688 usponenu
756 615 924 673 renuam.
943 616 1000 672 aa
1017 629 1083 674 vere
1100 577 1264 686 immoene,
1275 616 1372 675 noro

2 749 4 758 ,
125 702 244 760 couu'lic
270 717 387 760 sumum
410 702 574 772 concivium,
597 704 685 772 uxori,
709 705 753 760 rel
775 704 859 760 alicui
883 709 1066 777 cognatorum
1089 705 1203 762 suorum
1224 705 1372 776 relinquat.

125 789 159 846 si
177 789 240 861 quis
258 790 406 846 intumus
423 789 574 847 demererit
598 791 658 846 sine
681 790 856 859 medlbua
878 790 953 847 duae
968 796 1061 864 partes
1084 807 1177 848 rerum
1199 791 1371 864 pauperibus

125 880 155 934 ct
172 875 307 934 ecclesiae
324 877 443 933 muntia
469 883 651 938 reserrentur.
677 877 820 935 statutum
847 883 890 935 eet
917 877 1000 935 etiam
1027 877 1104 950 qnod
1129 879 1222 935 iorum
1248 878 1373 936 solemne

124 963 239 1020 (luobus
265 963 365 1020 diebus
382 965 412 1019 in
429 963 614 1032 hebdomada,
631 963 676 1021 die
694 965 778 1022 lunae
795 969 824 1020 ct
840 963 860 1021 J
861 965 920 1021 oris
940 964 1103 1036 celebretur,
1116 969 1259 1037 praeterea
1281 966 1373 1022 iorum

124 1049 298 1108 cotidianum
315 1050 417 1107 cotdie
435 1051 580 1108 habentur.
598 1051 747 1123 Pririlegia
764 1067 850 1124 anper
867 1051 977 1109 donata
995 1069 1013 1108 a
1035 1065 1101 1124 rege
1118 1053 1197 1109 terrie
1215 1057 1244 1110 et
1261 1067 1371 1126 possea-

127 1136 255 1197 eicuibna
274 1137 309 1194 de
326 1153 401 1195 noro
418 1139 589 1208 confirmate,
607 1154 671 1196 cnm
687 1140 877 1197 nominatione
888 1138 1040 1196 eamudem
1050 1143 1188 1196 metarum
1199 1145 1228 1197 et
1239 1140 1373 1201 locorum.

164 1241 293 1300 mccc:
309 1244 384 1300 Hert
402 1244 453 1302 cic.
472 1244 592 1315 mab.
609 1244 664 1302 col.
681 1245 707 1302 1.
724 1244 794 1302 Dee.
814 1247 858 1300 47.

180 1401 320 1458 nom.
338 1403 419 1460 1266.
437 1403 480 1460 29.
493 1403 660 1460 Nooceetrit.
672 1401 833 1476 Oapltulum
849 1403 982 1460 ecclesiae
994 1401 1111 1475 ingreb.
1124 1405 1277 1472 sttcstatur,
1293 1403 1369 1474 quod

89 1489 94 1498 ’
126 1489 234 1546 litterae
252 1487 373 1546 Rcleudl
391 1489 457 1545 bani
480 1491 567 1546 totius
591 1490 742 1548 Slaroniae
765 1492 816 1548 rite
839 1491 978 1564 acceperit
1001 1505 1065 1548 cum
1088 1491 1281 1562 requisitione:
1305 1507 1373 1563 que·

126 1581 210 1642 teum
229 1581 352 1633 tenorem
371 1577 432 1632 eiua
451 1578 586 1650 privilegii
605 1595 689 1651 super
706 1578 781 1636 iacto
799 1585 889 1636 terrae
907 1577 1040 1635 Wiuoriol
1058 1579 1191 1636 ecclesiae
1209 1578 1369 1652 Toplicensi

1 1682 9 1703 Α
127 1663 263 1731 concessi,
291 1679 344 1720 suc
370 1663 547 1722 confirmaret
569 1665 724 1738 privilegio.
750 1665 931 1737 Pririleginm
957 1669 1051 1722 numm
1078 1664 1145 1722 bani
1172 1665 1373 1735 continebatur,

127 1750 288 1823 quodcum
305 1751 378 1807 luter
401 1751 489 1820 Gurk‚
514 1751 662 1821 Jecobom,
687 1753 814 1824 mother,
839 1752 999 1824 Georgium,
1024 1753 1085 1825 Isip
1108 1757 1137 1810 et
1160 1752 1234 1808 Iruk
1256 1767 1290 1809 ec
1313 1753 1374 1809 uni·

128 1853 226 1896 versos
251 1837 395 1894 llllnensee
414 1838 451 1895 ab
468 1853 526 1895 nna
548 1843 636 1911 parte,
655 1844 682 1896 et
699 1840 872 1896 cellererium
888 1839 1083 1912 Topliceneem
1101 1845 1129 1896 et
1146 1839 1226 1896 Huet
1245 1840 1375 1897 comitem

130 1924 258 2006 eiusdem
275 1925 417 1994 οοοΙοοὶοο,
441 1941 527 1997 super
550 1927 626 1983 iacto
649 1932 740 1983 terrae
764 1926 896 1984 Winodol
922 1933 950 1983 et
972 1927 1060 1984 nucis
1083 1927 1112 1982 in
1136 1925 1234 1983 eadem
1258 1927 1377 1984 existen

128 2012 214 2081 tibus,
231 2012 348 2069 materie
365 2013 519 2100 questionis
531 2014 632 2072 maaet
642 2013 782 2084 ventilata,
795 2013 886 2071 banus
898 2013 1068 2070 contentioni
1090 2013 1174 2072 tinem
1192 2019 1220 2070 et
1238 2013 1378 2070 silentium

128 2100 274 2172 imponere
293 2099 388 2168 voluit,
410 2099 559 2157 iudicando
578 2101 699 2156 inbono
717 2100 847 2156 modum:
866 2107 898 2156 ut
909 2101 1068 2158 cellerarius
1086 2105 1115 2156 et
1132 2115 1226 2158 comes
1243 2099 1329 2169 Hvet,
1347 2101 1376 2156 in

130 2186 210 2244 Gora
226 2201 321 2243 coram
340 2192 519 2258 praeceptore
536 2187 591 2244 loci
609 2191 784 2258 praestarent
810 2188 996 2243 iuramentum
1021 2203 1105 2259 super
1130 2203 1173 2256 eo,
1197 2187 1273 2258 quod
1296 2187 1375 2260 quid·

1 2278 9 2306 ²
130 2273 208 2346 quid,
226 2272 384 2346 incipiendo
401 2290 419 2329 a
436 2274 658 2344 Damaaingeren
676 2291 765 2345 usque
784 2274 819 2331 ad
838 2275 971 2331 terminos
990 2273 1040 2330 filii
1058 2273 1218 2346 stepkonu,
1241 2279 1377 2330 meierum

128 2359 258 2417 eiusdem
274 2365 364 2418 terrae
382 2360 595 2430 reambularent,
614 2361 662 2418 sed
682 2362 836 2418 mundum
853 2361 1016 2433 praeetitum
1034 2365 1238 2417 recrementum
1251 2361 1378 2418 ostende·

131 2453 195 2505 rent
212 2451 241 2504 et
258 2449 441 2519 assignarent,
459 2447 542 2505 iidem
560 2450 714 2521 Blynanees
732 2449 867 2506 deberent
883 2449 1008 2505 tolerare
1021 2447 1195 2505 Adveniente
1213 2449 1308 2520 itaque
1325 2453 1378 2505 ter·

131 2535 211 2592 mino
227 2533 387 2592 cellerarius
405 2541 434 2592 et
450 2551 544 2592 comes
561 2537 641 2593 linet
658 2537 855 2609 praestiterunt
864 2539 1076 2603 momentum,
1093 2539 1121 2591 et
1132 2533 1216 2592 iidem
1232 2536 1378 2592 Blineneer

133 2623 227 2694 ipsam
244 2625 345 2678 terram
362 2621 498 2694 Vyuodol
515 2623 672 2696 praedictee
693 2623 825 2682 ecclesiae
842 2624 1014 2694 reliquerunt
1037 2623 1152 2694 pacifice
1170 2627 1199 2679 et
1214 2622 1379 2680 irrevocabi-

132 2709 205 2778 liter,
223 2725 391 2780 conaenanm
408 2710 607 2783 praebentibus
626 2710 752 2782 Wllrsay,
771 2709 895 2783 Stephco
917 2715 946 2765 et
962 2710 1039 2764 Irrau
1064 2708 1128 2764 filiis
1145 2709 1221 2766 Wlk.
1247 2708 1379 2766 Similiter

133 2803 163 2853 et
180 2797 275 2854 vinem
293 2797 418 2854 eiusdem
434 2803 532 2865 terrae.
552 2799 624 2854 sicut
641 2815 735 2855 comes
747 2797 864 2854 Herenk
881 2796 1014 2866 recitarit,
1032 2799 1061 2852 et
1078 2797 1107 2852 in
1125 2796 1270 2868 privilegio
1283 2797 1377 2852 Iwuus

134 2884 245 2940 comitis
263 2885 459 2956 Zagrebienris
476 2887 660 2942 continentur.
678 2887 780 2942 Terrae
792 2889 887 2940 autern
904 2883 994 2956 prima
1006 2888 1081 2940 meta
1098 2890 1141 2940 est
1159 2883 1378 2954 Damasingereu

2 3045 16 3074 Γ
134 2969 335 3039 (Demniiuova
355 2971 462 3042 porei).
488 2971 559 3030 Inde
583 2989 633 3044 per
656 2973 729 3029 riam
752 2971 789 3028 ad
813 2971 917 3028 fontem
939 2970 1065 3028 Prelizin
1091 2969 1162 3026 Inde
1188 2969 1314 3026 ascendit
1340 2969 1377 3025 nd

133 3063 258 3114 montem
275 3063 304 3114 et
320 3059 396 3115 venit
412 3059 449 3115 ad
466 3076 598 3131 magnam
615 3061 688 3116 uem
706 3077 779 3132 qnae
791 3059 868 3116 ducit
879 3059 915 3116 de
926 3058 987 3116 iore
1000 3058 1132 3130 episcopi.
1144 3055 1215 3112 Inde
1226 3057 1263 3113 ad
1276 3057 1378 3129 pedem

133 3144 238 3202 montis
255 3145 448 3218 Plerumnyra
466 3146 537 3203 Inde
554 3147 591 3204 ad
609 3163 740 3220 magnam
765 3147 838 3204 uam
855 3147 961 3204 Vrana
983 3145 1162 3200 nominatam.
1186 3142 1257 3200 Inde
1280 3143 1317 3200 ud
1342 3143 1377 3200 ri·

134 3231 233 3288 rnlurn
262 3231 385 3290 Smrdea
408 3233 479 3290 Inde
497 3251 547 3306 per
569 3235 659 3292 variae
683 3239 772 3292 metas
794 3234 925 3290 arboreae
950 3233 1059 3301 (iessen,
1086 3247 1236 3288 oscurueaa
1262 3234 1325 3300 etc.)
1352 3237 1381 3288 ot

132 3318 231 3375 villam
257 3319 431 3378 convicinum
453 3322 544 3380 rivulo
567 3321 689 3390 Smrdca
714 3323 789 3378 venit
812 3321 848 3378 ael
872 3323 957 3392 caput
979 3319 1060 3376 rivuli
1084 3315 1269 3376 Moriariniaa
1292 3316 1380 3375 etad

132 3407 229 3464 locum
246 3405 296 3462 ubi
313 3407 367 3463 iuit
384 3425 455 3478 pona
473 3407 577 3466 chac
599 3409 653 3466 Per
671 3425 806 3466 acumen
832 3409 934 3465 montis
958 3405 1101 3463 descendit
1123 3405 1160 3462 ad
1184 3405 1291 3463 iontem
1312 3405 1379 3462 Pro·

133 3491 232 3561 zmak,
251 3495 279 3550 et
296 3492 373 3550 ducit
390 3494 426 3550 ari
444 3495 565 3552 rivulum
589 3495 725 3553 Eubodol.
745 3494 818 3552 iude
837 3493 873 3550 ed
891 3493 997 3550 iontem
1014 3493 1137 3548 Descilo.
1156 3490 1228 3548 lude
1245 3509 1295 3562 per
1313 3490 1379 3547 Glo-

2 3627 24 3669 ,Ι
133 3577 213 3651 boky
230 3579 327 3652 pctok.
345 3581 415 3637 Inde
433 3598 483 3654 per
499 3587 624 3662 montem
635 3581 671 3638 nd
683 3598 815 3654 magnam
832 3582 907 3638 viam
924 3584 952 3636 et
970 3595 1021 3652 per
1037 3583 1161 3635 montem
1174 3579 1294 3650 Ispraae.
1307 3575 1379 3633 Inde

134 3682 187 3739 per
204 3667 295 3722 raone
313 3673 402 3724 metas
419 3669 456 3725 ad
473 3670 593 3726 rivolum
618 3669 769 3727 Lectores
795 3668 901 3724 Datum
918 3667 946 3722 in
964 3666 1078 3722 Petrina
1096 3667 1138 3722 li.
1157 3664 1286 3723 Octobris
1304 3663 1380 3720 1266.

136 3753 321 3811 Confirmatio
338 3760 433 3812 autem
449 3757 564 3828 ospitnli
582 3759 610 3813 in
627 3757 722 3828 vigilie
740 3755 769 3813 S.
788 3754 900 3812 Audrae
918 3771 963 3826 ep.
982 3753 1059 3810 1266.

193 3859 321 3918 mute:
339 3861 418 3918 More.
436 3861 498 3920 liat.
520 3863 550 3918 Τ.
568 3865 592 3919 Ι.
605 3878 637 3932 p.
655 3865 713 3918 132.

191 4017 318 4075 onxx.
340 3987 419 4074 rnre.
444 4021 488 4074 23.
512 4019 677 4076 nemea.
700 4018 863 4091 capitulum
886 4015 1005 4088 repen.
1029 4014 1162 4071 ecciesiae
1185 4018 1283 4070 notum
1306 4011 1397 4081 furo·

137 4103 215 4178 quod
233 4105 377 4163 contitutia
395 4105 432 4161 eb
449 4121 507 4161 una
524 4111 603 4178 parte
620 4105 753 4166 Lucbach
770 4110 799 4160 et
815 4105 899 4160 Petro
917 4103 982 4159 filiis
994 4102 1082 4158 lludrl
1097 4106 1125 4158 et
1137 4101 1173 4157 eb
1185 4101 1273 4157 altera
1283 4100 1381 4157 Murco

10 4243 26 4264 ,
136 4192 198 4250 filio
216 4191 322 4262 Gurdo,
340 4193 496 4265 portionem
521 4210 589 4250 suae
610 4193 757 4250 cuiusdam
783 4191 976 4264 possessionis,
1000 4189 1105 4246 scilieet
1129 4187 1313 4260 quodraginta
1336 4203 1381 4244 ve·

137 4285 216 4338 roten
235 4285 264 4336 et
280 4279 427 4338 dimidium
449 4269 593 4341 c'oniesun
618 4287 662 4337 est
686 4297 716 4338 ee
741 4279 899 4336 vendidisse
926 4277 1001 4335 elicto
1024 4276 1139 4333 Lucech
1165 4280 1194 4332 et
1219 4275 1301 4332 Petro
1328 4289 1380 4346 pro

138 4366 326 4440 quodraginta
346 4367 440 4439 pensis
458 4371 487 4426 et
503 4366 618 4424 dimidia
642 4367 820 4424 denariorum
844 4365 1082 4438 Zegrebiensium,
1111 4379 1230 4436 quorum
1254 4361 1381 4432 singulae

138 4456 262 4526 quinque
280 4469 385 4526 pensae
402 4469 524 4511 mercam
541 4459 609 4510 tunc
626 4455 759 4527 temporie
777 4453 924 4511 iaciebant
938 4453 1095 4511 Astiterunt
1112 4451 1210 4506 iratres
1228 4447 1380 4506 venditoris

136 4541 250 4612 Petkio)
274 4546 302 4598 et
325 4539 456 4613 zlobt(o)
480 4545 509 4598 et
535 4543 736 4614 consanguinei
762 4541 902 4600 eiumem:
928 4540 1049 4609 Dehots,
1068 4537 1233 4608 Wlkcdrug,
1260 4534 1380 4604 Gerena,

137 4629 244 4704 Wlkey
261 4635 290 4688 et
306 4629 455 4703 Philippus
473 4629 548 4687 filins
566 4631 686 4703 Dopche
702 4635 918 4698 commeteueus,
936 4627 1031 4684 Endre
1055 4642 1149 4684 comeo
1171 4624 1309 4682 terrestris
1333 4623 1382 4694 qui
