3464 5382
365 383 424 444 142
857 402 877 441 1.
901 390 1097 462 autumavit,

356 569 385 622 in
394 567 568 630 Dravam3et
578 565 649 622 ultre
656 581 756 637 equam
765 569 841 622 tenet
850 571 937 620 metas
947 583 1010 622 oum
1020 583 1121 636 magno
1131 568 1478 642 Michsslsetpsrequsm
1485 571 1599 628 Dravae

358 655 432 712 venit
442 653 477 710 ed
488 658 599 726 portum
607 651 720 722 Pudosi,
730 653 777 724 qui
786 651 822 708 sd
831 652 938 710 nobiles
949 655 1067 725 pertinet
1075 656 1235 725 antedictos,
1245 664 1274 714 st
1282 657 1326 714 hic
1335 659 1505 714 terminetur.
1519 660 1600 716 Meu

355 748 450 798 autern
462 747 550 798 terroe
567 741 683 810 Bugnse
701 739 798 811 incipit
808 740 838 794 in
856 756 958 810 magno
969 740 1068 798 arbore
1085 742 1162 814 ilyce,
1181 749 1208 800 et
1219 749 1295 802 tenet
1306 751 1409 802 metam
1421 763 1486 802 cnm
1502 747 1600 804 Cruci·

356 831 421 886 ieris
431 829 517 884 suncti
528 827 676 900 sepulchri,
686 833 714 884 et
723 829 847 901 pervenit
855 828 891 884 ed
901 845 1002 900 squam
1015 830 1139 902 Bugnse
1148 832 1272 888 escendit
1281 839 1403 890 montem
1413 841 1440 892 et
1452 835 1599 894 descendit

356 917 391 974 ad
410 935 497 974 unum
523 916 646 984 fluvium,
674 922 702 972 et
728 915 820 974 eundo
845 917 924 974 iuxta
950 917 1047 974 silvam
1073 919 1199 976 escendit
1223 925 1345 978 mentun
1372 928 1401 978 et
1418 923 1599 994 coniungitur

355 1011 446 1062 metae
464 1003 577 1075 Georgii
595 1003 643 1058 filii
661 1002 781 1072 Lucach,
806 1009 834 1060 et
858 1002 893 1059 sd
921 1020 1008 1060 unum
1031 1004 1154 1075 fluvium,
1174 1006 1221 1064 ubi
1244 1013 1320 1064 tenet
1342 1014 1429 1064 metas
1454 1027 1518 1066 cum
1535 1011 1597 1068 Ste

356 1093 449 1166 pheno
468 1091 525 1148 filio
543 1091 656 1162 Pethey,
681 1097 709 1146 et
733 1107 782 1163 per
806 1095 929 1146 montem
952 1091 1095 1148 deseendit
1118 1093 1154 1150 ad
1178 1111 1280 1166 squsm
1305 1096 1403 1166 Bugne
1428 1102 1457 1154 et
1474 1099 1597 1169 iungitur

355 1185 447 1236 metae
464 1178 644 1250 iohagionurn
661 1179 744 1234 castri
761 1177 925 1235 salediensis
941 1179 977 1235 de
994 1195 1095 1250 genere
1112 1183 1268 1250 Mortuum,
1281 1189 1309 1240 et
1321 1201 1370 1256 per
1381 1200 1512 1255 magnum
1524 1185 1597 1242 viam

360 1267 396 1324 ad
415 1273 517 1324 terram
534 1265 678 1324 Bnesevch
702 1271 730 1322 et
754 1265 788 1321 ad
812 1271 914 1322 terram
936 1265 1044 1326 Vichen
1068 1274 1096 1325 et
1118 1275 1219 1326 terram
1245 1272 1352 1327 comitis
1369 1271 1484 1342 Georgii
1500 1279 1530 1328 et
1548 1287 1597 1344 per

356 1355 430 1411 viam
448 1353 485 1410 ad
501 1353 658 1410 terminum.
676 1353 777 1410 Terrae
799 1353 918 1422 Turnos,
934 1371 1007 1426 quse
1024 1361 1067 1412 est
1084 1357 1157 1412 intre
1174 1357 1297 1414 Drevem
1315 1365 1344 1414 et
1362 1359 1482 1428 Murum,
1500 1359 1597 1430 incipit
1712 1367 1713 1396 ³

355 1443 443 1514 prims
460 1447 535 1497 meta
552 1441 581 1496 in
605 1440 669 1496 villa
694 1441 847 1510 Pehisleri,
864 1457 937 1512 quae
955 1441 1099 1500 Bersewch
1116 1449 1238 1512 vocetur,
1257 1445 1332 1517 epod
1344 1445 1459 1502 fluvium
1470 1444 1597 1502 eusdem

355 1530 436 1588 villae
454 1535 483 1586 et
500 1529 576 1584 redit
593 1528 628 1586 ed
646 1529 747 1597 locum,
765 1528 814 1584 uhi
832 1529 890 1584 exit
912 1529 948 1586 ed
970 1546 1101 1601 magnum
1124 1533 1205 1598 dam,
1225 1547 1321 1588 versus
1342 1539 1449 1604 pertem
1466 1531 1596 1588 meridio-

352 1617 446 1674 nelem
467 1621 496 1673 st
512 1615 586 1672 cadit
609 1615 644 1672 ed
668 1623 779 1684 metam,
803 1615 852 1672 nbi
876 1621 919 1672 est
945 1624 1151 1674 commetansns
1174 1619 1317 1688 Petrislcv‚
1334 1620 1422 1676 tendit
1439 1619 1476 1676 ed
1494 1625 1596 1674 terram

353 1703 448 1775 magni
468 1703 619 1772 Michaelis,
644 1719 717 1774 quae
741 1703 882 1760 Lsdniche
905 1711 1026 1773 vocetur,
1051 1710 1079 1762 et
1102 1707 1228 1778 pervenit
1250 1705 1287 1762 ed
1310 1721 1412 1776 aqimus
1429 1707 1549 1773 Temos,
1567 1712 1597 1762 et

353 1791 430 1848 radit
446 1791 482 1848 ad
500 1807 631 1861 magnam
649 1792 731 1860 dem,
749 1796 777 1846 et
794 1791 930 1848 transiens
948 1807 1010 1848 sem
1027 1797 1103 1850 tenet
1119 1801 1209 1850 metes
1226 1810 1291 1850 oum
1308 1795 1407 1852 comite
1426 1793 1549 1863 Georgio
1567 1799 1596 1850 et

353 1895 417 1935 oum
436 1878 499 1933 liliis
526 1877 706 1948 icbegionum
733 1878 815 1934 casin
841 1877 877 1934 de
905 1879 979 1947 Zela,
1007 1885 1035 1935 et
1061 1897 1110 1952 per
1134 1881 1275 1954 planitiem
1301 1881 1401 1938 itonam
1426 1881 1461 1936 ad
1487 1897 1597 1952 equom

353 1966 474 2035 Turnoa,
493 1970 521 2020 et
537 1964 573 2020 ad
591 1982 721 2036 magnoni
739 1966 812 2021 riam
829 1981 879 2038 per
896 1971 1005 2022 montes
1022 1972 1051 2024 et
1068 1968 1151 2022 silves
1169 1968 1205 2024 ad
1223 1968 1361 2024 Bersench
1379 1973 1408 2024 ot
1425 1968 1516 2024 finem

405 2053 442 2108 Ios
460 2057 635 2122 transumpto
660 2053 780 2122 capituli
799 2053 965 2110 oham
983 2054 1017 2110 os
1034 2072 1060 2111 o.
1078 2059 1148 2110 1391
1166 2057 1205 2112 od
1221 2057 1381 2125 petitionem
1404 2055 1524 2112 elosae
1535 2055 1597 2125 filis·

355 2140 432 2196 Petri
449 2140 483 2196 de
500 2139 649 2210 deposcere
667 2123 815 2208 (rinocore)
833 2146 860 2196 et
877 2141 1001 2198 Fobioss'
1016 2143 1164 2211 probiter·
1181 2144 1297 2200 rectoris
1314 2143 1440 2200 eccleciae
1456 2158 1478 2198 s.
1498 2143 1593 2200 litet

356 2229 426 2284 totis
443 2227 476 2283 do
493 2227 649 2298 Lyudbrop.
671 2228 814 2299 Oricinolo
831 2229 863 2284 io
880 2243 940 2283 meo
962 2229 1128 2286 collectim

408 2365 614 2422 coccum.
641 2367 679 2422 rs
704 2351 796 2438 lasse
823 2366 951 2438 (sola),
978 2371 1020 2422 1⁷.
1048 2367 1207 2424 semona
1234 2371 1312 2423 1244.
1343 2369 1410 2425 aen
1428 2367 1471 2424 rv
1488 2387 1540 2425 τοι
1557 2370 1593 2426 sc

354 2453 518 2526 petitionem
536 2453 701 2525 Stephocnis
719 2454 767 2509 filii
785 2453 899 2510 Roberti
916 2455 1062 2512 confirmet
1079 2456 1105 2511 ei
1117 2456 1273 2526 empticism
1286 2458 1489 2528 possessionem
1501 2457 1594 2530 Wsty·

355 2540 512 2596 chemewcs
530 2541 620 2609 (Pnsti
644 2525 751 2611 Omee),
769 2547 798 2596 et
819 2543 979 2598 transmittit
996 2543 1032 2598 ad
1050 2541 1236 2615 inspiciendas
1254 2550 1341 2598 metes
1360 2542 1486 2615 ejusdem
1503 2550 1594 2600 terres

355 2627 503 2685 Nicolaum
521 2629 711 2700 preepositum
736 2629 899 2700 agriensem,
925 2628 962 2685 ad
988 2628 1183 2701 inquirendum
1210 2631 1303 2697 etism,
1328 2645 1385 2701 quo
1409 2631 1470 2686 iure
1497 2629 1595 2687 eadem

354 2722 427 2772 torm
444 2715 480 2772 sd
499 2717 592 2788 ipsum
610 2717 746 2788 pertinere
763 2723 906 2784 corculum
925 2718 1011 2790 petito
1029 2735 1047 2772 a
1064 2717 1192 2772 Dionisio
1209 2718 1283 2773 banc
1302 2723 1329 2773 et
1344 2715 1415 2773 duce
1432 2717 1521 2774 totius
1535 2717 1596 2774 Sla-

355 2805 454 2860 voniae
472 2801 613 2874 fidedigno
630 2804 750 2874 homine,
775 2805 912 2860 emissus
930 2809 972 2861 est
989 2821 1052 2860 cuns
1070 2803 1187 2861 Nicoleo
1207 2804 1322 2877 Rodvey
1339 2805 1375 2861 de
1393 2821 1493 2877 genere
1511 2805 1596 2877 Aghe

333 2961 336 2970 ,
355 2891 462 2948 comitia
480 2907 498 2946 a
514 2892 637 2964 ospitulo
654 2891 828 2963 segrebiensi
846 2892 997 2964 Gregorius
1010 2893 1158 2948 canonicus
1171 2911 1223 2964 pro
1235 2892 1402 2962 testimonio,
1414 2911 1478 2950 eum
1491 2893 1594 2964 quibus

351 2980 493 3051 inquirens
518 2979 628 3036 rescivit
651 2997 669 3034 s
686 2979 782 3035 vicinis
806 2985 834 3034 et
852 2979 912 3034 aliis
930 2977 1078 3046 nobilibus,
1097 2977 1214 3034 candem
1232 2985 1334 3035 terrem
1355 2995 1415 3035 esee
1432 2979 1461 3034 in
1480 2981 1596 3036 veritato

353 3083 442 3135 susm,
460 3085 524 3123 cuns
541 3067 618 3123 illam
635 3084 653 3122 a
670 3067 791 3135 Martum,
811 3067 958 3122 Martunns
983 3071 1011 3122 et
1028 3065 1121 3122 Pouss
1144 3065 1208 3120 filiis
1226 3065 1339 3137 Drsgus
1357 3065 1392 3121 ds
1409 3063 1498 3136 Blins,
1516 3068 1596 3125 nobi-

353 3154 427 3210 libus
447 3155 624 3212 servisntium
641 3155 713 3226 regis
732 3171 783 3226 pro
801 3155 897 3226 viginti
916 3159 979 3210 octo
996 3154 1096 3208 mercis
1108 3153 1212 3208 emerit.
1229 3153 1301 3224 Ejus
1314 3158 1403 3209 torreo
1414 3159 1505 3210 metas
1518 3163 1595 3211 sunt:

353 3243 447 3298 Prima
464 3243 561 3314 incipit
584 3259 602 3298 a
625 3242 716 3298 littore
740 3241 823 3312 Sava,
848 3241 896 3296 uhi
919 3241 1024 3296 rivulus
1049 3239 1189 3296 Cherusca
1207 3239 1281 3295 cedit
1298 3241 1326 3294 in
1349 3239 1452 3296 dictum
1470 3241 1595 3311 fluvium,

353 3330 430 3386 sedit
448 3329 484 3385 ad
502 3331 587 3385 elium
605 3331 695 3385 rivum
712 3330 842 3397 Listou03
865 3345 914 3401 per
938 3329 1028 3384 varias
1046 3333 1133 3384 metes
1157 3327 1287 3383 erborees
1304 3329 1380 3383 venit
1397 3327 1433 3384 ed
1451 3329 1596 3400 antiquum

353 3419 434 3486 dam,
454 3434 504 3490 per
527 3433 612 3489 quem
635 3417 671 3472 ad
694 3417 832 3472 novellum
856 3417 937 3486 viem,
962 3415 1010 3472 ubi
1034 3433 1052 3470 a
1075 3415 1192 3470 sinistris
1211 3415 1322 3470 fuerunt
1339 3417 1520 3472 commetasei
1540 3417 1596 3472 Bli-
1712 3457 1713 3494 p

353 3519 462 3572 nenses,
480 3503 593 3574 qnando
611 3503 702 3560 dictus
726 3505 903 3576 praepositus
920 3503 972 3559 hes
989 3509 1078 3559 metes
1096 3503 1229 3574 inspexit3
1251 3502 1300 3558 sed
1318 3503 1384 3572 quia
1401 3508 1502 3557 terrem
1520 3503 1595 3559 Elin·
1712 3543 1713 3556 ,

353 3593 482 3648 nensium
499 3590 576 3646 dedit
594 3590 773 3662 postmodum
790 3607 839 3646 rex
851 3590 1008 3663 hospitibus
1020 3589 1056 3646 de
1068 3590 1167 3663 Scyth,
1180 3589 1264 3645 iidem
1276 3589 1399 3660 hospites
1412 3591 1595 3647 commetanei

352 3679 443 3736 effecti
461 3683 538 3746 sunt;
567 3696 584 3733 s
612 3679 730 3733 sinistris
756 3679 938 3734 commetanei
965 3683 1030 3732 sunt
1055 3677 1184 3732 monachi
1210 3676 1246 3731 do
1272 3677 1420 3748 Tcplieha;
1448 3693 1497 3746 per
1521 3678 1595 3733 viem
1712 3699 1713 3744 i

355 3766 493 3822 novellam
511 3767 620 3822 venitur
646 3765 682 3820 ad
711 3771 813 3820 motem
840 3769 929 3820 terrae
956 3764 1080 3820 eiusdem
1107 3763 1280 3835 scsphconis,
1307 3780 1392 3834 quem
1416 3762 1540 3835 possidet
1557 3765 1594 3820 eb

353 3855 476 3926 entique,
501 3859 529 3910 et
555 3855 610 3910 itur
636 3869 725 3926 usque
743 3852 779 3908 sd
803 3852 917 3907 fluvium
936 3852 1017 3919 Sava,
1035 3852 1134 3907 transit
1156 3851 1290 3906 fosestsrn
1307 3851 1479 3918 Prevlakcm,
1498 3857 1526 3906 et
1544 3869 1595 3924 per

353 3957 456 4012 squam
475 3941 630 4013 Scephcina
647 3941 718 3997 redit
735 3941 764 3995 in
782 3939 891 4002 Seram.
910 3945 938 3995 et
955 3940 1125 3995 terminatur.
1143 3939 1204 3994 Rex
1222 3937 1367 3994 confirmet
1383 3938 1474 4010 ipsam
1491 3944 1594 3995 terram
1712 3963 1713 3992 i

354 4027 507 4099 Stephooni
524 4032 651 4099 presente
670 4028 793 4082 Damass
811 4025 901 4081 villico
919 4025 955 4081 de
973 4025 1065 4097 Scytis
1083 4023 1195 4096 (Sisek).

411 4114 539 4171 Ttoldii:
557 4115 631 4170 lion.
650 4115 731 4184 episc.
749 4112 944 4184 sacrationis,
962 4113 987 4166 Ι.
1008 4115 1051 4166 82.

407 4235 597 4293 cccclxx,
620 4237 711 4292 Juxta
735 4240 857 4292 codrum
880 4235 973 4292 Baros
997 4237 1030 4290 13
1053 4233 1153 4290 ments
1178 4233 1340 4290 Nooeoohris
1366 4235 1445 4288 1244.
1463 4233 1532 4290 Bela
1549 4236 1593 4292 IV

356 4342 406 4382 rex
423 4322 601 4382 considerans
620 4321 784 4378 multimoda
802 4323 912 4378 servitis
929 4321 1050 4378 filiorum
1066 4320 1166 4378 Prihec
1185 4321 1317 4388 Chemes,
1345 4320 1448 4376 scilieet
1463 4320 1593 4391 Prodaui,

354 4411 484 4480 Ptotuch
508 4409 623 4478 Junci,
648 4409 839 4482 leynkonis,
863 4409 1005 4479 Borimeri,
1028 4408 1159 4480 Kupleni‚
1183 4408 1293 4475 Marini,
1312 4408 1439 4475 Meinari‚
1458 4407 1593 4478 Hotheni,

355 4499 506 4570 Ohlspene,
524 4497 657 4566 smburi,
676 4497 848 4566 (ihedomeri,
868 4497 971 4570 Wlkoy
989 4503 1016 4553 et
1033 4496 1155 4567 Thonye
1174 4495 1211 4551 ab
1223 4495 1305 4551 inicio
1317 4494 1497 4566 iobsgionum
1509 4497 1594 4552 castri
1712 4565 1713 4582 Χ

354 4585 389 4642 de
408 4585 565 4658 Podgorya
584 4602 657 4656 quse
674 4587 700 4641 ei
718 4591 746 4642 et
757 4586 978 4642 antecessoribus
990 4585 1050 4640 eins
1062 4584 1264 4655 praestiterunt,
1276 4581 1396 4639 confinis
1406 4583 1484 4653 regni
1496 4590 1593 4640 oontm

354 4673 459 4730 vicinos
477 4671 570 4744 duces,
589 4671 715 4730 videlicet
732 4672 832 4730 ducem
849 4673 980 4730 Amtriee
991 4677 1020 4728 et
1033 4671 1142 4745 Styrise
1159 4688 1210 4730 nec
1228 4688 1283 4727 non
1302 4669 1401 4726 ducem
1413 4669 1593 4744 Kucnthise,
