3480 5356
344 394 408 461 318
843 420 865 461 c
885 405 1084 482 musmo,

395 581 526 640 mcxxi
550 585 628 638 1272.
646 581 806 654 Stephanus
818 581 854 638 V.
866 598 916 638 rex
927 582 1059 652 notificet,
1072 583 1191 656 qualiter
1204 585 1337 658 magister
1355 584 1432 642 Busa
1443 585 1588 659 qnondam

343 675 442 726 cantor
459 668 579 742 Zagrah.
598 669 730 726 ecclesiae
748 685 812 725 curn
830 668 922 726 adhuc
948 671 1061 740 viveret,
1085 671 1206 728 decrevit
1232 679 1264 728 ut
1292 672 1410 744 singulis
1435 673 1536 730 diebus
1562 677 1590 732 in

343 757 479 814 honorem
497 757 530 812 B.
548 757 588 814 ht
607 756 741 828 Virginis,
755 756 827 812 circa
839 757 1035 828 crepusculum
1052 757 1117 827 diei,
1135 759 1163 814 in
1181 759 1333 816 cathedrali
1344 759 1461 818 ecclesie
1472 763 1591 834 Zegrah.

342 845 430 900 mhse
457 843 644 900 indesinenter
671 843 772 900 debeat
796 843 951 915 decantari,
975 845 1048 901 sicut
1071 847 1155 902 etiem
1179 846 1304 904 eiusdem
1327 847 1429 904 misses
1450 849 1483 904 Β.
1501 849 1538 906 V.
1561 850 1590 903 in

344 931 442 988 eadem
461 931 578 988 ecclesie
595 929 711 987 celebris
738 929 901 995 hebebatur,
920 931 1029 988 adhoc
1053 932 1236 990 exercendum
1265 930 1376 990 dnobus
1399 934 1591 992 sacerdotibus

341 1019 484 1088 institutis,
513 1017 616 1090 quibus
638 1017 674 1073 ed
702 1018 932 1074 sustentationem
956 1018 1077 1076 contulit
1100 1019 1242 1090 quoddam
1267 1020 1413 1092 praedium
1435 1019 1471 1078 ed
1496 1021 1591 1080 onor

341 1107 462 1163 ricinum
480 1121 568 1178 prope
585 1103 699 1160 fluvium
718 1104 807 1182 seue.
829 1105 956 1162 Oontulit
983 1107 1067 1162 etiam
1094 1106 1168 1164 dnos
1194 1123 1290 1164 servos
1316 1107 1429 1164 Bndnlo
1447 1113 1476 1164 et
1493 1109 1590 1166 Ochus

341 1210 405 1250 cum
422 1197 511 1249 matre
530 1191 689 1248 eorundem
709 1192 780 1248 Item
799 1209 884 1248 unam
909 1193 1018 1249 vineam
1036 1192 1066 1248 in
1082 1192 1215 1251 Jelsench
1233 1195 1306 1252 intre
1323 1195 1492 1252 territorium
1514 1197 1589 1268 capi-

340 1281 394 1336 tuli
419 1279 545 1352 Zegrab,
575 1297 660 1351 quam
682 1279 859 1336 collationem
883 1296 932 1336 rex
956 1280 1109 1338 confirmet.
1136 1281 1242 1338 Datum
1266 1299 1317 1354 per
1339 1297 1440 1338 manua
1463 1283 1589 1355 magistri

340 1366 484 1424 Benedicti
511 1367 661 1439 praepositi
691 1367 846 1423 orodiensis
874 1367 955 1424 aulae
982 1368 1205 1425 vicecancellarii.
1235 1367 1429 1426 Existsntibus
1456 1369 1587 1444 Philippo

339 1455 534 1526 strigoniensi,
552 1454 696 1526 stephano
715 1454 855 1510 colocensi
872 1454 954 1510 sulae
966 1455 1131 1512 canccherlo
1145 1461 1173 1512 et
1183 1455 1315 1512 Johanne
1328 1455 1488 1528 Spelatenai
1499 1457 1587 1513 archi·

342 1543 491 1616 episcopis,
508 1541 654 1598 Timotheo
680 1539 791 1612 Zegrab
822 1541 907 1613 episc.
932 1539 1080 1598 Joechimo
1106 1542 1181 1599 beno
1208 1543 1294 1598 totius
1321 1541 1476 1610 slavonice,
1503 1543 1586 1600 Petro

339 1631 474 1701 magistro
492 1628 681 1700 dapiferornm
700 1627 801 1686 comite
819 1625 855 1682 de
873 1625 1009 1696 Gucrche,
1031 1629 1121 1685 Paulo
1139 1627 1213 1686 hano
1231 1629 1332 1686 comite
1349 1629 1508 1704 Bathyeusi,
1532 1629 1586 1690 Po·

338 1717 411 1790 nych
428 1716 502 1772 bano
519 1716 621 1774 comite
639 1713 806 1770 Zaladiensi.
1404 1721 1405 1724 ’

392 1805 519 1862 Tlseldid:
535 1805 611 1862 Mea.
628 1803 693 1859 hist.
715 1803 744 1858 T.
762 1803 786 1857 I.
803 1818 833 1872 p.
851 1805 912 1860 164.

391 1945 546 2002 MLXXII.
564 1947 644 2002 12⁷2.
662 1942 824 2015 Stephanus
841 1941 877 1998 V.
896 1959 945 1998 rex
963 1943 1107 2014 significet,
1125 1943 1201 2016 quod
1213 1945 1284 2001 inter
1298 1949 1406 2016 petrem
1417 1945 1581 2019 Philippum

336 2033 577 2105 archiepiscopum
599 2029 819 2101 strigoniensem
842 2045 877 2086 ex
901 2045 957 2084 una
982 2036 1068 2102 perte,
1087 2037 1115 2087 et
1134 2031 1206 2088 inter
1228 2031 1389 2089 Ionndum
1413 2037 1516 2090 haeum
1534 2035 1581 2091 cui

335 2121 481 2178 collectam
507 2119 612 2190 regiam
638 2122 745 2189 septem
769 2115 945 2172 denariorum
969 2117 1041 2173 ultre
1064 2117 1187 2175 Dravam
1209 2135 1260 2190 pro
1283 2119 1361 2177 lucro
1382 2137 1509 2178 camerae
1530 2137 1580 2178 rex

335 2209 457 2277 donavit,
477 2223 560 2282 super
584 2205 693 2263 decima
717 2204 806 2277 ipsine
830 2203 963 2260 collectae
987 2208 1049 2260 orte
1072 2219 1166 2262 coram
1190 2221 1255 2277 rege
1278 2207 1394 2262 metetis
1417 2207 1579 2278 questionis,

334 2299 398 2369 ipso
416 2295 626 2366 erchiepiscopo
644 2291 807 2349 vendicante
831 2289 954 2348 decimas
973 2307 1008 2347 ex
1026 2292 1089 2363 ipse
1106 2292 1159 2348 sibi
1177 2298 1205 2348 et
1223 2293 1355 2350 ecclesias
1380 2309 1447 2350 suae
1470 2292 1579 2350 debitae

334 2389 395 2440 tum
414 2400 449 2440 ex
467 2381 622 2454 privilegio,
639 2384 708 2434 tum·
725 2395 760 2434 ex
784 2379 900 2449 antiqua
923 2378 1122 2436 consuetudine
1146 2380 1226 2436 cuiue
1253 2396 1310 2436 non
1336 2385 1413 2438 extat
1438 2381 1579 2438 memoria

334 2471 369 2526 ln
387 2469 525 2526 contrario
543 2472 638 2523 autem
656 2465 787 2523 horando
815 2470 935 2536 negante
962 2471 990 2522 et
1016 2471 1206 2535 asseverante,
1234 2467 1270 2522 dc
1296 2467 1414 2524 collecta
1439 2467 1509 2524 lucri
1535 2484 1580 2539 esf

333 2573 427 2614 merae
445 2556 518 2612 ultre
535 2554 658 2610 Dravam
677 2569 816 2624 nusquam
840 2553 1081 2625 archiepiscopum
1107 2553 1326 2626 strigoniensem
1351 2555 1509 2626 percepisse
1532 2553 1579 2611 de·

332 2645 441 2702 cimam
460 2643 485 2699 E
505 2642 644 2698 contrario
663 2640 864 2696 demonstravit
882 2640 1108 2712 archiepiscopus
1135 2639 1211 2711 quod
1235 2641 1261 2698 ei
1284 2640 1394 2697 decima
1416 2657 1467 2712 per
1487 2646 1578 2698 totum

331 2748 449 2804 regnum
468 2729 630 2798 debehatur,
649 2743 722 2800 qnae
740 2728 766 2784 ei
784 2728 868 2783 etiam
887 2744 936 2799 per
953 2727 1060 2782 littores
1073 2727 1188 2798 papales
1206 2732 1234 2783 et
1251 2728 1386 2798 genitoris
1403 2729 1476 2799 regis
1494 2728 1578 2784 Belee

331 2817 384 2875 IV.
402 2819 582 2875 confirmatae
601 2817 722 2872 fuerunt
741 2815 880 2884 Quocirca
900 2831 949 2870 rex
967 2813 1021 2885 ipsi
1039 2813 1170 2870 Lorando
1188 2812 1262 2870 bano
1281 2820 1309 2870 et
1326 2813 1457 2871 omnibns
1475 2813 1578 2886 quibus

331 2906 406 2962 dicta
423 2906 540 2962 collecte
556 2905 585 2960 in
603 2903 727 2960 futurum
746 2901 898 2958 donaretur
915 2901 1056 2957 silentium
1075 2905 1242 2974 perpetuum
1260 2902 1395 2974 immsuit
1411 2900 1589 2959 adiudicans¹

331 2993 407 3066 ipsas
425 2992 548 3049 decimes
566 2992 635 3048 lucri
653 3007 780 3048 camerae
797 2990 871 3046 ultra
888 2989 1018 3047 Drawam
1036 2989 1247 3062 archiepiscopo
1265 2989 1450 3062 strigoniensi
1468 2992 1576 3064 atejus

331 3082 476 3238 malfet}
497 3168 563 3226 (lod.
581 3167 651 3236 cipi
677 3167 707 3222 V.
724 3165 778 3222 ccl.
797 3168 820 3221 l.
838 3181 866 3234 p.
886 3169 944 3221 251.

382 3307 552 3364 MLXXIlI.
579 3311 657 3364 1272.
678 3303 840 3377 stephanus
858 3304 895 3360 V.
919 3320 969 3360 rex
991 3304 1124 3372 notificet,
1139 3303 1225 3374 .quod
1249 3304 1365 3362 stanislr
1390 3306 1465 3364 iilius
1488 3307 1576 3364 Vera·

329 3395 400 3468 cysk
415 3394 530 3466 j0bugio
548 3394 632 3450 castri
650 3393 844 3462 Zagrabiensis
861 3409 926 3448 cum
945 3408 996 3446 sua
1014 3392 1193 3462 generatione
1203 3391 1242 3448 ad
1253 3393 1325 3463 regis
1337 3393 1474 3451 accedens
1495 3411 1574 3466 pree·

330 3483 447 3540 sentiam
465 3481 638 3538 exhibuisset
655 3481 760 3536 litteras
779 3479 964 3551 privilegialee
982 3479 1120 3535 Joeohimi
1139 3479 1204 3536 beni
1222 3480 1308 3538 totius
1326 3480 1475 3538 slavonice
1490 3499 1574 3555 super

328 3571 455 3626 libertate
479 3586 532 3624 sne
554 3575 582 3624 et
607 3585 721 3624 suornm
745 3557 928 3638 cognatorum
953 3565 1138 3638 supplicando
1163 3572 1195 3622 ut
1216 3583 1266 3624 ees
1289 3567 1453 3626 confirmare
1476 3569 1572 3640 digne·

328 3661 410 3714 retur.
428 3655 464 3710 In
481 3655 579 3711 litteris
598 3659 692 3710 autem
711 3655 777 3710 beni
797 3654 999 3722 continebatur,
1024 3653 1100 3724 quod
1124 3669 1191 3728 cnm
1215 3653 1289 3711 idem
1311 3655 1435 3728 stanyslr
1461 3662 1489 3713 et
1514 3661 1574 3713 tota

329 3760 381 3799 ena
407 3743 549 3814 generatio
576 3743 724 3798 monaster
748 3741 776 3796 in
801 3741 958 3813 praesentia
984 3741 1069 3796 Belae
1095 3740 1176 3796 ducis
1202 3741 1248 3797 fel.
1275 3743 1425 3799 memoriae
1451 3749 1574 3800 astarent

328 3845 412 3902 super
430 3827 573 3900 quoddam
591 3828 704 3898 negotio
722 3828 874 3896 tractaturi,
894 3845 943 3900 per
967 3827 1150 3884 offendiosem
1168 3831 1196 3883 et
1214 3829 1338 3900 ineptam
1363 3831 1573 3902 responsionem

327 3917 410 3972 nnius
428 3933 464 3972 ex
482 3917 558 3988 ipsis,
577 3915 606 3970 in
624 3913 779 3971 delaturam
806 3915 954 3986 lignorum,
979 3931 1029 3970 seu
1042 3965 1043 3968 ,
1054 3914 1197 3985 ligniieros
1220 3915 1439 3974 conditionarios
1463 3915 1572 3974 incidis·

326 4010 389 4061 sent
406 4009 434 4060 et
451 4003 553 4060 exinde
570 4005 599 4059 in
616 4009 771 4058 munusue
789 4002 864 4058 idem
883 4001 942 4057 dux
962 4003 1029 4058 Bela
1046 4018 1095 4057 eos
1114 4001 1275 4073 redegisset
1299 4001 1484 4061 Postmodum
1508 4019 1572 4061 cnm

326 4093 396 4148 scita
413 4093 527 4148 verimte
545 4097 678 4162 expertus
697 4091 832 4146 voluisset
857 4090 936 4162 ipsos
953 4091 982 4144 in
997 4089 1210 4160 j0bagionetum
1234 4089 1318 4146 castri
1341 4091 1460 4162 Zagreh.
1484 4097 1571 4148 hans·

325 4180 405 4248 ferre,
423 4184 507 4251 prout
534 4179 653 4250 primum
681 4177 767 4234 irrisse
790 4177 962 4245 dicebantur,
982 4176 1031 4232 sed
1049 4177 1120 4232 duce
1138 4176 1283 4234 demedio
1310 4177 1431 4248 sublato,
1457 4177 1570 4234 demum

327 4267 363 4322 ad
378 4266 540 4338 petitionem
558 4282 655 4322 eorum
671 4266 869 4320 commiserans
881 4265 922 4320 eis
934 4263 1033 4334 banne,
1045 4264 1187 4320 exaudivit
1198 4265 1394 4323 Thimotheum
1407 4267 1570 4338 episcopum

323 4353 442 4424 Zagrab.
462 4352 617 4424 capitulum
629 4351 755 4424 ejnsdem
767 4352 831 4420 loci,
850 4353 889 4406 M.
907 4350 1038 4407 abbatem
1056 4352 1258 4424 Topliceneem,
1273 4353 1421 4423 magistros
1440 4367 1569 4424 praecep·

322 4445 396 4497 tores
409 4441 630 4512 Templariornm
648 4444 676 4495 et
693 4438 928 4511 Hospitaliorum,
941 4437 1105 4510 nobilesque
1123 4440 1216 4509 regui:
1234 4439 1310 4494 Iwan
1328 4440 1466 4509 comitem,
1480 4439 1568 4494 hlium

323 4528 441 4600 steyn,
459 4527 593 4596 (nonu),
610 4527 725 4596 nuum,
736 4525 820 4598 ruys,
833 4525 995 4582 naussum
1014 4533 1042 4582 a
1058 4527 1181 4594 Pomm,
1200 4527 1272 4582 finos
1291 4527 1393 4595 nune,
1406 4527 1568 4596 nemum,
1587 4513 1592 4518 ’

322 4615 436 4671 Petrum
454 4614 527 4670 tilios
545 4614 670 4684 Herenk,
689 4614 812 4682 Mortun,
833 4613 968 4682 Onchnik,
988 4605 1157 4670 Damianum
1176 4618 1204 4670 et
1221 4613 1392 4685 Oybriannm
1410 4613 1566 4686 degenere

322 4703 397 4760 Atha
415 4703 533 4774 (Agha);
546 4703 712 4774 johegiones
731 4719 796 4760 vero
813 4701 897 4758 castri
913 4701 1044 4772 Zegrab.:
1065 4701 1199 4774 Naagrag
1217 4701 1359 4774 (Nedreg),
1379 4701 1563 4775 Wpdorllum,
