3488 5380
374 439 440 504 242
877 463 898 502 ι.
918 449 1116 522 normanni,

373 627 509 682 divisione
536 626 753 699 possessionum
781 625 977 696 Interrogabat
1003 626 1087 680 etiam
1109 641 1203 682 eomes
1228 626 1392 681 leonardus
1418 643 1455 681 sn
1482 625 1622 698 quaedam

373 721 447 770 terra
471 715 524 768 sita
547 713 618 767 inter
641 713 773 768 Drawum
800 718 828 766 et
854 712 966 766 liuram
992 710 1028 766 ad
1055 713 1147 782 ipsum
1175 713 1264 784 possit
1290 713 1435 784 pertinere,
1462 713 1513 768 eui
1535 713 1620 768 etiam

374 801 480 857 Miobal
504 799 671 855 contradixit
695 806 723 854 et
746 799 914 854 contrarium
935 797 1142 854 demonstrarit
1161 800 1198 856 Et
1217 800 1256 856 sic
1273 816 1338 856 cum
1357 800 1430 858 bona
1448 800 1525 872 pacis
1546 805 1622 856 tran·

374 890 500 962 quilitate
525 887 560 944 ab
585 889 702 943 invicem
721 893 786 943 sunt
804 887 932 959 separati.
983 945 986 950 ,

428 995 472 1048 Ec
490 995 604 1050 cretico
621 993 754 1050 comacli
772 993 903 1048 Badeaei.
930 992 1044 1048 Wencel:
1066 992 1131 1048 (lod.
1150 991 1220 1061 dipl.
1238 993 1308 1061 Arp.
1331 991 1393 1048 Vll.
1415 997 1476 1047 532.

427 1134 600 1190 DOCCVII.
618 1134 730 1190 Vrblab
749 1137 941 1188 lim-1272.
960 1133 992 1187 ia
1014 1134 1089 1201 sesto
1112 1149 1133 1188 s.
1161 1131 1265 1188 Gracia.
1290 1133 1450 1204 Stephanus
1468 1135 1544 1191 Urci
1572 1153 1623 1190 rex

375 1223 491 1279 Serbise
508 1221 656 1277 confirmat
673 1219 873 1276 mercatoribus
891 1221 1042 1290 Ragusinis
1056 1220 1198 1290 privilegia
1217 1236 1350 1276 concessa
1367 1222 1407 1276 eis
1425 1239 1442 1277 a
1459 1221 1622 1294 praedeces·

380 1309 491 1366 acribus
511 1309 569 1364 suis
586 1309 669 1379 Juxta
686 1309 776 1378 legem
795 1314 823 1363 et
840 1306 1069 1363 consuetudinem
1087 1307 1238 1377 anb'quam,
1250 1307 1286 1362 ad
1299 1309 1461 1380 petitionem
1472 1311 1623 1366 missorum

377 1397 494 1469 Ragusii
512 1397 622 1452 Nicolai
640 1396 742 1451 Krusit
761 1399 789 1450 et
806 1395 938 1450 Binculae
955 1395 1101 1450 Tostorid.

428 1500 590 1556 Millosicis:
609 1503 684 1556 Mon.
703 1499 816 1555 dodico
832 1516 860 1568 p.
880 1504 920 1556 51.

430 1639 620 1696 Doucvm.
639 1640 713 1711 Dlgo
732 1639 824 1710 Polla.
839 1641 1034 1695 mitt-1272.
1047 1638 1208 1710 Stephanus
1221 1639 1295 1696 Uroi
1307 1657 1356 1694 rex
1369 1639 1483 1698 Serbiae
1500 1641 1537 1697 ad
1555 1645 1624 1714 peti·

377 1729 480 1784 tionem
499 1727 648 1782 missorum
666 1725 874 1796 ngsminorum
892 1723 1038 1780 Grubesse
1056 1731 1084 1780 et
1102 1725 1211 1782 Nicolai
1235 1725 1381 1782 confirmat
1404 1727 1548 1798 privilegia
1565 1728 1623 1786 Ra·

375 1815 487 1886 gusinia
504 1831 522 1869 a
541 1819 618 1885 patre
637 1813 697 1868 eius
719 1829 852 1868 concessa
869 1819 898 1868 et
916 1813 1014 1868 statuit
1037 1813 1238 1870 controversias
1255 1813 1327 1868 inter
1344 1813 1464 1870 Serbum
1482 1820 1511 1870 et
1527 1815 1622 1886 Ragn-

380 1903 471 1956 siuum
489 1898 659 1956 dirimendas
677 1916 739 1954 esse
757 1917 774 1954 a
791 1899 904 1954 duobus
919 1899 1062 1970 iudicibus
1086 1916 1205 1970 quorum
1229 1899 1299 1955 alter
1319 1899 1423 1956 Serbus
1441 1901 1511 1956 alter
1527 1901 1623 1973 Ragn-

376 1990 454 2044 sinus
480 1989 531 2055 sit,
555 1988 757 2044 controversias
779 2003 844 2042 vero
866 1989 937 2042 inter
962 1987 1102 2044 Saxonem
1126 1994 1155 2043 et
1176 1987 1351 2058 Ragnsinum
1375 2004 1392 2044 s
1415 1987 1527 2044 dnobus
1547 1989 1624 2062 judi·

375 2077 455 2134 cibus
473 2077 586 2134 Suone
604 2081 633 2132 ot
649 2075 802 2146 Ragusino.

428 2181 596 2239 Millosicb:
615 2184 690 2237 Mun.
709 2180 823 2236 &rusca
839 2197 868 2248 p.
888 2184 928 2235 51.

433 2321 591 2380 uocem.
617 2325 810 2378 racc-1272.
829 2321 989 2394 stephanus
1006 2322 1081 2378 mos
1104 2337 1152 2376 m
1177 2321 1291 2377 sesne
1313 2299 1460 2378 ‘comme
1477 2323 1622 2394 psvnsga

378 2411 530 2483 Begusinis
548 2423 682 2466 concessa
700 2409 740 2463 eis
758 2425 775 2463 a
792 2408 877 2464 fratre
895 2425 947 2464 suo
965 2407 1109 2480 Stephano
1127 2425 1199 2480 rege.
1728 2409 1729 2418 ’

428 2514 594 2572 Mitteret:
612 2515 687 2570 Mors.
705 2513 779 2570 Surb.
795 2530 826 2582 p.
845 2518 887 2568 50.

428 2653 568 2710 Dcocx.
596 2653 705 2710 (letari
730 2656 806 2708 1261.
832 2657 871 2706 13.
899 2653 1057 2710 Fetnccrir'.
1082 2653 1243 2726 Capitulum
1267 2655 1400 2711 ecclesiae
1424 2655 1453 2714 8.
1471 2655 1622 2727 'l'ripbonis

381 2759 446 2798 eum
464 2742 607 2797 voluntate
625 2741 711 2796 totius
730 2741 827 2812 populi
845 2741 965 2796 civitatis
984 2741 1112 2808 (Gattari)
1130 2747 1298 2812 rogaverunt
1315 2742 1443 2798 Marcum
1461 2743 1625 2816 episcopum

380 2835 563 2886 cattarensem
583 2833 614 2882 ut
632 2828 777 2882 ecclesiam
796 2827 848 2883 ΕΒ,
867 2827 986 2884 Cosmae
1005 2833 1033 2884 et
1050 2827 1181 2883 Damiani
1199 2833 1227 2882 et
1244 2827 1273 2884 S.
1291 2829 1440 2886 Helisabet
1461 2847 1625 2888 consecrare
1727 2897 1728 2902 η

377 2917 547 2988 dignaretur,
567 2916 615 2986 qui
634 2913 763 2986 precibus
782 2914 937 2970 obaudiens
956 2913 1059 2970 dictam
1077 2915 1222 2970 ecclesiam
1246 2917 1418 2972 consecravit
1441 2921 1469 2972 et
1491 2917 1625 2990 reliquias

378 3009 537 3062 sanctorum
560 3003 588 3057 in
607 3018 640 3056 es
663 3001 816 3056 collocavit
842 3001 1027 3074 Temporibus
1051 3001 1203 3058 Alexandri
1225 3002 1376 3072 Pontificis,
1399 3009 1533 3075 regnante
1557 3023 1625 3076 rege

376 3092 503 3159 Urosoio,
522 3095 635 3162 regente
653 3089 755 3145 comite
774 3089 868 3145 Catari
886 3090 1045 3158 Budislavo,
1064 3090 1196 3145 asistente
1220 3090 1249 3146 in
1271 3091 1478 3147 consecratione
1496 3087 1624 3150 Gr'obim

377 3179 465 3234 electo
484 3177 617 3234 eeclesiae
634 3176 821 3232 Dulcinensia.

431 3285 506 3354 Θήρ.
525 3284 562 3338 In
580 3297 672 3338 museo
690 3281 835 3338 actionali
852 3283 934 3352 Zupr.
953 3297 987 3336 sc
1004 3281 1162 3338 colkctiosse
1179 3282 1261 3338 llicit
1280 3281 1403 3350 Sobljcr.

429 3421 586 3478 DGOOXl.
610 3421 751 3480 venetiis
770 3425 848 3477 1261.
865 3438 899 3475 m.
914 3421 1017 3490 Aprili.
1031 3421 1178 3477 Rainerius
1200 3422 1281 3480 Genu
1298 3421 1357 3477 dux
1369 3421 1468 3478 Venet.
1487 3440 1551 3480 cum
1570 3442 1623 3482 suo

377 3511 476 3568 maiori
495 3510 612 3567 oonsilio
630 3513 658 3564 et
675 3507 880 3566 collaudatione
899 3507 1005 3580 populi,
1023 3507 1169 3564 attendens
1182 3525 1282 3581 puram
1300 3509 1383 3566 fidem
1402 3513 1431 3566 et
1447 3509 1625 3570 devotionem

380 3615 465 3671 quam
484 3597 629 3654 lohannes
649 3596 740 3652 Gridc
765 3599 793 3651 et
816 3595 956 3652 Hensicus
981 3596 1048 3651 olim
1072 3597 1186 3652 comites
1203 3595 1312 3668 Veglae
1337 3603 1485 3654 eteorum
1509 3599 1625 3670 praede-

376 3702 502 3742 cessores
520 3685 655 3740 hsctenus
672 3683 830 3740 babuerunt
847 3684 883 3739 ad
901 3699 1050 3740 commune
1067 3683 1256 3754 venetiarum,
1287 3685 1414 3741 concedit
1431 3691 1459 3742 et
1476 3687 1624 3744 confirmat

377 3771 524 3830 Sohinelae
551 3777 617 3827 nato
645 3769 788 3842 quondam
814 3769 1019 3826 Bartholomasi
1043 3769 1282 3841 comitisVeglae
1306 3789 1339 3828 ac
1366 3773 1427 3844 ejus
1450 3773 1514 3829 filiis
1537 3775 1623 3832 Petro

377 3859 542 3927 sabinellae,
565 3863 594 3914 et
617 3857 845 3926 Bartholomaeo;
872 3873 905 3914 ac
929 3857 1078 3926 Friderico,
1108 3858 1320 3916 Bartholomaeo
1350 3865 1378 3916 et
1407 3859 1528 3918 Gvidoni
1557 3862 1623 3918 illlis
1725 3897 1726 3906 r

378 3945 518 4016 quondam
541 3945 651 4001 comitis
675 3943 980 4016 GvidonisdoVegla,
999 3951 1141 4000 eteorum
1168 3944 1334 4000 haeredibus
1357 3947 1497 4018 masculis,
1514 3948 1543 4004 in
1562 3965 1624 4021 per·

377 4037 492 4104 potuum
520 4032 682 4087 comitatum
709 4032 817 4103 Veglae
844 4038 871 4088 et
897 4033 1016 4088 insulam
1047 4032 1082 4088 de
1109 4032 1242 4100 Provichi,
1270 4033 1343 4089 sicut
1371 4034 1425 4106 ipsi
1452 4037 1567 4094 comites
1595 4042 1624 4093 et

378 4135 474 4174 eorum
499 4117 723 4189 praedecessores
750 4119 885 4174 hactenus
911 4118 1070 4174 habuerunt
1096 4123 1124 4173 et
1150 4123 1312 4186 tenuerunt3
1342 4125 1370 4175 et
1399 4119 1511 4192 quidem
1538 4139 1623 4179 unam

377 4205 554 4261 medietatem
572 4221 665 4261 comes
687 4205 826 4262 Sebinslla
844 4212 873 4261 et
890 4205 939 4260 filii
958 4205 1019 4276 ejus
1042 4206 1126 4261 sliam
1145 4221 1209 4260 vero
1228 4205 1393 4276 Friderions,
1409 4207 1622 4266 Bartolomaeus

377 4297 406 4347 et
423 4290 515 4346 Gvido
539 4307 572 4346 ac
595 4307 691 4348 eorum
715 4291 857 4347 haeredes.
875 4291 977 4347 Datum
996 4307 1045 4364 per
1062 4307 1161 4347 manns
1181 4291 1303 4347 Conradi
1320 4295 1413 4352 curiae
1430 4293 1538 4352 ducalis
1555 4313 1623 4354 can·
1724 4331 1725 4366 f

376 4379 485 4435 cellarii.

429 4483 544 4552 Maluit:
564 4484 681 4540 Listina
701 4486 723 4538 Ι.
741 4499 770 4552 p.
790 4487 833 4536 96.

429 4622 600 4678 Dcocxu.
618 4623 752 4680 viterbii.
778 4626 857 4676 1262.
881 4637 969 4677 meuse
987 4623 1073 4680 Julio.
1101 4623 1232 4680 Urbanus
1250 4625 1301 4682 1v.
1320 4642 1395 4698 papa
1413 4627 1542 4684 coneedit
1563 4646 1621 4686 cm·

378 4709 463 4766 uibus
482 4711 530 4781 qni
549 4709 585 4766 ad
603 4726 656 4767 uec
675 4715 827 4766 extructam
846 4711 990 4766 eeclesiam
1010 4709 1037 4766 S.
1058 4710 1172 4781 Georgii
1196 4711 1300 4768 ordinis
1322 4713 1439 4770 fratrum
1463 4713 1621 4788 Hospitalis
1723 4769 1724 4778 ,
