3488 5380
699 429 844 471 musas.
1328 408 1391 473 241

144 595 254 652 eisdem
272 599 293 651 G
311 601 340 652 ct
358 595 416 651 XX
434 612 551 665 marcas,
570 595 677 667 quibus
692 596 717 652 ai
734 597 889 664 tenebatur,
908 601 1010 654 terram
1028 613 1077 653 sau
1092 599 1298 670 possessionem
1312 597 1395 654 Glar-

147 683 239 752 nicha,
259 699 344 754 quam
362 683 519 740 Welenlsus
537 689 566 740 et
582 685 684 739 caeteri
709 685 820 754 cognati
839 686 882 740 sui
900 684 1067 752 residebat,
1094 701 1168 756 quae
1192 690 1265 740 terra
1288 686 1324 741 ad
1347 681 1395 742 ho·

144 759 237 828 minei
255 773 338 828 castri
356 771 391 827 de
410 773 546 828 Morocha
564 771 720 844 pertinebat
746 773 775 828 in
799 773 932 829 comitatu
951 772 1075 828 ciusdem
1100 774 1223 828 existens
1247 773 1283 829 de
1306 774 1394 828 muni·

143 861 256 916 licentia
274 862 351 930 rogia
375 866 403 916 et
425 877 563 916 consensu
582 861 705 916 omnium
729 861 874 932 baronum,
903 861 1110 934 archiopisfopi,
1136 867 1164 916 et
1187 863 1311 934 episcopi
1335 863 1394 916 iuro

143 953 282 1020 perpetuo
295 948 459 1004 contulisset
476 966 494 1004 a
512 953 659 1019 castroque
671 949 707 1004 de
724 945 861 1004 Morccha
877 955 906 1004 et
923 949 985 1004 aliis
1003 949 1101 1004 castris
1119 950 1149 1004 in
1167 949 1284 1004 servitiis
1303 955 1393 1006 exus·

143 1037 241 1092 risset
269 1035 374 1092 Datum
393 1053 442 1108 per
469 1053 569 1092 manus
587 1052 661 1107 mag.
680 1036 826 1108 Smaragdi
850 1038 1000 1108 praepositi
1019 1036 1150 1092 Albensis
1170 1038 1251 1093 aulae
1270 1037 1392 1092 vicecan-

140 1124 256 1182 cellarii.

197 1231 244 1284 Ec
260 1229 375 1287 arctico
392 1229 526 1286 comacli
543 1229 675 1285 Budmsi.
700 1230 822 1286 chscl:
845 1231 911 1288 (lod.
931 1231 1000 1301 dipl,
1020 1231 1127 1302 Arpccl.
1152 1231 1215 1288 VII.
1241 1235 1304 1289 520.

195 1389 340 1446 DOOOII.
359 1393 437 1447 1260.
458 1390 619 1462 Capitulum
642 1392 775 1448 ccclesiae
797 1392 993 1462 Zugrsbiensis
1014 1393 1147 1462 notificat,
1165 1391 1241 1465 quod
1259 1393 1391 1462 magister

143 1481 247 1536 Petrus
265 1477 479 1534 archidiaconus
496 1479 578 1550 Zagr.
596 1480 708 1535 nominc
735 1480 858 1551 Philippi
882 1481 1006 1552 episcopi
1024 1480 1062 1535 ab
1082 1497 1137 1535 una
1155 1483 1233 1552 parte
1251 1479 1288 1534 ab
1305 1479 1393 1535 altera
1513 1499 1515 1502 ·

140 1583 209 1622 sero
235 1565 379 1622 chuzlar
397 1570 425 1620 et
443 1564 560 1620 Gordun
585 1566 634 1620 lilii
659 1565 775 1622 Gordun
799 1573 901 1622 terram
923 1567 1134 1624 haereditandam
1157 1567 1211 1638 Gaj
1235 1567 1307 1622 circa
1324 1566 1391 1621 Wo-

121 1653 285 1710 ,moinum
306 1669 393 1724 prope
410 1657 512 1707 terram
531 1651 654 1725 opscopi
683 1653 803 1710 confessi
829 1653 892 1721 sint,
911 1669 941 1709 se
959 1654 1117 1710 vendidisse
1141 1653 1232 1709 eidem
1258 1654 1391 1724 episcopo

138 1743 206 1814 jure
224 1747 361 1812 perpetuo
380 1757 432 1812 pro
449 1742 485 1796 50
502 1741 610 1796 marcis.
635 1741 711 1796 Huic
735 1744 810 1796 acto
833 1741 1018 1796 interfuerunt
1035 1741 1178 1812 Wylemer
1202 1745 1230 1796 et
1255 1739 1389 1797 Nicotaus
1465 1805 1470 1818 Ι

140 1829 189 1884 filii
209 1829 288 1884 Bere
308 1829 414 1884 Datum
432 1843 482 1900 por
500 1844 599 1884 manus
617 1829 742 1900 magistri
760 1828 906 1886 Michaelis
923 1829 1035 1884 lectoris
1053 1829 1119 1885 eccl
1138 1830 1219 1899 Zagr.

195 1933 322 1989 narus-
340 1935 414 1988 licta
433 1933 515 2002 episc.
533 1933 557 1988 1.
573 1947 603 2002 p.
623 1936 680 1986 125.

194 2090 353 2147 DCCOIII.
373 2095 451 2148 1260.
470 2091 631 2163 Capitulum
650 2091 830 2148 Ohasmensis
856 2092 987 2149 ccclesiae
1011 2093 1157 2164 significat,
1176 2091 1251 2163 quod
1270 2090 1389 2147 Vitimer

141 2185 170 2234 ct
188 2178 325 2234 Nicolaus
343 2179 392 2234 filii
412 2179 483 2236 Bere
501 2197 537 2234 ex
554 2197 611 2235 una
629 2185 707 2250 parte
733 2196 769 2234 ex
793 2180 881 2235 altera
906 2185 999 2234 autem
1024 2181 1157 2250 magister
1180 2179 1280 2235 Petrus
1303 2171 1398 2234 orchi-⁴

140 2267 279 2324 (lucanus
298 2267 333 2322 de
352 2267 515 2322 Kamarcha
539 2274 566 2323 et
583 2267 700 2322 Hudina
725 2283 827 2334 comes,
852 2268 911 2323 vice
935 2273 963 2322 et
986 2269 1098 2322 nominc
1122 2267 1244 2339 lhilippi
1268 2267 1391 2338 episcopi

144 2353 351 2425 Zagrabicnsis‚
380 2355 524 2410 constituti
550 2371 652 2424 coram,
680 2355 770 2411 dictus
797 2354 932 2411 Nicolaus
960 2360 1146 2427 spontaneum
1173 2353 1302 2426 praebuit
1328 2371 1392 2410 con·

140 2459 256 2497 sensum
274 2441 348 2498 iacto
371 2442 537 2498 venditionis
556 2447 647 2501 terrae
665 2443 747 2500 Obris
770 2444 863 2514 ipsum
882 2441 1069 2497 Vitumerium
1093 2443 1287 2514 contingentis,
1305 2459 1389 2514 quum

140 2529 232 2586 eidem
251 2529 384 2602 episcopo
401 2529 531 2598 vendidit,
551 2529 704 2586 secundum
727 2529 803 2602 quod
821 2531 849 2584 in
868 2529 965 2585 litteris
983 2529 1067 2585 Bclae
1085 2531 1159 2601 regis
1176 2531 1340 2587 continetur.

196 2633 325 2690 nutas·
342 2635 418 2691 uos.
435 2635 511 2690 aaa
532 2637 561 2688 u.
580 2639 602 2688 1.
618 2651 648 2704 p.
670 2638 730 2689 126.

193 2787 346 2846 cccclv.
365 2793 444 2847 1260.
461 2791 529 2848 Bels
547 2791 599 2847 IV.
618 2807 666 2846 rex
685 2792 811 2848 concedit
827 2794 961 2862 magistro
980 2790 1106 2846 Tiburtis
1126 2789 1274 2844 liberorum
1287 2789 1388 2845 solatio

141 2877 286 2946 destituto,
306 2884 420 2950 propter
440 2877 592 2934 laudabilia
610 2895 662 2934 aaa
680 2879 797 2946 servitia,
816 2879 932 2934 liberam
951 2879 986 2934 de
1005 2877 1134 2935 omuibus
1149 2877 1260 2948 juribus
1279 2893 1388 2948 posses-

139 2965 269 3020 sionariis
289 2965 418 3022 strabus
445 2963 604 3021 mobilibus·
620 2966 656 3020 ad
678 2965 797 3022 lubitum
822 2983 912 3034 suum,
926 2965 1075 3022 cruciferis
1102 2965 1239 3020 duntaxat
1256 2964 1387 3036 exceptis,

141 3049 264 3107 testandi
283 3057 368 3124 atque
385 3051 550 3123 disponendi
568 3052 737 3110 facultatem.

196 3157 246 3212 Ec
271 3159 343 3213 auia
364 3158 526 3213 monasterii
550 3157 583 3213 dc
610 3158 705 3214 Gardt.
729 3161 810 3214 Fuso.
830 3161 851 3214 1.
872 3161 904 3214 N.
925 3161 950 3226 2,
966 3173 1019 3227 par
1042 3157 1145 3212 bunum
1168 3155 1388 3212 Klete-Heder-

140 3261 215 3316 oary
233 3260 248 3300 a
265 3245 344 3316 repsi
362 3245 475 3300 cretico
493 3244 605 3301 ablutis.

195 3399 337 3456 Dcccv.
361 3404 442 3457 1260.
467 3401 629 3472 Capitulum
656 3402 789 3458 ecclesiae
820 3400 1014 3471 Zagrabiensis
1043 3400 1189 3470 significat,
1219 3397 1294 3469 quod
1323 3413 1389 3453 con·

140 3487 248 3544 stitutis
265 3487 303 3542 ab
321 3504 378 3542 una
396 3493 475 3559 parte
492 3487 602 3543 Iwanca
627 3489 737 3544 nomine
756 3493 784 3542 ct
802 3489 860 3544 vica
885 3489 972 3560 patris
996 3487 1117 3560 Philippi
1139 3487 1223 3558 episc.
1248 3486 1328 3556 Zagr.
1352 3484 1389 3540 ab

138 3575 229 3630 altera
248 3571 374 3642 (lardus,
387 3574 445 3630 lilio
464 3574 589 3642 Gordun,
608 3574 656 3644 qui
674 3574 819 3630 confessus
837 3579 881 3630 est
897 3581 997 3630 terram
1016 3592 1096 3630 suam
1111 3573 1253 3629 Bezenchc
1276 3588 1306 3627 se
1324 3589 1388 3626 ven·

137 3661 247 3717 didisse
265 3661 364 3716 eodem
383 3660 515 3732 episcopo
533 3678 584 3731 pro
604 3663 645 3716 15.
655 3662 763 3717 marcia.
782 3663 878 3717 Astitit
890 3663 1032 3718 chuslav
1046 3662 1120 3716 iilius
1133 3660 1249 3716 Gordus
1263 3660 1311 3730 qul
1324 3675 1389 3714 vsu·

140 3748 278 3804 ditionem
297 3746 470 3819 approbavit
489 3747 595 3803 Datum
614 3765 663 3820 per
680 3765 780 3804 manus
798 3749 923 3820 magistri
942 3749 1096 3821 Mychaelis
1121 3749 1232 3804 lectoris
1255 3746 1388 3802 ecclesiae

142 3835 348 3906 Zagrabionsis.

195 3939 318 3995 uolut:
340 3942 460 3996 uanum.
479 3940 542 3996 atat.
564 3943 592 3997 Τ.
612 3944 634 3994 1.
651 3958 680 4011 p.
699 3945 758 3997 125.

194 4080 352 4138 Doccvl.
375 4081 412 4136 Ia
438 4081 508 4137 uilla
536 4083 646 4139 Busad.
672 4086 753 4138 1260.
782 4083 832 4138 Ch.
861 4083 993 4154 magister
1019 4081 1235 4138 Tavamicorum
1263 4081 1336 4150 regis
1361 4087 1389 4135 et

140 4171 327 4242 Ste(phauus)
345 4186 438 4224 comes
455 4169 627 4225 Zaladiensis
639 4170 788 4238 declarant,
801 4171 877 4240 quod
890 4188 953 4225 cum
966 4170 1107 4225 altercatio
1120 4185 1193 4240 quae
1205 4169 1275 4222 inter
1288 4167 1386 4222 fratres

140 4275 238 4314 eorum
258 4257 425 4312 Michaolem
442 4257 546 4312 scilicet
570 4259 698 4313 comitem
717 4275 752 4311 ex
771 4274 828 4312 una
849 4264 935 4328 parts,
954 4263 982 4311 et
999 4255 1174 4312 iancredum
1199 4255 1329 4310 comitem
1351 4271 1386 4309 ex

139 4347 228 4400 altera
247 4359 332 4414 super
349 4344 484 4399 divisione
504 4345 713 4415 possessicnum
731 4349 829 4399 exorta
846 4343 944 4412 fuerat,
963 4350 995 4398 ut
1012 4345 1081 4398 iuter
1099 4343 1162 4397 illos
1181 4341 1330 4396 concordia
1344 4358 1384 4398 rs·

139 4431 308 4488 formaretur
326 4431 361 4487 ad
379 4433 457 4503 ipsos
476 4437 659 4499 accesserunt,
678 4433 727 4502 qui
745 4433 810 4486 licet
827 4430 936 4485 diucius
958 4447 1038 4485 voces
1057 4446 1142 4500 super
1165 4429 1239 4483 lacto
1262 4433 1386 4482 mutuae·

141 4525 211 4586 sent,
230 4525 324 4574 tamen
344 4519 435 4574 taliter
453 4519 558 4574 sactum
576 4519 785 4591 possessionum
801 4517 977 4574 ordinarunt:
990 4523 1021 4572 ut
1032 4515 1164 4585 deinceps
1183 4514 1344 4570 Lancrcdus
1356 4516 1386 4569 in

141 4607 220 4661 nullo
239 4606 322 4660 titulo
340 4605 528 4677 possessionis
547 4616 710 4678 praetaxato
728 4607 771 4661 vel
790 4606 937 4661 molestare
955 4605 1082 4660 comitem
1101 4602 1266 4658 Michaclem
1284 4601 1386 4657 debeat

143 4711 208 4750 cum
231 4693 345 4751 omnino
370 4692 444 4748 idem
466 4709 560 4750 comes
577 4693 697 4748 Michael
710 4693 909 4749 rationabiliter
927 4693 963 4748 ait
980 4697 1128 4746 excusatus
1147 4695 1175 4746 et
1193 4693 1340 4762 separatus
1357 4689 1386 4743 in
