3376 5350
643 513 791 558 saedere.
1278 502 1342 572 427

96 699 121 752 ei
142 703 170 751 et
188 697 321 766 magistro
334 695 455 766 Georgio
472 704 536 752 nato
555 714 605 752 suo
625 695 724 752 iactam
744 697 771 748 in
792 694 903 766 pheudo
922 695 957 750 de
976 667 1154 751 comitatibus
1171 695 1301 768 Sopronii
1315 701 1344 752 et

96 784 265 845 Castrilerei‚
284 783 360 853 quod
378 783 434 838 illis
453 783 541 864 Maria
560 785 653 854 regina
672 785 782 840 Siciliae
801 783 927 850 contulit,
945 783 1125 838 confirmavit.

155 871 281 924 ll'eaeel:
302 873 374 924 rictu
392 877 486 925 extero
506 872 530 925 I.
550 889 577 942 p.
595 875 637 926 as.

152 1013 328 1068 MCDXOII.
347 1013 488 1070 Venetiis.
508 1017 584 1068 1292.
602 1017 644 1067 22.
665 1012 782 1082 Aprilis.
802 1012 961 1066 iniunctum
975 1019 1018 1066 est
1031 1030 1080 1082 per
1092 1013 1182 1084 majus
1196 1013 1342 1067 consilium

97 1101 228 1172 potestati
247 1100 349 1155 Farrae
367 1108 394 1154 et
412 1101 538 1167 Brazzae,
557 1101 632 1172 quod
652 1100 754 1154 faciant
772 1116 882 1154 murum
905 1099 1036 1166 civitatis;
1055 1100 1119 1154 item
1140 1116 1226 1154 unum
1244 1117 1342 1154 arsena

97 1188 147 1240 ubi
167 1195 194 1244 et
212 1189 283 1242 sicut
310 1187 448 1242 videbitur
472 1189 505 1250 ei,
529 1194 558 1242 et
582 1187 758 1258 provideatur
782 1187 884 1242 Farrae
903 1203 954 1257 pro
974 1193 1102 1242 arsenatu
1128 1191 1162 1242 de
1188 1188 1265 1242 libris
1284 1189 1343 1242 150.

95 1276 168 1330 Item
188 1277 260 1330 iutra
283 1292 378 1330 muros
402 1275 528 1346 capiatur
551 1277 747 1330 monasterium
773 1276 801 1328 in
826 1293 881 1346 quo
907 1292 980 1330 nrrnc
1004 1276 1110 1332 habitat
1134 1278 1290 1347 episcopus,
1316 1281 1343 1334 et

98 1362 215 1416 domum
234 1363 386 1433 potestatis.

150 1449 266 1516 Ljubid:
285 1450 363 1503 Mon.
382 1467 409 1520 p.
428 1451 453 1504 I.
472 1453 530 1503 150.

155 1592 345 1646 MCDXOlll.
364 1593 508 1663 anueii.
530 1597 605 1647 1292.
619 1598 659 1646 10.
674 1593 756 1646 niati.
769 1593 883 1647 Domini
898 1592 1001 1664 Symon
1021 1601 1048 1648 et
1067 1595 1210 1663 Gausigna
1229 1595 1343 1650 comites

98 1681 210 1744 Marini,
229 1681 354 1736 Marinus
373 1698 468 1735 eorum
487 1699 581 1752 nepos,
599 1698 650 1751 pro
669 1697 764 1734 eorum
789 1687 867 1750 parte
886 1687 915 1735 et
939 1683 1049 1736 nomine
1074 1681 1196 1752 episcopi
1222 1681 1343 1754 Georgii,

98 1778 127 1823 et
147 1769 279 1824 Salomon
298 1785 348 1839 pro
367 1775 445 1838 parte
464 1785 522 1834 sua,
548 1776 575 1822 et
599 1768 749 1837 Gregorius
773 1769 867 1822 Lucae
900 1768 1009 1823 nomine
1033 1771 1156 1840 episcopi
1181 1787 1232 1840 pro
1256 1771 1344 1840 ipsius

98 1865 187 1928 parte,
205 1857 389 1911 vendiderunt
407 1856 548 1927 praedicto
567 1856 681 1926 Symoni
699 1857 839 1926 potestati,
858 1857 969 1911 nomine
987 1863 1014 1912 et
1033 1855 1092 1910 vice
1105 1859 1259 1912 communis
1277 1858 1342 1912 Tra·

98 1946 173 2014 gurii
191 1945 343 2015 recipienti,
361 1944 481 2012 generali
501 1951 528 1998 et
547 1943 642 1997 maiori
663 1943 777 1997 consilio
797 1943 888 1998 dictae
907 1944 1024 1998 civitatis
1050 1943 1152 1998 ibidem
1176 1951 1344 2016 congregato

100 2041 129 2087 et
149 2033 267 2098 volente,
286 2049 303 2085 a
321 2033 440 2086 crastina
458 2032 503 2085 die
521 2033 548 2085 in
569 2037 633 2086 ante
652 2031 687 2085 ad
706 2037 761 2086 tres
780 2047 867 2085 annos
885 2036 973 2085 totam
992 2033 1120 2086 intratam
1140 2049 1223 2102 quam
1242 2033 1344 2088 habent

100 2121 153 2190 ipsi
173 2126 201 2174 et
218 2120 340 2190 ipsorum
360 2119 476 2189 quilibet
495 2119 528 2173 de
547 2125 628 2188 porta
646 2119 765 2172 civitatis
784 2135 871 2188 prope
889 2125 1003 2190 pontem
1027 2120 1063 2174 ad
1088 2119 1288 2190 possidendum
1317 2127 1345 2175 et

97 2207 182 2277 recipi
203 2205 360 2260 laciendum
379 2212 407 2260 et
424 2204 562 2275 quidquid
581 2206 717 2259 voluerint
734 2205 892 2259 faciendum
911 2205 1044 2275 praedicti
1063 2207 1177 2277 Symon,
1196 2207 1341 2278 Garrzigna

98 2303 127 2350 et
147 2293 280 2358 Marinus,
300 2308 349 2362 pro
369 2309 463 2348 eorum
482 2299 560 2362 parte
580 2299 687 2346 tautum
707 2297 734 2346 et
753 2292 842 2346 dictus
862 2292 887 2346 d.
907 2292 1059 2363 Gregorius
1078 2311 1129 2364 pro
1147 2301 1225 2364 parte
1244 2294 1271 2348 d.
1285 2296 1343 2366 epi-

103 2383 187 2452 scopi.
207 2381 244 2435 Et
261 2381 315 2435 hoc
334 2382 459 2435 fecerunt
477 2397 527 2452 pro
545 2381 580 2435 40
597 2380 676 2434 libris
694 2379 867 2434 Venetorum
887 2395 1035 2450 parvorum
1055 2397 1106 2451 pro
1126 2381 1251 2452 quolibet
1263 2399 1345 2438 anuo.

102 2470 179 2536 (liras
197 2469 282 2523 libras
301 2470 336 2522 40
353 2469 459 2523 solvere
478 2468 580 2522 debent
598 2469 625 2521 in
645 2467 717 2522 sesto
735 2484 757 2520 a.
782 2466 934 2521 Michaelis.

152 2557 273 2611 Laetos.-
293 2558 374 2610 Menr.
393 2556 427 2609 eli
447 2556 524 2609 Trou
542 2573 568 2627 p.
587 2559 629 2608 98.

155 2713 345 2770 MCDXOIV.
365 2716 441 2768 1292.
458 2716 500 2768 25.
520 2715 604 2768 Mati.
623 2713 758 2784 Magister
782 2714 948 2768 Laurentius
973 2716 1146 2784 praepositus
1171 2716 1304 2771 ecclesiae
1322 2735 1344 2774 a.

102 2803 178 2857 Petri
198 2803 232 2856 de
251 2793 360 2872 Poseg'a
379 2801 510 2866 notificat,
530 2801 605 2871 quod
624 2801 799 2855 attendentes
818 2801 970 2856 nobilitatis
990 2803 1156 2872 probitatem
1175 2804 1276 2858 nobilis
1296 2785 1345 2859 viri

101 2889 159 2943 Zalr
180 2890 228 2944 filii
247 2889 369 2942 Farcasii
389 2895 417 2943 et
436 2906 532 2959 puram
552 2889 728 2942 devotionem
748 2905 831 2956 quam
849 2889 877 2942 iu
897 2889 986 2958 gratia
1005 2905 1100 2942 eorum
1119 2890 1210 2958 habet,
1229 2897 1257 2945 et
1281 2907 1345 2945 con·

102 2978 255 3032 siderantes
274 2976 385 3031 servitia
403 2977 528 3046 magistri
548 2975 622 3030 Petri
648 2976 741 3030 fratris
760 2976 818 3029 eius
837 2981 864 3030 et
884 2976 1060 3031 concanonici
1081 2993 1186 3043 eorum,
1205 2977 1346 3048 quandam

102 3066 266 3138 particulam
285 3073 374 3119 terrae
393 3065 427 3119 de
446 3071 518 3119 terra
536 3065 668 3119 ecclcsiae
687 3080 782 3118 eorum
808 3071 960 3133 exceptam,
981 3064 1059 3118 iuxta
1081 3072 1182 3118 terram
1206 3083 1302 3121 eorum
1328 3085 1346 3122 a

102 3154 231 3210 Tristauo
250 3153 306 3206 lilio
325 3151 473 3206 Guthardh
493 3159 679 3222 comparatam
698 3167 748 3222 pro
767 3152 851 3216 curia,
864 3149 968 3205 eisdem
985 3150 1043 3205 Zah
1063 3158 1091 3206 et
1108 3151 1191 3207 Petro
1204 3155 1345 3224 magistro,

105 3239 239 3310 quamdiu
257 3239 353 3294 fideles
378 3239 510 3294 ecclesiae
535 3239 682 3306 extiterint,
702 3239 871 3292 donaverunt
894 3238 932 3291 ita
955 3243 1057 3304 tamen,-
1075 3239 1150 3308 quod
1176 3240 1250 3298 omni
1273 3257 1345 3296 anno

103 3329 131 3380 in
150 3327 221 3380 sesto
241 3327 420 3380 Pentecostes
439 3326 528 3380 solvet
546 3343 631 3380 uuum
659 3326 803 3380 fertonem.
823 3325 900 3380 Meta
918 3331 1006 3380 terrae
1034 3326 1138 3396 incipit,
1162 3327 1209 3380 ubi
1236 3328 1293 3382 exit
1312 3329 1346 3382 de

102 3413 205 3484 (iyuolr
224 3413 327 3484 potolra
345 3415 372 3466 in
392 3413 507 3468 domum
532 3413 725 3478 avellanarum,
745 3413 808 3467 inde
827 3413 863 3468 ad
875 3412 1016 3483 quoddam
1037 3413 1118 3484 Mege
1143 3431 1176 3468 err
1201 3432 1250 3485 per
1268 3414 1345 3469 aliud

102 3502 187 3570 Mege
205 3509 233 3555 et
251 3502 340 3556 varias
358 3509 446 3555 metas
465 3501 500 3556 ad
519 3503 643 3571 primam.

161 3587 225 3643 con.
244 3588 311 3656 dipl.
329 3589 443 3656 patrius
465 3589 512 3642 Vr.
527 3604 556 3656 p.
577 3591 636 3642 382.

156 3728 330 3784 MODXOV.
349 3729 475 3800 Simiqii.
494 3732 570 3784 1292.
590 3733 632 3782 30.
650 3729 735 3782 alati.
755 3728 880 3782 Andreas
899 3727 951 3783 111.
978 3747 1034 3798 rex,
1059 3701 1155 3785 notum
1182 3729 1248 3786 lacit
1273 3732 1344 3786 bano

100 3817 186 3872 totins
204 3817 350 3872 Siavoniae
369 3833 419 3888 pro
437 3823 561 3887 tempore
580 3818 737 3882 constituto,
757 3816 831 3886 quod
851 3815 897 3870 ille
915 3817 1025 3870 tertiam
1043 3823 1150 3887 partem
1170 3819 1221 3872 lori
1241 3819 1343 3874 liberae

100 3905 183 3960 villae
201 3905 355 3971 Grecensis,
376 3905 497 3974 capitulo
516 3904 691 3974 Zagrabiensi
718 3905 753 3958 ob
773 3903 926 3958 remedium
951 3905 1059 3960 animae
1085 3923 1151 3960 suae
1176 3906 1256 3961 duxit
1281 3923 1346 3962 eon-

99 3993 250 4048 ferendam.

158 4079 285 4134 Tlealc'id:
303 4081 382 4134 Μοπ.
404 4080 479 4133 Hist.
502 4081 531 4132 Τ.
551 4080 574 4134 Ι.
591 4097 620 4148 p.
638 4083 698 4135 228.

156 4220 346 4274 MCDXOVI.
365 4222 514 4276 Anconae.
533 4223 608 4274 1292.
622 4223 647 4273 4.
660 4221 752 4274 Jantt.
766 4219 874 4273 lunitns
888 4225 930 4274 est
942 4225 1075 4274 tractatus
1088 4220 1158 4273 inter
1176 4218 1346 4276 Grubessam

104 4306 248 4377 Radignae
259 4310 386 4362 nuntium
397 4307 579 4378 Ragusinum,
590 4317 617 4362 et
626 4309 804 4363 Dominicum
815 4307 918 4361 Prandi
931 4309 1057 4361 nuntium
1068 4308 1271 4362 Anconitanum
1283 4324 1346 4362 cum

102 4413 240 4451 consensu
259 4397 386 4450 Andreae
400 4396 523 4450 Danduli
538 4399 646 4451 comitis
658 4396 781 4466 Ragusii,
796 4395 843 4448 filii
856 4394 973 4449 loannis
993 4394 1110 4449 condam
1124 4393 1247 4448 Danduli
1268 4395 1345 4449 ducis

103 4483 292 4550 venetiarum,
312 4485 525 4538 determinatum
544 4501 654 4554 quoque
673 4483 739 4554 quid
758 4484 893 4554 Ragirsini
912 4483 1044 4536 Anconae
1063 4489 1091 4536 et
1104 4482 1271 4536 Anconitani
1291 4481 1345 4535 Ra·

102 4573 175 4641 guali
193 4574 222 4625 in
242 4573 298 4626 suis
317 4574 489 4626 commerciis
508 4590 557 4642 pro
581 4573 667 4625 daoiis
693 4572 797 4625 solvere
817 4576 961 4624 teneantur
980 4580 1007 4624 et
1025 4586 1161 4639 quaenam
1181 4569 1345 4622 commercia

101 4667 128 4712 et
148 4675 203 4728 quo
224 4659 307 4713 modo
326 4659 429 4713 ibidem
447 4659 482 4712 ael
501 4660 617 4712 invicem
637 4659 756 4712 exerceri
776 4659 890 4728 possint.
911 4657 964 4711 Pro
983 4657 1117 4710 violatore
1136 4663 1240 4710 statuta
1252 4673 1344 4726 poena

101 4749 153 4801 200
172 4745 347 4801 marcharum
366 4747 481 4816 argenti.
503 4747 649 4800 Knrlectus
668 4746 791 4800 notarius
809 4745 929 4814 scripsit.

153 4833 269 4902 Ljobld:
287 4835 366 4887 llere.
386 4835 410 4887 I.
425 4851 454 4902 p.
474 4836 532 4887 151.
