3376 5350
330 387 397 452 400
833 398 851 439 r.
872 385 1080 452 aenomaus,

331 576 423 650 sactis.
437 592 487 645 per
511 576 649 630 Arbenses
674 577 779 632 solvere
805 577 907 631 debent
933 577 1016 632 iidem
1040 576 1218 632 Nouensibus
1242 579 1379 632 librasti)
1404 577 1500 632 denar.
1522 596 1588 634 ven.

334 663 436 719 Omnia
454 663 510 718 alia
527 663 600 718 faeta
619 662 727 732 damna,
753 671 818 720 sunt
837 681 914 718 cassa
938 671 967 719 et
990 665 1093 720 nullius
1119 665 1217 720 valoris
1241 683 1313 736 quae
1338 665 1403 719 data
1426 673 1493 720 suut
1526 673 1588 720 tam

332 753 360 806 in
380 758 477 822 treuga
497 768 581 822 quam
600 759 664 822 post
681 754 891 823 suspensionem
917 753 1073 808 Dobrissae.
1100 752 1281 807 Pronuntista
1298 759 1341 808 est
1359 752 1478 823 denique
1498 753 1588 824 plena

332 845 359 896 et
372 840 452 893 firma
463 857 519 911 pax
530 841 602 895 inter
619 847 763 910 utramque
782 842 1009 896 communitatem
1027 841 1099 896 sicut
1117 841 1145 894 in
1163 842 1284 911 antiquis
1303 841 1392 911 pactis
1408 839 1521 910 legitur.
1545 841 1584 894 Et

332 943 382 998 pro
401 927 497 982 maiori
516 927 625 982 cautela
643 927 790 983 duodecim
808 929 872 982 boui
892 935 919 982 et
937 927 1044 982 nobiles
1063 929 1112 982 viri
1126 928 1161 982 de
1174 929 1249 984 Arbe
1262 935 1289 982 et
1302 926 1419 982 totidem
1436 927 1472 981 de
1492 927 1584 982 Nona

267 1081 271 1088 ι
331 1014 482 1084 predictam
497 1031 593 1086 pacem
606 1016 810 1070 confirmarunt.
823 1016 990 1070 iuraverunt
1003 1021 1095 1070 autem
1109 1017 1181 1070 cives
1194 1015 1347 1070 Arbeuscs:
1368 1013 1532 1085 Stephanus
1549 1015 1586 1069 de

332 1101 434 1170 Firma,
449 1101 595 1174 Philippus
613 1103 730 1170 Genani,
744 1103 892 1158 Mathseus
911 1103 945 1158 de
964 1103 1126 1170 Hermolao,
1139 1103 1240 1157 Nicola
1252 1102 1287 1156 de
1296 1103 1403 1171 Pribae,
1417 1101 1585 1172 Stephanus

221 1201 225 1210 ’
332 1189 366 1243 de
379 1189 521 1258 Galzigna,
538 1189 733 1244 Martinussius
752 1189 786 1244 de
805 1190 939 1260 Rosigna,
954 1189 1065 1244 lisoius
1079 1189 1113 1244 de
1132 1190 1282 1256 Clemente,
1295 1188 1393 1244 Oreste
1407 1189 1441 1244 de
1455 1189 1582 1258 Foscho,

332 1277 430 1347 Epube
449 1276 483 1330 de
501 1277 601 1342 Zanse,
620 1275 778 1348 Stephanus
797 1275 832 1332 de
850 1278 992 1344 Damione,
1013 1277 1152 1332 Martinus
1176 1285 1203 1331 et
1227 1277 1353 1330 Marinus
1377 1277 1411 1332 de
1431 1277 1583 1333 Machmas.

333 1393 366 1403 -
386 1363 467 1418 Cives
485 1369 579 1419 autem
599 1365 744 1420 Nouenses
759 1365 934 1436 juraveruut:
955 1365 1103 1435 illilgostus
1128 1365 1219 1428 iudex,
1245 1365 1360 1434 Moyses
1379 1363 1506 1418 Chrauce
1534 1366 1585 1420 Ja-

332 1451 473 1517 momethi,
492 1451 598 1506 Paulus
616 1451 690 1505 filius
709 1451 850 1518 Borislavi,
869 1451 993 1506 Jacobus
1013 1451 1155 1522 Dragchis,
1176 1450 1344 1506 Radovanus
1372 1450 1486 1522 Stringi,
1505 1453 1585 1508 Toli-

333 1539 410 1594 slaus
428 1537 597 1608 Budislavig,
617 1525 779 1592 Rsooslaus'
792 1539 876 1592 frater
899 1538 1135 1609 archipresbyteri,
1160 1539 1286 1593 Deseuos
1311 1538 1432 1609 Darisig,
1457 1539 1586 1594 Volciua

333 1627 445 1698 Drusig,
465 1625 602 1697 Voychna
619 1625 755 1696 Dresevig
774 1631 801 1681 et
820 1625 978 1696 Stephanus
997 1625 1168 1695 Danchovig.
1188 1625 1343 1680 Pristaldus
1361 1626 1397 1679 sd
1415 1625 1469 1680 hoc
1489 1629 1581 1681 uomi-

333 1718 415 1767 uatus
440 1713 532 1768 Gvido
559 1713 592 1768 de
617 1713 772 1768 Varicassa.
800 1715 896 1769 Testes
928 1714 1035 1768 nobiles
1064 1714 1099 1768 de
1128 1713 1229 1768 Jadra:
1249 1715 1337 1768 Dessa
1361 1715 1395 1770 de
1420 1715 1584 1786 Fanfogna,

333 1799 495 1855 Fredericus
519 1800 666 1870 Grisogoui
691 1802 726 1856 de
745 1801 853 1867 Mauro,
872 1801 976 1855 Paulus
995 1800 1029 1855 de
1048 1799 1196 1868 Borechae,
1215 1801 1363 1855 Remesius
1382 1802 1501 1870 Peuazo,
1524 1804 1584 1858 Da-

332 1887 440 1941 mianos
454 1888 488 1944 de
500 1887 626 1954 Sloredo,
646 1888 756 1944 Prodde
770 1888 804 1942 de
820 1889 900 1956 Cosa,
914 1887 1015 1942 Bevthe
1028 1887 1146 1942 condam
1160 1887 1305 1958 Crisogoni
1318 1888 1354 1943 de
1368 1889 1476 1957 Mauro,
1490 1889 1584 1947 Staue

333 1975 367 2030 de
385 1975 533 2030 Variosssa
551 1978 729 2031 examinator.
749 1976 889 2030 Henricus
908 1977 1032 2030 notarius
1050 1975 1168 2046 scripsit.

383 2065 505 2118 Lucius:
523 2065 567 2118 De
585 2081 668 2134 repao
687 2065 781 2118 Dalm.
803 2069 828 2117 ct
850 2065 942 2118 Creat.
962 2063 1024 2116 Lib.
1044 2063 1096 2116 IV.
1116 2078 1176 2130 cap.
1196 2063 1251 2118 IX.

385 2187 734 2241 moechantium.
759 2185 905 2242 Ladtstsus
929 2185 980 2240 tv.
1008 2203 1057 2240 rex
1082 2185 1214 2252 notificat,
1240 2187 1358 2256 qualiter
1380 2203 1473 2242 comes
1500 2188 1582 2244 Iwan

333 2274 407 2328 lilius
425 2274 520 2344 Iaslay
538 2273 695 2343 (Jaroslavi)
715 2275 817 2329 nedum
835 2280 960 2344 tempore
979 2290 1043 2327 cum
1061 2279 1158 2344 gentes
1183 2274 1340 2330 Tartaricae
1365 2292 1482 2346 regnum
1501 2275 1585 2331 inva-

336 2361 444 2428 sissent,
469 2367 553 2432 prout
575 2379 624 2432 per
652 2361 777 2428 barones,
802 2361 910 2416 nobiles
934 2367 963 2415 et
987 2375 1114 2431 proceres
1139 2361 1215 2432 regni
1240 2361 1340 2416 clarius
1366 2363 1490 2418 constitit
1515 2363 1585 2419 luce

332 2450 413 2514 clara,
433 2466 526 2504 verum
540 2455 568 2502 et
580 2450 615 2503 ab
628 2449 756 2504 omuibus
774 2449 906 2504 infantiae
919 2467 984 2503 suae
999 2449 1170 2520 temporibus
1183 2451 1211 2503 in
1226 2450 1339 2505 diversis
1359 2451 1476 2518 casibus,
1489 2454 1583 2506 actio-

333 2537 414 2590 nibus
427 2543 454 2591 et
468 2535 692 2606 expeditionibus
706 2541 734 2590 et
747 2538 866 2590 maxime
879 2541 975 2590 contra
987 2537 1059 2606 regis
1072 2536 1238 2592 Boemorum
1251 2539 1320 2608 regii
1332 2537 1436 2593 inimici
1449 2539 1584 2609 capitalis

333 2625 466 2678 versutias
481 2624 665 2678 indesinenter
679 2622 836 2679 dimicando
849 2626 959 2679 servivit
969 2623 1149 2680 laudabiliter.
1167 2624 1275 2678 Idcirco
1294 2624 1379 2679 donat
1396 2625 1420 2680 ei
1435 2633 1463 2680 et
1482 2625 1583 2682 haere-

333 2712 414 2766 dibus
427 2713 486 2766 eius
499 2712 592 2768 villam
606 2714 709 2783 regiam
722 2713 749 2766 iu
763 2711 893 2767 Slavonia
905 2714 1069 2768 existentem
1081 2712 1219 2767 Zumobor
1232 2720 1428 2784 nuncupatam,
1442 2729 1507 2768 cum
1519 2717 1583 2770 suis

333 2800 466 2854 universis
483 2801 589 2854 iuribus
608 2805 635 2854 et
654 2817 717 2854 cum
736 2801 840 2855 tributo
859 2805 954 2871 portae
972 2817 1058 2870 prope
1082 2801 1171 2870 ipsam
1197 2799 1289 2859 villam
1307 2801 1335 2854 in
1355 2800 1475 2854 confinio
1494 2804 1579 2872 regni

333 2887 475 2941 existentis
488 2888 516 2941 in
529 2895 600 2942 terra
613 2887 745 2942 antedicti
767 2887 874 2941 comitis
896 2887 979 2952 Iwan,
996 2887 1060 2958 jure
1083 2895 1217 2958 perpetuo
1230 2887 1433 2957 possidendam,
1453 2890 1581 2944 maxime

333 2990 396 3027 crim
415 2981 544 3038 castrum,
575 2974 649 3044 quod
677 2975 705 3028 in
730 2973 854 3044 predicta
878 2981 950 3028 terra
974 2973 1111 3028 Zamobor
1136 2974 1250 3044 predicti
1273 2975 1345 3044 regis
1375 2974 1504 3029 Boemiae
1530 2975 1583 3030 ho

332 3061 421 3116 mines
450 3068 668 3130 construxerant,
693 3062 766 3116 idem
791 3078 883 3116 comes
910 3063 984 3116 Iwau
1010 3062 1098 3116 multo
1123 3061 1237 3128 sudore,
1262 3061 1356 3116 multis
1380 3061 1524 3116 laboribus
1552 3073 1583 3118 et

333 3151 469 3218 expensis,
488 3157 516 3204 et
534 3167 588 3204 uon
608 3152 667 3206 sine
686 3167 798 3204 suorum
817 3151 953 3220 sauguine
971 3155 998 3204 et
1017 3165 1114 3204 cruore
1126 3149 1162 3204 ab
1174 3149 1242 3218 ipsis
1260 3147 1378 3204 inimicis
1403 3147 1534 3204 rehabuit
1555 3159 1585 3205 et

336 3239 448 3306 recepit.
467 3235 572 3292 Datum
592 3255 640 3308 per
658 3253 756 3292 manus
780 3238 923 3292 Benedicti
948 3237 1145 3308 strigoniensis
1168 3236 1303 3291 ecclesiae
1328 3237 1416 3303 electi,
1440 3236 1584 3291 Budensis

334 3325 485 3394 praepositi
512 3330 539 3378 et
564 3325 644 3378 aulae
669 3324 891 3378 vicecancellarii.
920 3325 1110 3380 Existentibus
1138 3325 1186 3378 int.
1210 3329 1260 3378 cet.
1288 3323 1396 3378 Joanue
1420 3322 1584 3394 Spalatensi

336 3411 552 3482 archiepiscopo,
571 3412 717 3467 Timotheo
735 3429 806 3482 sagr.
825 3414 908 3482 episc.
933 3412 1061 3466 Rolando
1079 3411 1201 3482 palatino
1220 3419 1247 3467 ot
1260 3410 1356 3481 judice
1379 3411 1584 3475 Cumanorum,

339 3497 474 3567 Dyonieio
493 3501 565 3554 bano
583 3501 669 3554 totius
692 3498 846 3566 Slavoniae,
870 3500 953 3556 Petro
977 3499 1076 3554 comite
1099 3515 1209 3568 soprou.
1235 3507 1262 3554 et
1285 3499 1444 3568 simigiensi,
1468 3499 1585 3554 Dedalo

337 3587 437 3641 comite
456 3587 621 3652 Zaladiensi,
641 3593 691 3642 etc.

387 3674 483 3741 Fejer:
504 3675 569 3729 Coa.
589 3675 657 3743 dipl.
680 3675 709 3728 T.
733 3675 798 3730 VII.
818 3676 869 3730 col.
890 3675 930 3728 ΙΙ.
947 3691 976 3743 p.
998 3679 1055 3728 106.

390 3797 660 3852 MCCCLXXXIII.
679 3803 755 3853 12⁸1.
780 3799 914 3853 Nicoleus
939 3800 1077 3869 palatinus
1102 3797 1175 3851 filius
1203 3797 1312 3852 Herrici
1338 3791 1401 3851 bani
1428 3797 1582 3866 siguificat,

335 3884 408 3952 quod
428 3887 607 3940 consideratis
626 3887 755 3940 fidelibus
774 3888 891 3941 servitiis
910 3887 1033 3957 magistri
1054 3884 1213 3951 Duruzlavi‚
1233 3901 1303 3954 quae
1323 3885 1411 3954 primo
1430 3885 1502 3954 patri
1528 3902 1585 3939 suo

336 3973 453 4026 Herrico
472 3975 544 4029 bano
563 3975 675 4029 demum
701 3975 725 4028 ei
750 3976 778 4029 iu
806 3975 920 4028 diversis
946 3975 1072 4028 fortunae
1092 3973 1200 4026 casibus
1219 3971 1351 4037 exlribuit‚
1372 3972 1583 4040 possessionem

336 4075 414 4113 eriam
434 4061 512 4114 Ozun
538 4063 565 4116 in
590 4063 722 4117 comitatu
749 4064 829 4117 castri
856 4063 948 4118 Ferrei
968 4061 1039 4115 ultra
1058 4061 1165 4113 Rabam
1182 4078 1198 4114 a
1217 4077 1280 4128 repe
1299 4057 1429 4128 Ladislao
1448 4075 1499 4128 pro
1519 4061 1586 4113 eius

336 4147 452 4200 servitiis
472 4149 495 4202 ei
516 4147 615 4218 datam
636 4150 790 4204 contulerit.

391 4233 455 4286 (lost.
475 4235 543 4302 dipl.
560 4238 674 4304 patrius
697 4238 762 4291 VII.
777 4255 806 4306 p.
827 4243 884 4291 1⁸8.

388 4373 655 4432 MCCCLXXXIV.
676 4381 750 4432 rasa.
767 4383 792 4434 2.
807 4379 952 4433 ‚inarserit
966 4375 1126 4446 Capitulum
1140 4373 1316 4429 Chasmeusis
1329 4371 1462 4426 ecclesiae
1475 4381 1579 4430 uotum

338 4459 409 4528 facit,
435 4463 509 4532 quod
535 4463 700 4521 Laurentius
725 4467 798 4520 tilius
826 4469 900 4522 Petri
927 4465 1069 4520 confessus
1094 4464 1130 4516 sit
1153 4461 1291 4532 quandam
1315 4467 1415 4514 terram
1442 4476 1521 4514 suam
1549 4465 1580 4516 in

336 4547 422 4618 (larig
439 4551 516 4606 iuxta
534 4551 625 4608 locum
644 4554 694 4609 fori
714 4555 808 4624 Gartg,
828 4571 911 4624 quam
931 4555 1030 4607 Petrus
1050 4559 1127 4622 pater
1154 4568 1220 4604 suus
1245 4549 1336 4602 adhuc
1363 4549 1457 4602 vivens
1481 4565 1499 4602 a
1521 4548 1584 4604 Job

337 4634 393 4688 lilio
418 4635 508 4690 Draslr
534 4651 748 4712 comparaverat,
775 4642 932 4697 vendidisse
957 4640 1049 4695 ermis
1075 4639 1183 4692 adamo
1209 4637 1265 4690 tilio
1291 4637 1362 4690 Dera
1390 4653 1440 4706 pro
1465 4635 1583 4706 triginta

337 4725 443 4778 marcis.
463 4726 549 4781 Cuius
567 4735 655 4785 terrae
674 4733 762 4801 prima
781 4736 855 4786 meta
872 4731 969 4800 incipit
988 4729 1023 4782 ab
1042 4727 1146 4780 orieme
1165 4726 1193 4778 iu
1212 4723 1316 4778 Rezuik
1340 4723 1419 4778 iuxta
1445 4739 1584 4792 magnum
