3544 5344
342 408 384 466 84
850 429 869 467 1.
893 417 1090 482 saramania,

341 589 389 658 qui
412 587 538 642 eamdem
557 595 687 656 emerant,
706 591 832 660 cognatis
850 591 908 644 suis
927 607 957 645 se
975 608 1067 648 emere
1087 609 1169 675 poene
1188 610 1244 648 non
1264 594 1424 663 latentibus,
1450 597 1516 666 quia
1533 614 1592 674 ma;

343 691 416 744 gnus
434 673 538 741 Ochuz,
564 683 643 746 pater
660 675 726 730 dicti
745 676 820 732 Ocuz
838 677 911 743 bani,
937 683 1041 732 emerat
1059 677 1147 733 dictas
1168 680 1247 734 villas
1265 681 1362 752 Milley
1380 691 1408 738 et
1426 683 1538 754 Leugel,
1564 689 1591 738 et

343 767 431 816 certas
451 769 539 818 metas
559 764 748 832 assignaverat
772 770 799 817 et
822 763 912 833 sigillo
931 763 1136 834 vesprimensis
1161 767 1275 836 capituli
1298 769 1483 824 roboraverat
1512 771 1589 838 Quas

344 847 449 903 litteras
475 850 560 921 patris
579 850 622 903 sui
640 867 704 904 cum
722 849 847 904 homines
866 856 1030 922 repeterent,
1054 850 1149 906 Ochuz
1168 852 1258 908 banus
1274 854 1434 924 juramento
1454 855 1588 927 probavit,

344 935 419 1004 quod
438 937 557 992 amissae
577 937 701 991 fuissent

401 1023 519 1078 Wearcl:
541 1023 606 1080 Cod.
625 1024 683 1093 dip.
701 1023 809 1094 Arpad.
834 1022 889 1092 Va,
907 1041 935 1092 p.
956 1027 1017 1078 532.

396 1163 640 1218 OOLXXXVIII.
659 1166 694 1218 Δ.
715 1168 789 1219 1233.
809 1163 935 1218 Andreas
954 1164 984 1218 II
1003 1163 1080 1218 dedit
1091 1165 1119 1218 iu
1131 1164 1270 1218 mandatis
1285 1165 1499 1221 Bartholomaeo
1518 1167 1589 1236 epis-

344 1265 415 1320 copo
433 1249 649 1320 Wesprimiensi,
670 1257 700 1304 ut
718 1251 844 1306 circuiret
861 1257 890 1305 et
901 1251 982 1306 metis
994 1249 1175 1320 distingueret
1187 1249 1248 1304 illas
1261 1257 1348 1305 terras
1362 1255 1508 1307 comitatus
1518 1253 1589 1308 Ves-

342 1337 507 1407 primiensis‚
527 1355 577 1408 pro
595 1337 697 1408 quibus
716 1337 789 1392 filias
808 1339 868 1392 eius
887 1336 1057 1392 colomanus
1076 1354 1124 1390 rex
1143 1343 1170 1390 et
1187 1336 1245 1390 dux
1263 1338 1353 1392 tocius
1364 1337 1517 1404 Slavoniae,
1537 1355 1588 1393 nec

341 1442 397 1479 non
411 1424 507 1495 populi
520 1424 555 1478 de
573 1424 672 1479 Bokou
691 1424 827 1494 (Bakony)
845 1425 920 1479 litem
938 1423 1096 1478 habuerunt
1114 1441 1177 1478 cum
1191 1423 1302 1477 Andrea
1315 1425 1415 1479 comite
1433 1424 1468 1478 de
1487 1441 1587 1494 genere

343 1511 479 1580 Wigman.
499 1511 609 1565 Harum
626 1517 761 1566 terrarum
779 1529 835 1565 una
854 1511 978 1580 eratSeg
991 1512 1048 1564 sive
1061 1508 1148 1576 Band,
1168 1527 1240 1580 quae
1253 1517 1312 1565 erat
1330 1511 1419 1566 bonae
1438 1513 1586 1566 memoriae

342 1597 500 1652 Salamonis
513 1597 585 1664 bani,
605 1597 641 1651 ab
650 1597 746 1652 Ochua
764 1597 845 1664 bano,
864 1597 1081 1668 qui-superdote
1099 1598 1193 1652 uxoris
1211 1598 1299 1667 ipsius
1317 1597 1471 1652 Salamonis
1491 1597 1587 1652 ordine

339 1683 744 1754 judiciariooonvietusfuerat‚
764 1703 814 1756 pro
825 1686 876 1739 120
885 1685 984 1738 marcia
994 1685 1100 1752 argenti
1109 1689 1276 1754 comparata.
1296 1685 1390 1738 Altera
1409 1691 1467 1738 tera
1479 1684 1588 1754 Byluga

341 1777 400 1825 erat
411 1771 447 1824 ab
460 1772 522 1841 ipso
535 1771 701 1826 Salamonae
714 1771 787 1826 bano
800 1771 883 1826 Belae
896 1771 1079 1842 primogenito
1097 1770 1154 1824 filio
1169 1771 1242 1839 regis
1260 1771 1287 1824 in
1306 1777 1395 1825 morte
1413 1788 1464 1825 sua
1483 1771 1585 1838 relicta,

342 1863 369 1910 et
387 1857 424 1911 ab
443 1858 541 1913 eodem
550 1859 618 1913 Bela
636 1859 768 1928 magistro
781 1860 856 1913 Pous
874 1858 976 1912 collata
994 1865 1021 1911 et
1039 1857 1075 1910 ab
1093 1858 1154 1926 ipso
1173 1859 1306 1927 magistro
1324 1875 1373 1928 per
1391 1857 1495 1912 hanam
1508 1857 1585 1913 Sala·

340 1961 452 2000 monera
470 1963 520 2016 pro
539 1947 592 2000 300
609 1946 708 2000 marcis
734 1951 835 2015 empta.
860 1945 981 1998 Tertiam
1006 1949 1107 1997 terram
1125 1944 1223 1998 Vesun
1248 1945 1388 2014 legaverat
1411 1945 1471 2015 ipse
1495 1945 1586 1998 banus

342 2031 473 2087 Salam0n
492 2032 570 2086 militi
588 2049 640 2087 suo
658 2031 787 2086 Andreae
805 2033 883 2086 calvo
903 2049 953 2102 pro
972 2030 1161 2100 redemptione
1179 2031 1237 2084 voti
1255 2033 1351 2086 crucis.

396 2119 495 2174 Oodaa.
515 2119 594 2188 Dipl.
610 2121 725 2189 patrius
745 2119 774 2174 T.
796 2119 853 2187 IV,
871 2135 899 2187 p.
921 2121 963 2170 14.

393 2256 609 2312 COLXXXIX.
627 2259 936 2324 Iuvillacnrbo,1233.
954 2257 1184 2312 Bartholomaeus
1195 2257 1342 2326 episcopus
1351 2256 1583 2326 wesprimiensis,

343 2351 496 2408 attestatur,
522 2344 678 2414 quodcum
697 2347 797 2401 nobilis
817 2346 856 2400 vir
875 2345 995 2400 Michael
1018 2345 1102 2398 frater
1126 2344 1233 2398 comitis
1252 2342 1346 2398 Buaad
1366 2342 1456 2410 (Rani)
1476 2349 1583 2396 contra-

339 2431 426 2486 xisset
443 2432 648 2486 matrimonium
667 2449 729 2488 eum
749 2433 861 2488 domina
879 2433 992 2488 Henthe
1011 2437 1098 2486 matre
1116 2431 1258 2486 Laurentii
1276 2435 1303 2484 et
1324 2429 1444 2484 Virrmth
1464 2429 1582 2484 filiorum

341 2517 448 2572 comitis
467 2517 619 2584 Michaelis,
645 2524 672 2574 et
691 2519 806 2576 eandem
831 2519 958 2590 pluribus
977 2519 1057 2572 annis
1076 2524 1208 2587 tanquam
1226 2516 1377 2586 legitimam
1402 2533 1517 2570 uxorem
1535 2515 1583 2568 ha-

339 2603 456 2670 buisset,
476 2605 536 2674 ipse
561 2605 740 2674 postmodum
759 2623 776 2660 a
794 2623 823 2660 se
843 2624 904 2660 eam
923 2605 1043 2660 alienare
1061 2605 1162 2665 fecerit,
1182 2604 1249 2672 quia
1266 2603 1321 2668 illa,
1349 2603 1410 2672 ipso
1435 2603 1582 2665 nesciente,

342 2697 401 2744 erat
419 2691 505 2760 patris
524 2695 567 2748 sui
591 2696 648 2750 filia
674 2692 831 2763 spiritualia,
860 2699 888 2746 et
910 2709 972 2746 cum
998 2709 1031 2744 ea
1055 2707 1106 2744 nec
1130 2688 1282 2744 secundum
1305 2689 1397 2742 Deum
1421 2687 1583 2742 contrahere

341 2791 450 2857 poterat
467 2800 518 2838 nec
537 2780 571 2836 de
590 2782 657 2835 iure.
677 2779 741 2834 Hoc
760 2781 849 2850 ipsum
870 2779 1023 2850 probarunt
1042 2779 1100 2832 eius
1119 2777 1217 2830 fratres
1236 2782 1263 2830 et
1282 2775 1487 2844 consanguinei,
1509 2771 1584 2826 vide-

341 2873 404 2926 licet
422 2869 545 2931 Hahold,
565 2867 714 2933 Amoldus,
742 2867 857 2920 comites
881 2866 986 2920 Peneth
1006 2873 1033 2920 et
1051 2865 1160 2919 Tristan
1179 2879 1271 2916 coram
1291 2862 1412 2933 capitulo
1437 2859 1584 2916 Geuriensi

340 2958 455 3013 solemni
477 2957 643 3027 juramento.
669 2953 712 3007 Ad
732 2954 800 3008 haec
824 2953 945 3007 decrevit
969 2957 997 3005 et
1021 2951 1177 3021 episcopus,
1202 2955 1234 3003 ut
1258 2947 1355 3002 eadem
1379 2947 1493 3002 domina
1511 2963 1585 3001 uxor

340 3043 483 3100 Michaelis
501 3041 536 3097 de
554 3043 613 3096 iure
632 3057 693 3095 esse
711 3058 766 3095 non
785 3041 881 3110 possit

391 3131 489 3197 Fcy'er:
511 3129 603 3184 Oodea
620 3128 689 3196 dipl.
711 3129 740 3182 a.
759 3127 824 3194 111,
842 3127 893 3181 col.
914 3129 960 3192 la,
976 3142 1007 3194 p.
1027 3129 1086 3179 330.

392 3250 501 3307 OOXO.
521 3250 644 3322 Spalati,
665 3248 956 3305 10.Janaarii1234.
978 3247 1115 3316 Tempore
1139 3243 1267 3298 Guncelli
1291 3241 1492 3312 archiepiscopi
1518 3257 1583 3311 spa-

338 3339 462 3404 latensis,
481 3337 608 3407 Gregorii
627 3335 742 3400 comitis,
762 3335 897 3403 Mengaee
916 3331 1051 3404 Majnucii
1068 3329 1168 3396 vicarii,
1188 3329 1316 3400 Ugo(nis)
1329 3325 1435 3399 prioris.
1456 3326 1584 3380 Chatena

339 3426 482 3482 abbatissa
502 3441 522 3476 s.
533 3421 673 3477 Benedicti
692 3420 815 3478 vendidit
833 3421 965 3488 magistro
984 3419 1059 3474 Posil
1077 3415 1218 3488 quandam
1236 3413 1384 3478 terrullam,
1403 3430 1474 3482 quae
1493 3411 1583 3466 estin

338 3513 459 3567 Laureto
485 3511 562 3564 iuxta
586 3517 687 3562 terram
712 3505 843 3561 ecclesiae
867 3523 888 3558 a.
907 3505 987 3560 Pauli
1013 3512 1040 3560 ct
1064 3521 1084 3558 s.
1103 3503 1240 3558 Johannis
1266 3499 1300 3555 de
1324 3499 1466 3568 Postiguo,
1493 3499 1582 3568 pro4

340 3599 470 3670 perperis.
495 3597 550 3652 Pro
569 3595 676 3650 cambio
702 3602 794 3648 autem
813 3601 840 3648 et
858 3594 885 3646 in
905 3593 1015 3662 signum
1039 3591 1145 3644 stabilis
1169 3587 1317 3659 emptionis
1336 3587 1441 3656 accepit
1460 3583 1585 3640 abatissa

338 3691 394 3738 tres
413 3683 509 3736 barcas
535 3681 570 3738 de
594 3687 667 3736 terra
691 3681 763 3734 illius
788 3681 816 3734 in
835 3679 929 3734 Dilato
954 3679 1007 3732 sub
1032 3677 1135 3732 Cosize.
1164 3677 1262 3730 Testes
1279 3673 1405 3729 fuerunt:
1434 3673 1457 3728 F
1459 3672 1584 3728 erminus

340 3771 423 3825 Testa
442 3777 470 3824 et
482 3769 608 3823 Andreas
627 3767 794 3838 capellanus.
815 3765 1004 3834 C(olo)manus
1023 3765 1138 3819 clericus
1149 3761 1439 3832 comitisSpalatensis
1458 3757 1584 3812 notarius

340 3857 457 3927 scripsit.

394 3945 443 3998 Ea
461 3943 574 3998 archivo
593 3941 762 3996 Martialium
779 3955 801 3994 a.
819 3940 933 3994 Mariae
951 3939 1081 3993 Jaderoe.

391 4065 518 4119 CCXCI.
543 4067 577 4118 A.
597 4067 677 4117 1234.
697 4067 738 4115 25.
758 4061 916 4115 Februarii.
943 4060 1068 4114 Joannes
1087 4060 1161 4114 lilius
1181 4057 1325 4112 Michaelis
1345 4053 1503 4118 Gundulae,
1526 4069 1583 4106 una

339 4171 402 4208 cum
421 4169 507 4206 uxore
526 4168 577 4204 sua
595 4149 771 4204 Dabroslava
788 4149 845 4202 filia
870 4148 963 4202 Mauri
988 4148 1134 4212 hlauanae,
1162 4147 1271 4198 firmato
1295 4144 1365 4196 inter
1389 4157 1419 4194 se
1443 4153 1582 4193 consensu

338 4257 388 4312 per
406 4239 469 4292 fidei
489 4243 699 4303 sacramentum,
718 4237 843 4291 lecerunt
860 4235 988 4288 ultimum
1006 4239 1202 4288 testamentum
1221 4231 1255 4284 de
1274 4227 1401 4282 omnibus
1421 4227 1478 4278 suis
1498 4223 1583 4278 rebus

337 4325 487 4382 mobilibus
511 4331 538 4380 et
561 4323 756 4378 immobilibus.
782 4323 819 4377 Et
837 4322 1033 4376 commiserunt
1060 4319 1192 4388 epitropis
1217 4317 1274 4370 suis
1302 4313 1462 4386 presbytero
1481 4311 1582 4378 Sabae,

339 4415 410 4484 patri
429 4429 481 4467 suo
501 4411 637 4482 spirituali
655 4410 753 4466 diebus
772 4411 837 4474 suis,
863 4415 890 4463 et
909 4407 989 4462 valio
1006 4406 1100 4474 nepoti
1118 4404 1235 4459 Joannis
1255 4410 1282 4458 et
1299 4397 1464 4456 haeredibus
1491 4397 1584 4453 fratris

339 4499 462 4554 eiusdem
487 4506 515 4554 et
534 4498 692 4554 Grubessae
710 4498 787 4551 fratri
806 4497 866 4566 ejus
886 4501 913 4549 et
930 4493 1096 4548 haeredibus
1115 4491 1143 4544 in
1168 4497 1333 4561 perpetuum
1358 4493 1386 4542 et
1410 4485 1584 4556 praesbitero

339 4587 417 4642 Elisa
434 4585 553 4640 loannis
571 4585 682 4640 Viviani
700 4583 800 4638 diebus
818 4582 884 4646 suis,
903 4587 934 4634 ut
952 4581 979 4633 in
998 4580 1060 4634 loco
1072 4578 1107 4632 de
1121 4578 1239 4650 propriis
1252 4577 1310 4630 suis
1323 4575 1449 4646 personis
1461 4573 1586 4628 habeant

339 4673 449 4744 plenam
469 4678 634 4743 potestatem
659 4669 785 4735 faciendi,
811 4667 895 4722 dandi
914 4673 942 4722 et
960 4665 1105 4720 ordinandi
1123 4663 1199 4729 illud,
1225 4662 1300 4733 quod
1320 4661 1420 4717 subtus
1440 4663 1585 4718 ordinave-
