3464 5382
344 410 409 476 164
848 435 870 476 1.
885 419 1084 490 mussanti,

396 599 489 655 DLlI.
511 597 656 669 venetiis,
683 602 724 655 15.
751 598 873 668 Aupueta'
897 601 975 654 1218.
1003 597 1128 655 lacobus
1149 599 1293 670 'scopolus
1320 597 1379 654 dux
1397 599 1591 667 venetiarum,

342 687 553 744 communicans
571 686 601 742 S.
613 685 773 742 Justiniano
791 686 885 741 comiti
899 683 1012 756 Jadrae,
1030 685 1066 742 ad
1085 685 1288 758 expositionem
1306 685 1426 741 Joanuis
1444 684 1592 740 Michaelis

343 775 452 831 comitis
480 773 623 844 qnondam
649 772 762 840 Jadrae,
790 771 865 843 qnod
893 789 965 828 uxor
991 773 1134 844 quondam
1161 773 1255 829 Desae
1273 772 1309 828 de
1326 773 1420 828 Picica
1448 771 1593 843 quandam

343 863 453 918 vineam
471 863 499 916 in
519 861 692 932 pertinentiis
711 860 816 928 Babici
835 876 906 931 quae
920 861 987 916 olim
999 860 1052 916 init
1063 860 1129 916 dicti
1148 861 1248 926 Desae,
1267 866 1296 916 et
1313 859 1388 916 (1000
1406 860 1481 914 111100
1500 858 1592 914 Cerne

344 947 379 1004 de
397 949 501 1005 Mensa
519 947 661 1020 quandam
678 949 762 1004 aliam
779 948 897 1014 vineam,
926 965 997 1018 quas
1015 948 1069 1004 suit
1086 947 1211 1003 eiusdem
1229 947 1327 1016 Cerne,
1356 947 1476 1020 positam
1506 963 1593 1017 super

343 1037 501 1104 maceriam,
527 1051 599 1106 quae
618 1035 734 1105 (010000)
752 1038 818 1090 sunt
835 1035 903 1089 iuris
921 1035 1056 1106 praedicti
1076 1033 1214 1090 Johannis
1232 1035 1385 1100 Michaelis,
1411 1035 1593 1090 intromiserit

344 1125 395 1193 (00)
413 1123 536 1190 indebite
553 1123 597 1178 his
615 1122 723 1190 diebus,
740 1121 769 1178 id
782 1122 855 1178 circo
867 1122 982 1178 mandam
994 1123 1019 1179 ei
1033 1121 1100 1192 dux,
1119 1127 1256 1194 quatenus
1268 1120 1356 1178 dictas
1374 1122 1470 1178 vinem
1488 1123 1593 1178 nuncio

344 1210 412 1267 dicti
429 1209 457 1268 J.
477 1209 623 1267 Michaelis
642 1210 750 1266 10011101
768 1210 860 1265 saciat.

396 1297 515 1367 isichii:
533 1301 609 1354 noa.
628 1297 704 1355 stoc.
722 1314 787 1354 mn.
808 1299 830 1353 Ι.
848 1314 875 1367 p.
895 1298 949 1354 7⁹9

397 1419 504 1476 DLIII.
527 1420 675 1492 hnpduni,
704 1422 745 1475 28.
763 1421 886 1489 Aupaetr'
911 1421 988 1476 1248.
1016 1419 1196 1474 Innocentius
1219 1416 1272 1474 IV.
1296 1435 1371 1490 papa
1396 1418 1536 1476 monendo
1565 1425 1595 1476 et

346 1506 473 1578 rogando
490 1507 606 1562 mandat
623 1507 725 1574 comiti,
744 1507 884 1562 nobilibus
903 1511 931 1561 et
948 1505 1054 1577 populo
1072 1506 1249 1576 Ragusieusi,
1275 1511 1306 1560 ut
1324 1522 1388 1562 curn
1405 1506 1477 1560 intur
1494 1522 1544 1562 eos
1564 1513 1593 1563 et

346 1595 420 1650 cives
438 1595 628 1650 antivarenses
645 1595 737 1664 grauis
757 1594 792 1649 sit
810 1599 908 1648 exorta
931 1593 1076 1662 discordia,
1104 1593 1265 1650 desiderans
1289 1593 1417 1650 effectura
1435 1610 1542 1666 pacem,
1573 1612 1593 1651 a

346 1681 476 1738 molestia
494 1687 522 1738 et
539 1683 640 1753 injuria
658 1682 761 1737 civium
777 1681 922 1750 desistant,
947 1685 975 1736 et
993 1681 1115 1738 cumeis
1133 1697 1230 1754 pacem
1249 1687 1278 1737 et
1294 1697 1387 1742 veram
1411 1681 1592 1738 concordiam

344 1767 475 1824 habeant

398 1856 531 1912 sartari:
548 1855 632 1928 illyr.
652 1871 723 1913 sacr.
746 1855 793 1912 VI.
812 1860 869 1913 101.

398 1977 502 2033 DLIV.
520 1977 668 2048 Lugduni,
692 1982 714 2030 1.
735 1976 860 2034 Octobris
877 1981 952 2036 1248.
979 1979 1159 2036 Innocentius
1182 1977 1235 2034 IV.
1253 1995 1328 2050 papa
1351 1977 1539 2035 chanadiensi
1566 1986 1596 2037 ct

346 2065 491 2122 Sirmiensi
508 2065 647 2136 episcopis
665 2069 694 2120 et
711 2063 805 2119 abbati
823 2064 859 2120 (10
876 2063 951 2121 Pelia
969 2065 1153 2120 cisterciensis
1166 2065 1269 2122 ordinis
1288 2066 1493 2136 vesprimiensis
1511 2065 1593 2123 dioe-

347 2153 418 2208 cesis
436 2152 631 2220 communicat,
658 2149 734 2222 quod
762 2150 895 2206 ¹ulbertus
922 2151 1134 2208 archidiaconus
1161 2153 1354 2224 Zagrabiensis
1379 2155 1407 2208 10
1425 2155 1486 2210 eiua
1512 2171 1594 2228 prae·

341 2239 437 2314 000110
455 2240 623 2294 constitutus
642 2239 825 2309 proposuerit,
853 2237 929 2308 quod
947 2254 1011 2294 cum
1029 2239 1183 2310 capitulum
1207 2245 1317 2312 pastore
1343 2245 1459 2296 vacante
1476 2241 1595 2299 haberet

348 2325 384 2383 de
402 2325 542 2397 pontificis
560 2317 768 2382 substitutione
785 2331 940 2394 mactatum,
968 2325 1057 2380 sciens
1084 2325 1233 2382 nonnullos
1254 2325 1289 2382 dc
1307 2325 1430 2398 capitulo
1447 2327 1594 2392 10101001-

347 2414 402 2470 oris
421 2413 715 2469 excommunicationis
742 2413 879 2468 sententia
902 2412 1031 2468 inodatos
1049 2419 1078 2468 et
1095 2413 1280 2478 considerans,
1308 2413 1385 2485 qnod
1410 2419 1524 2486 propter
1542 2433 1593 2473 eos

347 2502 465 2556 scienter
482 2501 518 2556 ad
537 2499 695 2570 eligendum
721 2498 860 2556 admissos
877 2499 956 2556 fieret
983 2499 1080 2556 electio
1109 2501 1215 2568 0111000,
1243 2518 1292 2558 000
1310 2501 1504 2580 incommune
1528 2501 1591 2559 dili·

345 2593 444 2659 genter
453 2585 636 2656 admonuerit,
654 2585 748 2642 001111
767 2585 900 2642 deberent
909 2585 945 2642 ad
956 2587 1112 2657 eligendum
1125 2588 1247 2656 admitti;
1267 2587 1314 2644 sed
1328 2589 1382 2659 ipsi
1401 2588 1591 2648 admonitione

346 2681 507 2748 contempta
524 2675 616 2748 ipsum
635 2673 860 2730 archidiaconum
878 2673 913 2729 de
932 2673 1054 2746 capitulo
1083 2675 1200 2746 turpiter
1227 2675 1374 2746 ejecerunt,
1410 2693 1500 2750 coque
1525 2695 1593 2735 con-

346 2768 461 2834 tempto,
481 2762 641 2836 Philippum
660 2759 770 2832 reginae
793 2762 957 2832 Huugariae
981 2761 1183 2830 cancellarium,
1211 2764 1362 2834 patientem
1380 2765 1409 2819 in
1426 2771 1518 2821 aetate
1542 2765 1593 2823 de·

346 2849 459 2918 fectum,
487 2867 536 2921 per
563 2849 651 2906 laicae
678 2849 912 2921 praesumptionis
931 2849 1058 2917 abusum,
1088 2855 1185 2905 contra
1208 2849 1364 2906 libertatem
1381 2853 1546 2908 0000010000
1563 2853 1593 2908 10

346 2939 509 3010 episcopum
527 2937 668 3007 elegerint,
691 2933 875 2992 absolutionis
893 2935 1027 2992 beneficio
1045 2953 1102 2992 uon
1120 2936 1243 3006 obtento,
1271 2937 1319 3008 qui
1341 2953 1412 2994 cnm
1429 2939 1592 2996 huiusmodi

346 3041 443 3084 eorum
461 3040 623 3096 processum
641 3041 658 3080 a
676 3023 823 3080 Colocensi
847 3023 1056 3096 archiepiscopo
1075 3024 1129 3078 loci
1147 3025 1359 3096 metropolitano
1381 3029 1508 3098 peterent
1525 3043 1593 3082 000-

309 3131 322 3156 ·
345 3111 458 3183 firmari,
477 3111 563 3182 illeid
576 3111 666 3168 facere
679 3111 787 3182 dejure
805 3109 1022 3183 nonjdebuisset,
1041 3117 1244 3167 verumtamen
1262 3110 1337 3168 idem
1355 3111 1590 3186 archiepiscopus,

346 3205 507 3272 contempta
524 3199 713 3274 appellatione
731 3199 766 3254 ad
786 3198 881 3255 sedem
899 3199 1089 3271 apostolicam,
1114 3199 1233 3256 electum
1256 3199 1429 3256 confirmarit
1447 3205 1475 3256 et
1492 3217 1595 3257 conse·

346 3287 444 3354 crarit;
470 3287 585 3344 mandat
602 3303 669 3357 ergo
689 3285 836 3358 praedictis
854 3285 1002 3357 episcopis,
1027 3292 1059 3342 nt
1075 3287 1104 3341 in
1126 3303 1185 3342 rem
1207 3287 1347 3358 inquirant
1365 3292 1393 3343 et
1410 3303 1490 3344 suam
1519 3287 1592 3344 rela-

345 3375 451 3432 tionem
470 3391 605 3446 supereo
624 3375 715 3430 eidem
733 3379 882 3446 praestent

397 3461 528 3520 Farluti:
551 3461 635 3533 illyr.
652 3478 725 3520 scor.
747 3463 775 3516 T.
799 3461 828 3518 V.
846 3477 875 3532 p.
894 3465 958 3518 370.
989 3461 1121 3518 111010οε
1145 3464 1220 3518 Mon.
1239 3467 1289 3520 oet.
1313 3465 1407 3534 Haup.
1426 3465 1448 3520 1.
1468 3465 1528 3521 206.

398 3601 488 3659 DLV.
506 3601 648 3672 venetiis,
666 3603 707 3655 12.
728 3600 951 3658 Octobris12l8.
970 3601 1147 3658 1000001110
1170 3602 1267 3674 majori
1286 3603 1349 3658 ¹fuit
1366 3603 1533 3672 ordinatum,
1560 3611 1593 3661 ut

346 3689 376 3745 S.
393 3687 553 3744 Justiniano
580 3687 674 3744 comiti
700 3688 804 3745 Jadrac
832 3689 995 3757 notificetur,
1023 3688 1099 3759 quod
1126 3689 1161 3745 dc
1189 3689 1327 3744 mercibus
1354 3689 1490 3759 strabus,
1510 3705 1591 3761 quas

345 3773 483 3832 Jadretini
501 3794 518 3832 a
536 3775 621 3831 modo
640 3773 774 3832 Venetiae
792 3775 942 3832 detulerint
959 3775 995 3831 de
1013 3791 1107 3846 regno,
1127 3781 1184 3831 1010
1196 3775 1232 3831 (10
1243 3775 1294 3844 hle,
1313 3776 1446 3847 quamde
1464 3777 1592 3848 partibus

346 3863 539 3929 ultramarinis,
563 3864 726 3932 1100000100,
749 3863 853 3918 Tunixi
871 3868 898 3918 et
915 3863 1072 3930 Barbarlae,
1097 3877 1182 3934 quarn
1205 3862 1241 3918 de
1267 3877 1355 3934 regno
1372 3869 1401 3918 et
1417 3863 1591 3921 Siciliasire

346 3951 458 4023 Apulia,
476 3957 586 4007 tantum
603 3949 715 4007 dacium
733 3949 858 4007 Venetiis
888 3951 996 4006 solvere
1013 3951 1141 4022 debeant,
1161 3955 1296 4022 quantum
1314 3951 1441 4008 homiues
1458 3953 1593 4008 11000010-

345 4055 408 4095 rum
427 4039 537 4096 solvunt
553 4037 689 4095 Venetiis.
1289 4027 1290 4030 ’

398 4125 516 4194 Mutii:
535 4129 609 4183 Mon.
629 4125 704 4184 suaa
723 4141 787 4182 mer.
807 4129 829 4182 1.
848 4129 892 4181 40.

397 4249 500 4305 DLVI.
518 4249 555 4304 Ia
573 4249 669 4304 inarato
686 4248 827 4318 Leporum
846 4252 890 4305 20.
911 4248 1037 4305 Octobris
1055 4251 1131 4304 1248.
1157 4247 1249 4304 Maria
1265 4249 1361 4319 regina
1380 4249 1544 4322 Hungariae
1562 4255 1591 4307 et

347 4335 475 4392 Oroatiae
493 4335 650 4408 hospitibus
673 4337 731 4392 suis
754 4335 791 4391 de
811 4335 958 4392 Vereuche
976 4334 1092 4392 eandem
1110 4335 1246 4392 libertatis
1264 4336 1452 4392 conditionem
1471 4337 1590 4406 ordinat,

252 4468 254 4472 .
346 4441 431 4495 qnam
448 4424 573 4494 hospites
592 4422 627 4478 de
645 4423 753 4494 Sugust
771 4423 899 4494 (Segesd)
918 4439 1018 4506 aroge
1036 4423 1225 4492 obtinuerunt,
1243 4423 1283 4482 ita
1300 4429 1401 4491 tamen,
1415 4429 1447 4480 ut
1464 4425 1519 4496 ipsi
1537 4426 1592 4480 sin·

346 4511 421 4582 gulis
438 4513 519 4568 annis
536 4512 643 4567 ratione
661 4527 761 4567 census
779 4512 815 4568 40
832 4527 940 4567 marcae
957 4509 986 4566 10
1004 4511 1123 4568 monetis
1141 4511 1245 4567 domiui
1264 4511 1337 4581 regis
1355 4511 1384 4566 10
1402 4511 1474 4568 festo
1493 4527 1516 4567 s.
1537 4511 1592 4566 hli-

346 4599 451 4656 chaelis
466 4600 583 4655 homini
609 4601 722 4670 reginae
738 4599 856 4655 solvere
882 4603 1043 4667 teneantur3
1062 4602 1207 4670 praeterea
1232 4598 1339 4654 ratione
1363 4597 1451 4656 victus
1476 4597 1591 4670 reginae

346 4686 469 4744 debeam
485 4687 552 4744 dare
570 4689 622 4746 600
639 4703 736 4760 panes,
760 4702 810 4744 sex
827 4686 914 4744 bores
933 4687 1088 4759 pascuales,
1116 4688 1167 4743 100
1184 4685 1310 4760 gallinas,
1332 4685 1390 4742 riui
1407 4686 1442 4744 60
1458 4685 1588 4757 cubulos,
