3464 5382
334 385 398 453 166
839 409 860 450 1.
878 393 1077 468 mansue,

386 571 683 642 cumvenerit,
704 573 1002 630 surrectiorus.
1030 571 1156 631 Jacobus
1179 573 1344 646 'l'heupulus
1368 573 1426 629 dux
1449 573 1586 630 Venetia·

334 678 404 719 num
422 661 531 734 Augslo
551 663 723 718 Msnroceuo
741 661 834 717 comiti
852 665 881 716 et
898 661 960 732 ejus
978 660 1144 718 consilisriis
1173 661 1283 716 Marino
1313 661 1492 730 Mausoceuo,
1520 660 1587 716 Ste-

335 749 431 822 phauo
447 747 615 818 Justinisuo,
641 748 780 820 Bsynerio
805 746 885 804 (ieuo
908 751 937 804 et
957 747 1061 804 Joauni
1083 746 1120 804 ds
1139 747 1236 804 Osusli
1256 749 1315 804 suis
1333 747 1584 805 ambascistcribus

337 836 482 908 significat,
508 836 585 908 quod
610 853 647 893 ex
670 841 749 909 psrte
773 840 926 892 conventus
949 835 1067 891 irstrum
1093 835 1314 908 prsedicstorum
1339 835 1375 891 de
1391 833 1479 890 Jsdrs
1499 835 1588 891 inerit

335 924 361 980 ei
385 923 552 996 expositum,
580 922 656 995 quod
681 923 860 980 concessione
884 921 1068 994 quarumdam
1093 923 1303 994 possessionum
1328 920 1363 978 de
1386 921 1483 993 Jedrs,
1509 939 1585 993 quss

336 1011 502 1068 Leousrdus
520 1011 654 1079 Quirinus
671 1015 739 1068 tuuc
755 1026 850 1068 comes
861 1009 897 1066 de
909 1008 1042 1066 mandato
1059 1009 1140 1066 ducis
1157 1010 1304 1066 conventui
1323 1009 1448 1078 contulit,
1466 1008 1585 1080 quidsm

334 1097 481 1166 Jsdertiui‚
499 1097 535 1154 sd
553 1115 624 1170 quos
642 1097 732 1154 dicus
750 1097 942 1170 possessiones
960 1097 1027 1152 clim
1044 1095 1217 1168 spectsbsnt,
1239 1095 1392 1168 impediant
1408 1101 1470 1153 toto
1488 1113 1582 1168 posse,

337 1190 464 1258 petentes
482 1185 544 1242 illas
563 1185 616 1242 sibl
633 1185 757 1254 restitui;
774 1184 890 1240 msudst
901 1185 1003 1255 itaque,
1024 1189 1055 1240 ut
1072 1183 1107 1240 de
1125 1184 1178 1240 hsc
1198 1201 1228 1240 re
1246 1185 1375 1256 inquirat,
1393 1188 1422 1240 et
1434 1185 1457 1240 si
1470 1183 1496 1240 ei
1507 1182 1584 1239 vide-

340 1273 424 1344 bitur,
451 1272 526 1329 viros
542 1272 659 1342 nobiles,
687 1273 798 1346 Papum
814 1270 850 1328 de
867 1271 1009 1344 Petrogns
1035 1276 1064 1328 et
1091 1271 1279 1344 Grisogonum
1296 1271 1331 1329 de
1350 1272 1451 1329 Mauro
1468 1271 1584 1328 nuntios

339 1359 556 1428 Jsdertiuorunr,
574 1360 745 1432 interrogare
763 1364 792 1416 et
808 1359 946 1432 inquirere
963 1359 1072 1416 debest.

387 1447 510 1504 Imciw
527 1447 572 1502 De
588 1462 673 1518 repeto
690 1447 787 1504 Dalm.
806 1451 833 1503 et
851 1447 945 1504 orout.
964 1447 1011 1504 so.
1028 1446 1082 1504 IV.
1100 1462 1163 1518 cop.
1185 1446 1250 1503 ΠΙ.

389 1587 495 1644 DLIX.
513 1588 638 1660 Spoleti,
658 1591 702 1646 22.
721 1587 875 1644 Decretis-is
893 1589 973 1643 1248.
991 1585 1171 1644 Praesidsute
1183 1586 1294 1642 Josune
1310 1587 1460 1660 spalatensi
1477 1587 1582 1645 archie-

335 1678 416 1745 lecto,
441 1680 566 1748 tempore
583 1675 676 1731 Dosse
701 1675 854 1743 Michaelis,
873 1673 992 1731 Joannis
1009 1673 1119 1742 Vitslis,
1143 1679 1172 1728 et
1194 1672 1284 1730 Dobri
1308 1675 1423 1729 Bresich
1447 1674 1580 1744 iudicum,

335 1780 400 1820 curn
417 1763 492 1820 idem
510 1761 616 1819 iudices
634 1761 762 1818 sederent
776 1762 804 1816 in
816 1763 894 1818 curia
904 1762 1026 1832 generali
1035 1762 1083 1832 jus
1096 1777 1179 1818 suum
1192 1763 1293 1834 cuique
1311 1763 1466 1832 tribuendo,
1483 1779 1581 1836 super·

336 1851 478 1907 venientes
496 1850 573 1906 Desa
592 1849 677 1908 Oorbi
695 1849 845 1905 canonicus
863 1853 891 1904 et
908 1849 986 1904 Dess
1002 1847 1090 1918 Ivsui,
1112 1855 1305 1922 procuratores
1322 1851 1416 1907 curiae
1433 1851 1581 1924 archiepis-

335 1938 450 2010 copalis,
477 1939 622 2008 conquesti
646 1941 712 1992 suut
735 1937 770 1992 do
795 1935 906 1992 Joaune
930 1935 1035 2004 Duimi,
1059 1937 1107 2008 qui
1129 1935 1286 2008 denegabat
1309 1935 1375 1993 dare
1399 1936 1435 1994 de
1457 1937 1581 2009 quodem

335 2025 495 2082 molendino
514 2041 566 2082 suo
581 2025 721 2096 justitiam
738 2023 861 2080 debitam
879 2023 907 2080 S.
926 2023 1058 2092 Domnio,
1076 2025 1149 2080 sicut
1166 2023 1266 2080 stalis
1283 2023 1442 2080 molendina
1459 2024 1581 2082 Solense

339 2113 492 2181 solvebant,
523 2113 705 2170 ostenderunt
728 2117 822 2168 sutem
847 2117 1039 2184 procuratores
1063 2111 1204 2183 quandem
1228 2113 1393 2168 senteutiam
1417 2111 1504 2169 latum
1530 2129 1581 2184 per

336 2201 442 2259 iudices
458 2199 594 2256 Duimum
605 2199 720 2268 Florini,
738 2203 846 2272 patrem
859 2200 948 2272 ipsius
958 2199 1085 2268 Josuuis,
1098 2205 1126 2255 et
1137 2200 1260 2256 Michsm
1277 2199 1366 2256 hisdii
1380 2199 1478 2272 Suppe
1495 2216 1581 2272 snper

341 2289 430 2361 ipsius
447 2287 600 2345 molendini
618 2287 730 2359 placito,
755 2287 822 2343 olim
844 2289 927 2342 etism
950 2287 1162 2358 promulgatam,
1186 2304 1242 2358 qus
1260 2287 1380 2359 perlecta
1397 2286 1502 2344 iudices
1519 2305 1581 2344 sen·

336 2376 452 2433 tentiam
469 2374 661 2448 spprobsrunt
685 2379 713 2430 et
736 2374 940 2431 confirmarunt.
962 2375 1074 2431 Testes:
1098 2375 1224 2432 Jcanues
1240 2375 1393 2432 Buocasius
1411 2381 1439 2432 et
1454 2374 1581 2433 ioannes

385 2551 516 2609 Foriuts‘:
535 2549 619 2621 illyr.
637 2565 708 2606 sacr.
730 2551 760 2605 Τ.
777 2549 835 2605 111.
851 2564 881 2618 p.
899 2551 963 2605 273.

387 2689 478 2748 DLX.
497 2691 533 2746 A„
551 2693 635 2748 1218.
653 2689 721 2745 Bels
738 2687 790 2746 Ν.
808 2703 858 2744 rex
875 2689 1008 2758 notificat,
1026 2689 1103 2761 quod
1120 2689 1285 2746 accedentes
1310 2688 1347 2746 sd
1371 2691 1432 2762 eius
1450 2707 1581 2764 pressen-

334 2780 403 2836 tn'sm
419 2777 567 2835 Lorsudus
586 2775 726 2849 pristinus
744 2781 772 2833 et
789 2791 882 2832 comes
900 2776 1078 2832 Posonieusis
1094 2777 1131 2832 sb
1149 2793 1206 2832 uus
1224 2783 1309 2848 psrte,
1323 2777 1421 2848 Odols,
1443 2779 1534 2836 Obelk
1552 2787 1581 2837 et

334 2867 432 2924 Bouch
450 2866 571 2937 (Berich)
589 2865 639 2920 filii
657 2864 754 2920 Bouch
771 2864 891 2933 (Boricb)
909 2864 945 2920 de
962 2880 1063 2936 gauere
1088 2863 1186 2920 Bouch
1204 2865 1327 2935 (Boricb)
1346 2866 1413 2922 bani
1430 2883 1465 2922 ex
1483 2868 1580 2940 alters,

334 2953 454 3010 confessi
472 2953 528 3008 siut
545 2952 637 3009 Odols
654 2967 718 3008 cum
735 2950 867 3007 fratribus
885 2951 951 3020 suis,
980 2951 1056 3023 quod
1074 2952 1265 3023 possessiones
1291 2969 1357 3010 suss
1381 2954 1581 3012 mereditmtss

334 3041 446 3112 Golgos
462 3045 491 3096 et
507 3040 616 3096 Pothus
628 3039 657 3095 in
675 3039 809 3096 comitutu
826 3038 862 3094 de
879 3039 973 3110 Posga
990 3040 1120 3111 (Poiega)
1133 3040 1223 3096 eidem
1238 3041 1369 3098 Loraudo
1387 3058 1438 3114 pro
1457 3049 1580 3114 quatuor

334 3135 446 3188 centum
477 3127 577 3184 marcis
604 3126 806 3194 vendidissent3
837 3143 855 3182 s
883 3123 1041 3182 venditione
1068 3131 1162 3182 tumen
1192 3131 1281 3183 terrse
1310 3128 1501 3200 prohibuerint
1529 3149 1579 3188 eos

337 3218 428 3274 dictus
446 3215 613 3273 Benedictus
632 3214 723 3270 Borch
741 3214 888 3283 (Bocchi),
908 3214 1059 3270 Marcellus
1077 3219 1105 3270 et
1122 3213 1244 3270 Michsel
1261 3214 1310 3269 filii
1325 3216 1375 3284 sul,
1393 3221 1451 3272 tsm
1470 3235 1521 3290 pro
1540 3235 1578 3286 se,

336 3322 421 3378 qusm
438 3305 522 3361 eham
546 3320 597 3376 pro
621 3301 686 3358 filiis
710 3302 769 3357 suis
793 3300 948 3358 minoribus
967 3301 1120 3372 degenere
1143 3301 1272 3373 eJ'usdem
1288 3303 1389 3388 Borich
1406 3302 1480 3360 bsni.
1506 3305 1580 3374 Quis

334 3397 428 3450 sutem
447 3390 607 3464 praedictus
624 3389 763 3462 palatinus
781 3389 928 3446 Lorsndus
946 3405 1010 3445 oum
1029 3390 1069 3445 eis
1086 3389 1151 3445 iecit
1168 3389 1379 3459 ordinationem,
1397 3391 1435 3448 cb
1452 3391 1506 3450 hoc
1517 3409 1579 3465 per·

335 3482 472 3538 miserunt
489 3479 515 3536 ei
532 3495 625 3536 corsus
642 3494 708 3549 rege
725 3476 792 3533 dicti
811 3477 861 3532 tilii
879 3475 1022 3533 Benedicti
1039 3476 1128 3534 dictas
1146 3481 1233 3534 terras
1252 3493 1351 3535 emere.

395 3567 514 3624 Wssuet:
534 3565 599 3624 Ood
618 3565 688 3636 dipl.
706 3566 807 3636 crpod.
832 3564 894 3620 VII.
913 3569 974 3619 260.

387 3707 493 3764 DLXI.
511 3710 547 3764 A.
560 3709 636 3766 1248.
654 3705 723 3762 Bels
734 3705 786 3764 tv.
799 3723 848 3762 rex
862 3710 961 3763 notum
978 3706 1053 3775 isoit,
1072 3705 1148 3779 quod
1165 3706 1259 3764 Butho
1277 3723 1371 3764 comes
1389 3707 1468 3764 iilius
1474 3707 1493 3765 J
1495 3709 1581 3766 uliaui

335 3799 415 3868 grsts
432 3801 461 3852 et
479 3795 555 3851 omui
572 3795 733 3867 acceptione
750 3794 914 3866 dignissima
931 3792 1072 3851 fidelitsh's
1090 3794 1226 3868 obsequis
1236 3811 1293 3850 nou
1306 3795 1387 3851 solun
1407 3796 1480 3852 circs
1498 3797 1581 3852 mari·

335 3885 404 3939 tirus
421 3898 517 3939 vorum
541 3883 625 3938 etiam
649 3880 754 3953 ubique
777 3882 903 3938 locorum
921 3882 947 3939 ei
964 3881 1127 3951 exhibuerit,
1155 3889 1183 3940 et
1200 3882 1320 3939 msxime
1338 3882 1367 3939 in
1385 3883 1577 3941 observatione

336 3971 420 4028 castri
436 3971 505 4041 regii
524 3969 611 4044 Olych
629 3969 751 4040 (Olisss),
779 3969 846 4026 item
870 3985 935 4026 curn
959 3969 1121 4042 Nynoslsus
1147 3970 1238 4026 banus
1256 3969 1407 4027 Bosueusis
1431 3975 1459 4027 et
1483 3987 1579 4028 omnes

335 4058 410 4116 cives
428 4057 463 4114 de
482 4055 607 4130 Spslsto,
626 4074 644 4113 a
661 4055 756 4113 debita
773 4058 832 4128 regi
850 4056 982 4114 fidelitate
993 4057 1189 4126 exorbitantes,
1207 4059 1236 4114 in
1254 4056 1405 4114 obsedioue
1424 4064 1578 4114 castorum

337 4144 425 4218 Olych
443 4152 472 4202 et
488 4145 615 4216 Tragurii
638 4161 710 4201 ausu
736 4145 881 4201 temerario
908 4145 1129 4213 insurrexissent,
1155 4145 1246 4202 dictus
1269 4145 1362 4201 Butko
1385 4162 1528 4220 exponens
1549 4163 1580 4204 se

336 4233 464 4290 fortunae
482 4231 627 4303 multiplici
645 4237 741 4290 contra
758 4231 872 4288 eosdem
889 4231 1002 4290 viriliter
1019 4231 1190 4289 dimicaverit
1207 4231 1287 4300 odeo,
1306 4237 1338 4288 ut
1355 4233 1523 4300 quidusdam
1543 4233 1579 4290 de

336 4321 395 4377 suis
412 4319 635 4391 consanguineis,
653 4319 749 4374 multis
768 4324 796 4375 et
812 4318 1017 4376 collateralibus
1033 4319 1136 4375 ibidem
1148 4320 1285 4392 inpugna
1302 4320 1482 4392 interemptis,
1501 4321 1579 4393 ipsos

336 4409 365 4463 in
377 4408 432 4464 fine
440 4406 611 4464 deficientes
622 4411 749 4479 potenter
767 4407 931 4478 effugaverit
945 4406 1028 4464 rebus
1042 4407 1170 4465 omuibus
1183 4407 1330 4481 spoliando
1343 4413 1370 4464 et
1382 4425 1467 4479 quam
1485 4409 1579 4480 plures

337 4514 372 4554 ex
384 4496 454 4568 ipsis
471 4495 599 4552 meliores
617 4494 791 4567 csptivaudo.
814 4493 859 4550 Ad
878 4495 954 4565 haec,
973 4512 1037 4552 cum
1050 4512 1183 4568 processu
1201 4503 1357 4568 temporum
1366 4495 1468 4552 Veneti
1480 4496 1516 4552 sd
1529 4497 1581 4552 im-

337 4583 500 4657 pngusdum
517 4589 639 4641 oestrum
657 4583 789 4642 Nouense
801 4585 830 4640 iu
843 4585 948 4658 praelio
966 4585 1058 4641 usvsli
1076 4583 1261 4655 advenissent,
1281 4601 1365 4658 saepe
1376 4584 1467 4642 dictus
1485 4585 1579 4643 Butko

339 4687 396 4729 non
415 4669 521 4743 sbsque
545 4669 638 4728 dubiis
661 4671 805 4730 eventibus
827 4689 858 4730 se
882 4673 1028 4745 accingens
1051 4673 1081 4730 in
1105 4671 1228 4745 eosdem,
1251 4677 1366 4747 sccepts
1388 4689 1445 4732 nou
1470 4671 1580 4733 modios
