3544 5344
191 1857 215 1912 1.
234 1858 366 1929 ostana,
390 1863 415 1912 3.
433 1858 573 1914 Jesmoris'
590 1862 671 1915 1200.
694 1861 822 1932 Lepinus
843 1859 985 1932 Lupanae‚
1011 1861 1127 1918 Maurus
1150 1864 1251 1919 Jscobi
1273 1865 1390 1932 Leocue

147 1943 281 1998 Ursscins
307 1942 453 2009 Simeonis,
481 1945 607 2001 Euticius
634 1945 791 2017 Micbspag,
820 1947 963 2002 Paschalis
990 1948 1110 2019 Dragus,
1137 1949 1209 2006 Rille
1236 1951 1390 2018 Dobrazea,

148 2027 282 2084 Nicolsus
300 2029 413 2085 Graben
431 2047 495 2086 cum
519 2029 625 2103 populo
643 2033 762 2088 civitatis
781 2033 895 2088 Cathari
917 2041 944 2089 et
961 2033 1074 2088 domiuo
1093 2075 1099 2089 .
1118 2076 1125 2089 .
1145 2074 1152 2090 .
1171 2076 1178 2090 .
1197 2037 1391 2093 archidiacono

149 2113 323 2171 Michaeam
341 2132 393 2172 suo
409 2119 532 2188 capitulo
544 2119 582 2172 ibi
600 2119 758 2186 existentes,
777 2121 937 2182 recolentes.
956 2120 1032 2192 quod
1050 2138 1115 2176 enm
1133 2122 1186 2176 eub
1203 2129 1328 2194 tempore
1346 2142 1391 2180 co·

149 2202 224 2256 mitis
241 2199 372 2269 Benesm,
398 2205 523 2260 veniente
540 2205 633 2275 legato
651 2223 669 2259 a
686 2206 763 2260 curia
780 2223 896 2260 romana
913 2205 1065 2274 (inalteriu
1092 2213 1169 2262 totus
1188 2210 1309 2280 populus
1328 2210 1391 2264 eivi-

147 2289 213 2343 tatis
236 2289 398 2345 reclamaret
421 2307 514 2346 coram
538 2307 572 2347 eo
595 2291 631 2346 de
655 2291 845 2364 superfluitate
867 2293 979 2360 laboris,
1004 2311 1087 2364 quem
1115 2295 1174 2350 eine
1200 2296 1388 2352 misericordia

145 2375 276 2445 exigebat
293 2375 377 2445 (idem
401 2381 505 2445 comes)
524 2394 541 2432 a
559 2379 616 2432 suis
634 2377 815 2434 debitoribus
833 2379 984 2434 Decretum
1002 2381 1087 2449 igitur
1104 2381 1164 2448 fuit,
1182 2389 1214 2436 ut
1228 2399 1277 2452 pro
1295 2382 1392 2438 decem

145 2463 226 2516 annis
243 2462 279 2518 de
296 2464 391 2519 labore
413 2480 469 2518 nou
493 2463 583 2536 possit
605 2464 669 2535 plue
693 2482 826 2536 quaerere
843 2473 956 2520 exactor
980 2467 1033 2520 uisi
1056 2466 1213 2537 duplicatos
1231 2468 1335 2524 solidos
1353 2469 1389 2524 sd

144 2549 281 2604 rationem
298 2549 334 2605 de
351 2551 474 2620 quinque
492 2549 528 2605 ad
547 2567 603 2616 sex,
629 2552 761 2620 quoniam
778 2553 806 2606 in
825 2553 940 2622 antiquo
964 2555 1088 2624 tempore
1107 2552 1180 2609 idem
1197 2554 1250 2609 suit
1268 2571 1337 2610 usus
1354 2555 1390 2610 oi·

144 2635 244 2690 vitatis
263 2635 328 2692 Hoc
345 2637 430 2706 igitur
447 2636 588 2692 decretum
606 2639 790 2693 communitas
802 2637 916 2693 (lethaei
933 2639 1112 2694 confirmarit
1131 2642 1233 2695 Actum
1249 2641 1302 2696 sub
1320 2647 1389 2696 tem·

147 2739 215 2792 pore
232 2721 337 2777 domini
354 2724 428 2794 regie
445 2723 570 2790 Velcani,
590 2730 617 2778 et
634 2725 797 2778 comitatum
815 2731 927 2794 regente
944 2725 1091 2781 Decimiro.

89 2821 109 2861 u
187 2810 319 2865 Forlcts':
338 2811 485 2880 Illyricum
502 2827 620 2866 samm.
642 2811 671 2865 Τ.
696 2809 740 2866 VI.
757 2828 786 2880 p.
807 2815 868 2865 436.

94 2907 153 2998 Ἃ
188 2949 226 3004 11.
244 2951 363 3007 unm.
385 2953 534 3023 munem,
554 2955 578 3007 s.
594 2953 734 3008 annuant
754 2953 830 3006 120⁰.
848 2951 1028 3008 Innocentius
1046 2953 1099 3007 [Π.
1119 2969 1192 3024 pnpn
1210 2952 1305 3006 nonen
1322 2951 1389 3007 nan-

142 3033 217 3090 lsbus
240 3037 333 3092 christi
351 3037 380 3092 in
397 3035 549 3108 Ragueane
573 3039 714 3110 provincia
738 3040 903 3106 constitutis,
928 3040 994 3110 quia
1016 3040 1104 3094 maior
1126 3039 1212 3093 instat
1238 3039 1388 3092 necessitas

142 3140 228 3192 quem
246 3141 377 3194 uuquam,
396 3131 429 3180 nt
446 3131 535 3180 terrae
553 3132 664 3181 sanctae
682 3127 806 3181 celeriter
824 3131 993 3192 succurritur,
1012 3125 1092 3179 etde
1111 3141 1243 3180 succursu
1261 3131 1388 3195 speratim

105 3189 119 3279 ἶ
138 3207 232 3285 mlor
249 3225 334 3280 quam
351 3227 475 3282 unquam
499 3217 663 3284 provenerat
686 3213 791 3268 utilitas
810 3219 991 3283 proventum
1015 3211 1120 3281 recepit
1137 3211 1210 3265 enim
1227 3211 1332 3265 litteras
1351 3211 1387 3265 ab

116 3292 316 3371 ‚mantnano
344 3303 373 3353 et
399 3297 634 3354 Jeroaolomitano
659 3299 834 3370 patriarchis,
863 3298 1077 3368 archiepiscopis
1103 3298 1170 3352 item
1194 3303 1222 3353 et
1248 3298 1386 3369 episcopie

72 3368 76 3376 ’
116 3364 288 3483 <emisseus
311 3385 472 3455 provintiae,
498 3385 569 3440 sicut
592 3392 620 3440 et
638 3403 654 3440 s
672 3387 821 3441 carissimis
844 3385 908 3438 filiis
932 3385 990 3438 suia
1009 3385 1042 3438 Α.
1060 3384 1219 3439 ierosolimi
1240 3391 1269 3439 et
1284 3385 1316 3438 L.
1335 3387 1387 3438 Ar·

80 3480 87 3498 ·
114 3469 241 3542 :serenici
258 3471 378 3540 regibus,
398 3471 522 3526 similiter
534 3479 562 3527 et
573 3489 590 3527 a
602 3473 741 3541 magistris
758 3472 777 3526 J
779 3471 1017 3526 erosoIomitarum
1031 3471 1211 3542 hospitalium
1229 3478 1257 3526 et
1273 3471 1387 3526 milities

105 3544 246 3628 ³*le
270 3557 373 3626 quibus
396 3559 420 3612 ei
440 3565 629 3630 exposuemnt
652 3559 831 3614 necessitates
849 3565 877 3612 et
899 3558 1025 3612 miserias
1042 3558 1144 3612 Terrae
1168 3563 1288 3624 sanctae,
1313 3573 1386 3612 asse·

102 3612 232 3700 Mures
256 3645 328 3699 inter
351 3644 414 3710 aliu,
439 3643 514 3714 quod
531 3659 596 3700 eum
613 3643 748 3700 hactenus
771 3643 900 3699 dominus
922 3661 972 3718 per
989 3643 1157 3700 discordiam
1175 3643 1385 3709 Saracenorum,
1421 3663 1425 3669 ’

37 3755 39 3782 t
140 3733 188 3802 qui
206 3747 237 3786 se
255 3731 332 3802 ipsos
349 3731 521 3800 impugnant,
540 3731 665 3786 orientali
683 3732 840 3802 provinciae
858 3733 1027 3802 pepercisset
1039 3737 1066 3786 et
1084 3732 1140 3785 iam
1157 3747 1231 3784 nunc
1249 3731 1320 3784 inter
1338 3747 1386 3785 eos

140 3817 174 3872 de
193 3834 263 3888 pace
280 3822 420 3884 tractetur,
439 3817 462 3872 ei
480 3817 557 3888 prins
577 3834 662 3887 quam
679 3819 794 3874 redeant
812 3817 846 3874 sd
865 3818 1041 3874 concordiam
1058 3833 1212 3886 congruum
1231 3815 1385 3870 subsidium

39 3913 41 3934 ¹
139 3905 302 3970 mitteretur,
326 3909 439 3974 sperent
462 3921 512 3976 pro
536 3911 611 3959 certo
629 3904 704 3974 quod
729 3905 808 3960 facile
826 3912 921 3976 posset
944 3905 997 3959 hoo
1014 3911 1139 3974 tempore
1163 3901 1304 3958 orientalis
1322 3919 1385 3972 pro·

41 4049 43 4066 χ
140 3991 229 4046 vincia
252 3989 370 4046 liberari.
395 3989 426 4046 Si
444 3997 537 4046 autem
561 3991 638 4061 prius
661 3989 792 4046 redierint
809 3991 844 4046 ad
863 3990 1040 4047 concordiam
1058 4005 1143 4060 quam
1163 3989 1319 4044 subsidium
1337 3988 1384 4043 de-

139 4077 250 4144 venerit,
269 4078 367 4132 timent
384 4075 460 4146 quod
478 4076 622 4132 residuum
639 4083 727 4132 terrae
746 4077 874 4132 Saraceni
894 4077 929 4133 de
947 4078 1021 4132 facili
1038 4077 1148 4132 valeant
1166 4075 1298 4142 obtinere,
1320 4092 1384 4130 cum

138 4163 291 4234 peregrinis
309 4163 344 4218 ad
365 4163 479 4234 propria
496 4163 552 4216 iam
569 4164 685 4218 reversis
704 4169 777 4218 terra
794 4166 956 4220 remanserit
968 4171 995 4220 et
1006 4165 1072 4219 viris
1084 4171 1112 4218 et
1123 4163 1227 4217 viribus
1242 4162 1382 4218 destitute.

139 4251 237 4306 Monet
261 4249 345 4319 igitur
362 4265 412 4305 eos
435 4266 517 4320 pape,
541 4255 573 4303 ut
590 4266 700 4304 crucem
719 4255 747 4303 et
764 4267 841 4305 arma
862 4252 981 4322 eripiant
999 4257 1026 4305 et
1045 4249 1080 4304 ad
1099 4265 1263 4303 succursum
1281 4249 1383 4302 Terrae

136 4343 248 4392 moene
272 4337 392 4403 veniant,
416 4337 602 4392 communicat
621 4337 649 4390 in
674 4336 728 4392 fine
753 4337 828 4407 qnod
852 4337 987 4392 decimam
1013 4343 1119 4408 partem
1144 4341 1331 4406 proventuum
1355 4339 1383 4388 et

134 4424 276 4480 redituum
294 4439 408 4480 suorum
425 4423 461 4478 ad
480 4423 636 4479 subsidium
654 4423 754 4478 Terrae
772 4431 885 4478 sauctae
902 4423 1014 4478 duxerit
1031 4421 1231 4494 deputandam.

175 4511 225 4566 Εω
248 4518 426 4580 ireseumpto
450 4511 592 4578 bellorum
615 4516 641 4564 et
665 4512 910 4566 instrumentorum
937 4511 1044 4565 archivi
1069 4508 1176 4576 publici
1199 4507 1233 4562 de
1256 4508 1372 4574 Rapum

137 4599 216 4654 ΠΕΟ.
233 4615 300 4668 pap.
323 4599 385 4650 426.
410 4599 445 4650 iss
463 4613 523 4652 meo
542 4597 708 4652 collectione.
733 4597 849 4652 Farlats'
866 4597 935 4652 ibid.
953 4614 980 4665 p.
999 4600 1042 4650 87.
1067 4595 1144 4650 Idem
1162 4593 1259 4648 scribit
1277 4591 1382 4646 arehie-

133 4687 249 4755 piscopo
266 4683 405 4754 reperisse
422 4688 448 4738 et
464 4683 661 4754 mffropenms.
679 4684 750 4739 ibid.
767 4701 796 4754 p.
815 4687 858 4737 84.
878 4683 1003 4738 Monam.
1021 4681 1085 4736 bist.
1104 4679 1227 4749 Dtpiom.
1246 4679 1301 4746 XI,
1320 4681 1382 4734 205.
