3544 5344
699 365 845 410 annena
1354 345 1396 410 lb

147 533 256 604 Blasoy,
275 531 377 586 fluvius
395 531 532 600 Zogovca,
551 530 615 586 villa
633 531 747 587 Pelesev
765 539 794 588 et
811 533 933 602 Varatie,
952 535 1030 590 victu
1052 535 1126 589 Mori
1140 543 1168 590 et
1180 535 1259 590 vallis
1277 536 1397 592 Slatinik

149 627 176 676 et
193 625 293 692 portus
311 617 412 674 Nuach
430 625 458 672 et
475 625 548 673 terra
566 619 690 691 episcopi
707 620 903 690 aagrahiensis.

205 725 327 780 uma:
347 725 412 804 σοι
430 725 502 794 espa
521 725 631 794 osae.
652 726 681 781 n.
700 727 752 794 ιιι,
767 742 797 796 ρ.
818 729 875 780 218.

201 883 359 939 CCLVIII.
378 885 511 957 Ragnail,
526 889 566 938 13.
579 885 717 940 Joaucrii
727 891 754 940 et
766 885 909 956 venetiis,
922 902 1009 943 taenea
1021 887 1097 940 linio
1110 891 1187 942 1232.
1198 887 1271 942 Cum
1283 887 1398 944 Binzola

148 970 283 1027 Bobstiae
301 978 330 1026 el
347 973 497 1027 Gervasius
516 971 657 1038 Naimerii,
675 973 726 1027 viri
744 972 851 1030 nobiles
870 981 898 1028 et
910 974 999 1028 nuntii
1011 974 1128 1029 edistis
1140 974 1257 1046 Ragusii
1270 975 1306 1030 ad
1319 993 1396 1046 prae·

148 1059 269 1115 sentiam
286 1059 366 1115 ducis
377 1060 397 1115 J
398 1059 477 1116 acohi
489 1060 607 1130 Teupoli
620 1061 766 1128 venissent,
780 1067 905 1132 petentes
916 1061 1093 1118 concordiam
1105 1069 1133 1118 et
1145 1063 1395 1118 reconciliationem

148 1153 175 1202 et
194 1145 373 1202 ostendentes
392 1148 615 1203 commissionem
632 1165 716 1218 quam
740 1147 898 1203 habuerunt
915 1165 999 1220 super
1016 1149 1070 1204 hoc
1087 1149 1123 1205 de
1141 1149 1207 1204 dato
1226 1151 1260 1205 13
1275 1149 1396 1220 januarii

147 1253 171 1289 a
190 1252 214 1289 c.
234 1251 319 1306 quam
337 1233 391 1288 illis
409 1233 544 1290 dederant
558 1235 643 1306 jurati
658 1234 767 1306 judices
791 1235 909 1290 ciritads
930 1237 1091 1306 ragusinae:
1108 1237 1234 1292 Joanncs
1253 1236 1394 1304 Gundula,

149 1322 301 1378 Gervssius
320 1321 430 1388 Marini,
449 1320 575 1376 Andreas
600 1322 755 1388 Dabrsnse,
780 1323 928 1377 Mathaeus
952 1324 1094 1391 Bubaliae,
1119 1325 1257 1380 Bubanna
1275 1325 1349 1379 Petri
1367 1331 1395 1380 et

146 1408 294 1464 consiliarii
318 1407 475 1464 Damianos
498 1408 630 1476 Bocinoli,
658 1409 765 1464 Balatia
792 1409 926 1478 Geruasii,
954 1411 1053 1466 Petrus
1079 1411 1244 1478 Balislavae,
1271 1411 1394 1468 Thomas

147 1497 297 1564 Pezzanae,
315 1496 440 1552 Joanncs
458 1495 572 1566 Lampri
590 1502 617 1552 el
634 1502 710 1552 totus
729 1497 851 1568 populus
874 1498 1031 1568 ragusinus,
1050 1498 1108 1554 dux
1127 1505 1154 1554 et
1171 1515 1319 1556 commune
1337 1497 1394 1554 Ve-

146 1585 284 1639 netiarnm
302 1591 481 1640 assenserunt
497 1585 526 1639 in
544 1583 719 1640 concordiam
737 1591 766 1640 ot
784 1590 896 1656 paetum
914 1584 950 1640 ad
968 1593 1025 1640 tres
1049 1603 1137 1642 annos
1156 1592 1183 1641 et
1201 1592 1310 1642 tantum
1329 1585 1393 1657 plus

146 1677 284 1744 quantum
310 1671 370 1726 dux
397 1671 520 1726 uoluerit
552 1671 682 1742 Inprimis
709 1671 834 1727 subdunt
862 1689 892 1728 se
918 1673 1054 1743 Ragusini
1084 1679 1184 1729 veneto
1213 1672 1337 1728 dominio
1367 1678 1395 1728 et

148 1760 295 1830 petierunt,
314 1765 346 1814 ut
369 1759 478 1830 possint
496 1759 596 1828 eligere
614 1759 743 1814 comitem
760 1759 796 1815 ds
813 1759 937 1824 Venetis,
957 1761 1100 1830 Ragusani
1118 1760 1221 1830 eligent
1239 1776 1349 1830 semper
1367 1767 1395 1816 et

146 1847 388 1918 archiepiscopum
412 1863 446 1900 ex
470 1845 594 1911 Venetis,
620 1847 709 1917 parati
727 1853 793 1902 sunt
810 1847 894 1901 etiam
913 1863 977 1902 eum
995 1864 1111 1902 assensu
1131 1846 1205 1902 sedis
1224 1847 1394 1919 apostolicae

146 1933 386 1990 confirmationem
405 1939 534 2005 expetere
552 1950 570 1987 a
588 1933 744 2004 patriarcha
761 1932 899 2004 gradensi,
915 1934 1141 2006 archiepiscopus
1157 1933 1264 2006 jurabit
1280 1933 1395 1988 fidelita·

146 2028 203 2078 tem
221 2020 345 2077 dominio
363 2029 470 2086 veneto,
489 2021 579 2075 clerus
597 2027 638 2076 ter
655 2021 684 2076 in
703 2039 776 2076 anno
794 2021 859 2076 duci
876 2021 973 2076 laudes
992 2022 1125 2076 cantabit
1144 2022 1249 2078 Omnes
1267 2021 1394 2076 homines

146 2127 164 2165 a
181 2107 313 2166 tredecim
337 2108 417 2162 annis
442 2115 469 2164 et
487 2125 573 2180 supra
592 2107 728 2178 jurabunt
750 2109 833 2163 etiam
852 2108 1012 2164 fidelitatem
1030 2108 1094 2164 duci
1113 2115 1141 2164 et
1158 2109 1252 2164 comiti
1271 2125 1320 2182 per
1337 2107 1395 2162 Ve-

145 2204 225 2252 netos
244 2195 344 2267 posito.
363 2195 430 2250 Dux
447 2195 561 2251 habebit
582 2195 700 2250 liberum
718 2195 746 2249 in
764 2196 880 2266 Ragusa
897 2195 1062 2251 descensum
1084 2203 1112 2251 et
1129 2197 1289 2268 hospitium.
1309 2197 1394 2250 Exor-

143 2284 231 2338 citum
249 2298 339 2352 usqne
357 2281 528 2337 Durachium
546 2289 574 2338 et
591 2283 663 2337 inira
681 2300 769 2353 usque
787 2281 976 2338 Brundusium
998 2290 1026 2339 et
1044 2283 1116 2338 iufra
1134 2289 1239 2352 augent
1257 2283 1394 2353 Ragusini

146 2369 302 2426 secundum
322 2386 468 2424 nnmerum
485 2371 605 2425 virorum
624 2387 745 2426 suorum.
759 2369 790 2426 Si
801 2369 903 2425 Veneti
915 2370 1017 2426 sacient
1028 2371 1179 2426 exercitum
1191 2388 1255 2426 cum
1267 2373 1302 2426 30
1313 2371 1395 2440 lignis

146 2458 269 2526 armatis,
289 2457 423 2528 Ragusini
441 2457 543 2513 sacient
560 2458 725 2512 tricesimam
744 2463 859 2528 partem.
880 2457 997 2512 Daciam
1015 2457 1051 2512 de
1068 2459 1186 2513 navibus
1201 2463 1395 2512 extraneorum

146 2545 245 2602 tollent
262 2546 290 2600 iu
314 2545 439 2616 Ragusio
464 2544 589 2612 eandem,
614 2562 698 2616 quam
721 2553 749 2600 et
772 2545 874 2600 Veneti
898 2546 926 2600 in
950 2546 1077 2613 Venetia,
1101 2547 1206 2602 amieos
1225 2551 1252 2600 et
1269 2545 1395 2600 inimicos

145 2634 292 2689 habebunt
309 2649 479 2688 communes.
498 2632 529 2688 Si
547 2631 666 2688 Venetia
683 2633 788 2688 miserit
806 2639 903 2688 contra
925 2633 1060 2689 Caciclios
1079 2641 1106 2689 et
1124 2633 1318 2689 Dalmesanios
1338 2633 1395 2700 (Al-

146 2723 303 2790 missanos),
322 2719 435 2790 galleas,
454 2719 590 2790 Ragusini
607 2719 710 2775 debent
727 2721 835 2776 mittero
853 2720 959 2790 lignum
972 2738 1035 2776 cum
1048 2724 1083 2776 50
1094 2719 1253 2776 hominibus
1266 2721 1395 2776 decenter

146 2809 269 2866 amatis·
295 2808 350 2863 Pro
374 2807 485 2878 regaliis
502 2807 611 2862 dabunt
633 2807 698 2862 duci
722 2809 797 2862 omni
821 2825 895 2863 anno
913 2809 941 2862 in
971 2809 1042 2863 sesto
1066 2825 1108 2863 oo.
1133 2816 1292 2872 sanctorum
1316 2825 1396 2879 yper·

147 2913 230 2970 peros
250 2897 292 2962 12,
311 2901 339 2950 et
356 2896 496 2950 communi
520 2895 701 2950 venetiarum
724 2913 875 2967 yperperos
899 2912 999 2950 aureos
1019 2898 1070 2950 100
1087 2903 1115 2950 et
1132 2896 1226 2950 comiti
1243 2913 1395 2966 yperperos

146 2987 206 3041 400.
232 2982 353 3041 Obsides
377 2982 485 3038 dabunt
508 2985 541 3038 12
564 2983 600 3038 de
625 2985 658 3038 12
682 2983 822 3038 nobilibus
841 2983 1040 3056 parentalibus,
1059 2983 1193 3052 equibus
1213 2982 1395 3038 morabuntur

146 3072 274 3128 Venetiis
299 3087 409 3142 semper
433 3073 450 3126 6
474 3088 538 3126 cum
561 3071 670 3126 cambio
694 3072 768 3126 omni
793 3071 885 3128 medio
909 3089 990 3127 anno.
1010 3071 1041 3126 Si
1059 3071 1158 3142 aliquis
1177 3075 1329 3126 moreretur
1347 3075 1396 3124 aut

146 3159 250 3230 ingerit
267 3158 375 3214 dabunt
393 3159 480 3214 alium
503 3159 530 3212 in
556 3149 617 3214 loco
642 3159 710 3229 ejus.
730 3159 773 3214 De
791 3159 928 3214 mercibus
950 3159 1071 3214 romanis
1089 3158 1243 3230 apportatis
1261 3157 1395 3213 Venetias

146 3247 255 3304 dabunt
273 3246 410 3318 ngusini
433 3247 555 3317 quinque
580 3263 630 3318 pro
655 3247 820 3302 centenario.
845 3247 889 3302 De
907 3246 1044 3302 mercibus
1066 3245 1251 3300 ultramarinis
1271 3252 1298 3299 et
1316 3246 1395 3300 terris

147 3335 253 3406 Egipti,
271 3334 382 3390 Tonissi
400 3340 428 3389 et
446 3333 594 3388 Barbariae
617 3331 725 3388 dabunt
743 3334 878 3404 quintum,
904 3333 939 3388 de
958 3332 1095 3388 mercibus
1114 3332 1278 3388 Sclavoniae
1296 3333 1324 3386 in
1344 3331 1389 3387 Ve

146 3423 233 3478 nsciis
251 3421 320 3477 nihil
339 3421 445 3477 solvere
463 3419 573 3476 debent
598 3421 719 3475 Tantum
743 3438 806 3476 cum
830 3427 947 3490 quatuor
971 3420 1116 3490 navigiolis
1140 3419 1243 3474 debent
1260 3419 1396 3489 Ragusini

147 3511 242 3565 venire
260 3527 310 3581 per
328 3525 433 3564 annum
451 3514 479 3564 et
497 3507 618 3582 sialiter
637 3509 767 3574 venerint,
787 3507 894 3562 solvent
910 3507 1039 3578 quintum
1056 3505 1092 3561 de
1111 3505 1240 3562 omnibus
1257 3505 1395 3562 mercibus

148 3597 311 3652 Romaniae.
329 3597 466 3668 Tempore
484 3613 601 3666 guerrae
619 3601 647 3652 et
665 3595 741 3666 pacis
759 3594 864 3650 licitum
883 3603 925 3649 est
942 3593 1093 3663 Rugusinis
1112 3593 1150 3649 irs
1168 3593 1204 3648 ad
1217 3591 1396 3648 mercandum

148 3703 166 3738 a
185 3683 268 3738 Onlso
288 3683 401 3738 Ooraoti
419 3683 498 3738 inira.
517 3683 551 3737 In
571 3683 631 3736 aliis
651 3682 775 3752 partibus
800 3682 890 3736 vetitis
909 3699 964 3736 non
984 3680 1088 3736 audent
1105 3682 1151 3748 ire,
1170 3681 1223 3734 nisi
1242 3679 1396 3736 secundum

148 3769 224 3842 quod
243 3769 359 3826 iecerint
375 3771 483 3826 Veneti.
504 3769 629 3825 Venetiis
648 3785 704 3824 non
723 3768 827 3824 audent
842 3767 933 3824 iacere
945 3775 1097 3824 mercatum
1110 3785 1173 3823 cum
1192 3767 1342 3823 ioristeriis.

201 3875 317 3945 Ζόιιὸίὲι
337 3875 414 3930 Mon.
433 3875 509 3931 iilos.
525 3891 591 3932 mer.
609 3874 881 3945 apelassonos
893 3874 1095 3944 enemplors'bns
1115 3875 1201 3930 carie.
1224 3873 1394 3942 Suspectum.

203 4033 330 4089 COLIX.
349 4033 450 4100 Reate,
470 4035 512 4088 20.
530 4033 635 4088 Martii
653 4035 729 4088 1232.
748 4030 900 4102 Gregorius
912 4032 956 4086 IX
969 4049 1043 4103 papa
1055 4032 1082 4086 in
1095 4031 1192 4086 litteris
1211 4031 1245 4086 ad
1259 4031 1396 4100 Ugrinum

149 4121 390 4193 archiepiscopum
408 4121 578 4176 colocensem
597 4118 669 4175 datis
693 4120 808 4174 mhatur
831 4137 888 4174 non
907 4118 1053 4186 modicum,
1072 4117 1148 4188 quod
1167 4135 1230 4173 cum
1249 4135 1283 4173 ex
1302 4135 1396 4172 muna·

150 4209 235 4264 sterio
253 4207 289 4263 de
307 4207 414 4264 Onchet
432 4223 499 4261 suae
517 4205 651 4262 dioecesis
670 4207 814 4261 ecclesiam
833 4206 949 4260 erexerit
967 4205 1160 4272 cathedralem,
1180 4205 1342 4277 episcopum
1361 4203 1396 4258 ad

150 4296 263 4351 titulum
282 4293 406 4350 ciusdem
424 4294 555 4349 ecclesiae
577 4293 605 4348 in
630 4294 793 4365 episcopum
818 4293 1030 4360 (innocentium)
1054 4291 1242 4347 consecrando
1263 4290 1397 4346 archidia-

151 4397 239 4438 conus
258 4381 408 4436 sirmiensis
427 4381 583 4450 (Oliverius)
608 4381 635 4435 in
659 4387 766 4436 tantam
789 4380 946 4452 proruperit
969 4380 1129 4434 temeritatis
1148 4377 1300 4443 audaciam,
1320 4379 1396 4432 utin

151 4467 271 4524 eundem
290 4469 451 4539 episcopum
470 4475 498 4523 et
516 4469 660 4524 ecclesiam
678 4486 758 4523 susm
776 4467 992 4523 iurisdictionem
1004 4483 1132 4521 exercere
1145 4473 1310 4537 praesumat.
1325 4467 1396 4520 Cum

151 4557 235 4627 igitur
244 4555 318 4610 idem
327 4556 474 4626 episcopus
485 4555 687 4626 supplicaverit,
698 4562 729 4610 ut
738 4573 821 4627 super
831 4555 884 4610 hoc
894 4554 946 4608 sihi
956 4553 1099 4625 providere
1109 4553 1275 4622 dignaretur,
1283 4551 1397 4606 mandat

152 4643 369 4716 archiepiscopo,
393 4647 531 4712 quatenus
555 4641 680 4714 praelato
705 4641 907 4710 archidiacono,
927 4641 1007 4698 usin
1026 4649 1136 4697 sumet
1157 4639 1300 4696 ecelesiam
1318 4639 1396 4693 iuris·
