3376 5350
673 319 821 363 naonsra.
1308 310 1374 375 433

180 497 319 552 MDXIV.
339 499 414 552 1292.
434 498 560 554 Andreas
579 497 631 553 Ili.
650 515 698 553 rex
721 497 849 554 coneedit
872 499 997 554 Arnoldo
1022 497 1080 553 tilio
1104 489 1218 554 alterins
1243 499 1361 554 Arnoldi

129 586 163 641 de
181 602 282 657 genere
300 585 403 651 Buaad,
422 587 630 642 translationem
648 588 832 657 possessionis
850 603 918 641 suae
937 586 1149 642 Morsartieulde
1167 588 1239 642 inter
1253 587 1374 641 Draram

129 682 156 730 et
175 675 286 728 Murem
305 673 403 728 fluvios
422 675 540 729 situatae
559 676 587 730 in
606 675 743 729 Jacobum
763 673 850 728 filium
870 673 974 745 Ponye.
1288 725 1291 732 l

180 764 217 818 Ia
235 777 286 816 neo
303 763 460 832 registestis
478 763 551 816 actia
569 762 675 816 arctici
693 761 1004 816 comedissemus.
1023 761 1104 815 Face.
1126 763 1202 815 1516.
1222 778 1265 816 ar.
1285 764 1326 816 45.

183 901 398 957 MDXV.1292.
417 901 544 956 Andreas
565 901 616 957 ΙΙΙ.
635 919 683 957 rex
702 909 799 956 uotum
817 901 892 971 facit,
909 901 984 972 quod
997 901 1098 958 nobilis
1116 903 1157 956 uir
1174 905 1307 974 magister
1324 901 1372 957 Ja-

132 991 219 1044 cobus
238 989 312 1044 filius
331 989 433 1044 Ponith
453 989 487 1044 de
505 1007 605 1060 genere
624 990 718 1044 Buzad
737 990 863 1044 exhibuit
880 989 985 1044 litteras
1004 989 1140 1046 nobilium
1152 993 1181 1044 in
1197 991 1375 1046 comitatibus

130 1077 287 1148 Simigiensi
301 1083 329 1131 et
341 1076 497 1132 Zaladienai
511 1077 696 1144 existentium,
710 1077 828 1132 seilicet:
843 1077 969 1148 Gregorii
985 1078 1048 1132 bani
1063 1079 1171 1132 comitis
1186 1077 1376 1149 Symigiensis,

129 1165 265 1220 Johannia
284 1165 333 1218 lilii
352 1165 424 1235 Isep,
442 1164 564 1220 Kosmas
578 1165 612 1219 de
626 1165 748 1231 Koazna,
763 1165 889 1234 Gregorii
910 1163 958 1218 filii
977 1165 1076 1219 Iharus
1095 1171 1123 1218 et
1142 1165 1220 1234 Ugra
1238 1165 1286 1219 filii
1306 1166 1376 1220 Leo·

130 1253 215 1324 poldi,
234 1255 300 1307 item
321 1251 453 1322 Stephani
472 1253 580 1307 comitis
598 1253 775 1318 Zaladiensis,
795 1251 884 1306 Keled
898 1251 946 1305 tilii
961 1250 1059 1316 Keled,
1073 1252 1214 1307 Laurentii
1234 1252 1282 1306 filii
1294 1251 1375 1318 Uroa,

130 1339 246 1394 Dionisii
266 1347 293 1394 et
311 1339 365 1394 Illu
384 1340 432 1394 filii
451 1339 582 1410 Bogizlai,
601 1345 725 1410 tempore
744 1339 815 1408 regis
834 1337 955 1392 Ladislai
975 1355 1024 1409 per
1042 1338 1161 1393 eundem
1180 1341 1209 1392 iu
1228 1339 1310 1394 dictis
1329 1356 1373 1394 co·
1399 1361 1400 1365 ¹

131 1429 273 1482 mitatibus
301 1427 337 1482 sd
366 1427 582 1498 compescendos
606 1426 680 1481 fures
708 1433 736 1480 et
760 1425 969 1480 malefactorum
997 1424 1143 1480 audaciam
1171 1426 1375 1496 deputatorum,

132 1531 216 1584 snper
234 1513 308 1568 sacto
327 1514 508 1584 possessionis
526 1513 664 1568 Vrbonuk
683 1512 830 1578 confectas,
857 1517 954 1582 petens
974 1519 1005 1567 ut
1027 1514 1102 1583 ipsas
1120 1514 1255 1568 ratificare
1283 1512 1378 1582 digua-

132 1608 215 1656 retur.
235 1601 287 1656 Oui
305 1601 432 1672 petitioni
453 1617 500 1655 rex
519 1602 597 1654 anuit
615 1604 643 1654 et
661 1599 767 1654 litteras
790 1599 918 1670 Gregorii
942 1601 1008 1654 bani
1031 1599 1140 1654 comitis
1159 1599 1333 1671 simigiensis
1352 1607 1379 1656 et

133 1689 355 1760 supradictorum
375 1687 511 1742 nobilium
531 1688 703 1743 confirmavit
721 1688 750 1742 in
769 1689 871 1758 quibus
896 1687 1100 1742 continebatur:
1126 1687 1203 1758 quod
1228 1687 1377 1742 Mortunua

136 1777 209 1830 tilius
227 1775 364 1832 Jobaunis
383 1775 417 1830 de
437 1775 574 1830 Vrbonulr
599 1777 627 1829 in
653 1775 868 1846 congregatione
893 1791 988 1830 eorum
1014 1775 1043 1828 in
1068 1775 1217 1829 Mouruhel
1242 1775 1379 1830 celebrata

133 1881 189 1935 qna
206 1864 252 1918 sur
269 1871 297 1918 et
316 1863 386 1918 latro
405 1863 441 1917 ad
459 1870 575 1918 mortem
602 1863 802 1917 condemnatus
821 1862 883 1928 suit,
901 1861 929 1916 el
947 1862 1013 1932 quia
1030 1863 1211 1932 personaliter
1228 1880 1284 1918 nou
1304 1863 1380 1917 venit

132 1953 197 2006 data
214 1956 257 2006 eat
275 1957 398 2021 potestas
415 1950 523 2006 Jacobo
542 1951 600 2006 filio
619 1950 732 2016 Ponich‚
752 1957 785 2004 ut
802 1949 971 2020 ubicumque
993 1966 1057 2004 eum
1076 1950 1211 2006 invenerit
1233 1952 1292 2004 sine
1321 1951 1378 2005 ullo

132 2039 255 2093 ulteriori
274 2037 414 2104 mandato,
433 2037 577 2109 iugulandi
596 2044 625 2094 et
643 2036 830 2108 suspendendi
850 2037 965 2092 liberam
992 2035 1093 2090 babeat
1117 2038 1276 2104 faculatem,
1301 2039 1376 2109 quod

132 2127 155 2180 si
175 2125 270 2181 iecerit
288 2127 478 2196 possessiones
497 2125 562 2179 dicti
582 2125 731 2180 Mortunus
750 2124 784 2178 de
803 2125 972 2194 benignitate
997 2126 1074 2195 regia
1098 2125 1272 2180 conterentur
1290 2127 1379 2195 possi·

135 2213 250 2268 dandae.
277 2213 405 2283 Cumque
429 2213 503 2267 idem
526 2212 673 2266 Mortunus
698 2229 747 2282 per
770 2211 887 2266 eundem
912 2211 1050 2266 iacobum
1075 2214 1205 2268 existerat
1229 2219 1328 2284 captus
1352 2217 1380 2268 et

133 2300 283 2372 stupendis
303 2301 458 2368 damnatus,
478 2301 596 2356 contulit
613 2302 638 2355 ei
657 2317 705 2355 rex
724 2299 870 2354 Ladislaus
888 2315 938 2370 per
957 2299 1045 2354 dictos
1059 2300 1170 2370 judices
1187 2299 1376 2354 adiudicatam

133 2389 336 2460 possessionem
356 2388 501 2456 Vrbonuk,
521 2404 604 2458 quam
623 2387 800 2442 collationem
818 2403 866 2442 rex
884 2387 1036 2442 coufirmat

189 2475 254 2528 Uod.
273 2474 342 2545 dipl.
362 2475 482 2545 patrias.
502 2475 544 2528 ΙΙ.
563 2492 590 2545 p.
607 2477 650 2528 22.

186 2598 327 2654 MDXVI.
346 2599 517 2670 Zagrabiae.
538 2600 615 2651 1:²92.
629 2596 790 2668 Capitulum
803 2597 936 2652 ecclesiae
949 2597 1140 2668 Zagrabiensis
1152 2598 1286 2666 notificat,
1300 2597 1375 2668 quod

132 2685 242 2740 Mikula
259 2686 316 2740 filio
337 2685 461 2740 Mirozlai
481 2691 509 2740 et
527 2683 668 2755 Stephano
694 2683 750 2738 lilio
775 2683 888 2754 Georgii
908 2686 944 2739 ab
963 2701 1018 2739 una
1036 2691 1122 2756 parte,
1142 2701 1176 2739 ex
1201 2685 1287 2740 altera
1315 2701 1378 2740 vero

133 2772 218 2828 fratre
233 2772 344 2828 Venero
363 2773 453 2843 priore
472 2779 500 2825 et
518 2771 601 2825 fratre
620 2771 703 2826 Petro
721 2779 899 2841 procuratore
918 2772 1140 2826 Haeremitarum
1155 2771 1190 2826 de
1203 2771 1286 2827 domo
1298 2774 1377 2827 iuxta

132 2860 296 2931 Zagrabiam
316 2877 366 2930 pro
385 2859 481 2914 eodem
502 2864 638 2912 conventu
663 2859 830 2926 constitutis,
848 2859 923 2914 idem
941 2859 1049 2912 Mikula
1062 2865 1090 2914 et
1102 2858 1260 2930 Stephanus
1278 2865 1380 2914 terram

133 2947 229 3004 Ioues
247 2964 297 3018 pro
315 2946 440 3002 remedio
463 2947 571 3000 animae
590 2945 656 3000 dicti
681 2945 806 3000 Mirozlai
832 2951 860 3000 et
884 2963 996 3000 suarum
1021 2948 1173 3001 animarum
1202 2949 1380 3002 contulerunt

134 3036 216 3091 dietis
238 3035 368 3090 iratribus
396 3033 599 3106 possidendam.
629 3033 716 3088 Cuius
740 3040 839 3100 metae,
863 3036 995 3104 magistro
1013 3035 1161 3090 Dominioo
1185 3039 1253 3090 tuno
1276 3035 1381 3092 decano

133 3125 304 3190 transmisso,
334 3129 418 3194 prout
436 3122 531 3178 retulit
549 3121 617 3176 baec
635 3127 716 3176 sunt:
735 3123 770 3176 ab
789 3123 894 3177 oriente
912 3123 987 3175 rium
1006 3121 1118 3192 Blyana,
1135 3139 1153 3176 a
1173 3122 1290 3176 meridie
1307 3127 1380 3177 terra

135 3228 218 3282 quam
239 3213 370 3282 magister
382 3210 549 3265 Valentinus
563 3210 765 3264 concanonicus
778 3209 911 3280 possidat,
924 3209 971 3264 ubi
985 3209 1098 3280 quidam
1111 3215 1218 3264 torrens
1232 3209 1267 3264 de
1279 3225 1381 3278 magna

133 3297 205 3353 ralla
223 3305 332 3369 separat
345 3307 444 3353 terram
458 3297 571 3368 capituli
585 3334 612 3347 ..
631 3301 659 3350 et
677 3296 821 3352 revertitur
840 3296 876 3350 ad
895 3297 1020 3366 primam.

191 3387 215 3440 T
215 3385 319 3440 kaldic':
337 3387 416 3439 More.
435 3386 499 3438 bist.
523 3385 550 3437 Τ.
570 3385 594 3438 1.
615 3401 641 3455 p.
660 3387 719 3437 231.

188 3525 343 3582 MDXVH.
363 3528 439 3581 1292.
459 3525 594 3594 Magister
612 3525 778 3578 Laurentius
797 3526 970 3596 praepositus
990 3525 1122 3580 ecclesiae
1144 3543 1165 3579 a.
1179 3525 1254 3580 Petri
1274 3527 1307 3582 de
1326 3527 1380 3581 Po-

135 3631 201 3686 sega
220 3613 328 3669 confert
345 3613 431 3668 nobili
449 3615 508 3668 viro
527 3613 585 3666 Zah
603 3613 661 3666 lilio
673 3611 778 3666 Farlras
797 3619 826 3667 et
842 3614 975 3683 magistro
991 3613 1076 3668 Petro
1089 3615 1224 3668 canonico
1237 3614 1271 3668 de
1284 3615 1381 3670 eadem

135 3703 245 3774 Posega
263 3701 340 3756 fratri
359 3719 418 3770 suo,
437 3700 576 3772 quandam
591 3699 753 3770 particulam
768 3705 855 3754 terrae
868 3701 1000 3756 ecclesiae
1019 3717 1085 3755 suae
1099 3702 1127 3755 in
1142 3701 1278 3756 vicinitate
1291 3707 1379 3756 terrae

135 3807 230 3845 eorum
249 3808 265 3844 a
277 3790 405 3844 Tristano
418 3789 474 3844 filio
488 3787 615 3843 Gutbard
629 3791 804 3857 comparatae
826 3789 965 3855 situatam,
978 3805 1027 3859 pro
1040 3789 1116 3843 coria
1129 3804 1234 3856 eorum,
1247 3789 1379 3859 quamdiu

135 3877 233 3932 fideles
251 3876 353 3930 suerint
371 3875 504 3931 ecclesiae
523 3875 687 3946 praedictae.

188 3962 287 4030 Fejer:
309 3963 374 4017 God.
392 3963 461 4033 dipl.
484 3963 513 4016 Τ.
536 3961 601 4016 VII.
620 3961 671 4016 eol.
692 3961 734 4014 ΙΙ.
753 3977 779 4031 p.
800 3965 860 4023 172..

188 4101 649 4171 MDXVIII.1292.Gongregato
669 4100 784 4154 oonsilio
804 4101 921 4157 civitatis
946 4102 1138 4173 Traguriensis
1162 4104 1214 4158 sub
1243 4109 1380 4174 potestate

134 4191 257 4262 Philippi
276 4190 344 4244 Zeni
364 4189 398 4244 de
416 4189 524 4259 Nappis
543 4189 609 4243 civis
628 4189 795 4246 Anconitaui
808 4191 954 4259 proposuit
967 4189 1058 4244 dietus
1070 4197 1192 4260 potestas
1206 4196 1233 4244 et
1246 4191 1315 4259 petit
1326 4191 1379 4244 sibi

135 4277 283 4332 consilium
302 4277 430 4332 exhibere
449 4293 532 4346 super
550 4278 728 4346 requisitione
748 4276 821 4331 iacta
840 4293 889 4346 per
907 4277 1012 4332 litteras
1024 4279 1179 4332 communis
1197 4275 1311 4347 Spalati,
1330 4278 1377 4346 qui

134 4370 236 4436 petunt
254 4365 400 4418 consilium
418 4365 486 4436 ipsis
505 4365 563 4418 dari
583 4381 667 4435 super
687 4366 877 4435 juramentum
899 4363 1049 4432 fidelitatis,
1069 4364 1143 4435 quod
1169 4381 1218 4436 per
1243 4364 1381 4434 quendam

134 4453 264 4507 nuntium
275 4451 366 4505 Caroli
379 4451 499 4506 Martelli
510 4452 674 4522 postulatur,
687 4453 759 4506 sicut
771 4469 819 4521 per
832 4452 1010 4506 Dominioum
1024 4458 1189 4523 potestatem
1204 4451 1257 4504 tuit
1270 4452 1382 4505 lectum.

135 4540 237 4594 Maiori
256 4541 326 4610 parti
346 4539 380 4594 de
399 4539 514 4593 oonsilio
533 4539 646 4608 placuit,
665 4539 740 4607 quod
759 4539 828 4592 nihil
846 4538 935 4592 Paulo
954 4539 1027 4594 bano
1045 4538 1216 4608 significetur
1235 4537 1269 4591 de
1287 4538 1378 4606 requi·

135 4628 237 4683 sitione
262 4642 333 4698 quae
357 4625 411 4680 init
428 4626 500 4680 sacta
524 4643 541 4679 a
565 4626 667 4679 nuntiis
686 4625 755 4694 tegis
775 4625 875 4694 Caroli,
894 4641 1040 4696 quousque
1058 4624 1164 4679 dietum
1191 4640 1337 4678 commuue
1367 4641 1384 4678 a
