3488 5380
692 405 836 450 anonam.
1320 382 1383 450 233

138 575 189 632 ubi
210 575 283 631 ultra
301 580 344 630 est
362 579 433 631 terra
456 574 592 630 Greiacov
610 579 639 630 et
655 572 800 629 descendit
819 572 847 625 in
864 569 999 626 Beduiam
1017 587 1090 641 quae
1108 572 1183 627 venit
1199 571 1235 626 ad
1254 571 1385 628 Greiaco·

137 663 246 735 potoha
264 681 281 718 a
300 669 378 734 parte
397 661 560 718 occidentali
580 667 653 716 terra
671 661 815 716 Greiacov.
840 660 894 714 Per
913 660 985 714 viam
1003 659 1031 713 in
1050 660 1135 715 Borea
1154 661 1228 715 venit
1245 659 1281 715 ad
1299 663 1385 730 caput

139 751 269 806 Strmech
288 756 316 806 et
334 757 433 806 terram
458 749 650 816 Obresnieumc,
672 765 744 820 qnae
763 753 806 803 est
824 747 980 802 Christiani.
999 747 1087 803 Porro
1110 752 1183 802 terra
1201 749 1288 820 Potey
1313 763 1385 818 quaa

138 838 269 894 Zubodoi
287 837 389 894 dieitur
408 843 436 892 et
453 836 597 892 descendit
614 835 649 891 ad
667 843 753 906 caput
765 834 960 906 Zolonapotoh
979 841 1006 890 et
1025 835 1098 890 venit
1110 835 1145 890 ad
1158 851 1286 906 magnam
1303 837 1383 902 viam,

139 925 280 980 Varastini
298 925 335 980 ab
353 925 495 980 occidente
513 929 556 980 est
573 931 646 980 terra
658 923 805 978 Grisiensis
818 922 867 976 iiiii
880 922 1012 990 Temese,
1025 921 1074 978 ubi
1088 928 1209 978 castrum
1221 924 1385 989 construxit,

138 1020 167 1069 et
186 1013 262 1068 vadit
280 1029 367 1084 prope
395 1013 540 1070 ecclesiam
560 1029 582 1068 a.
602 1011 715 1068 Martini
734 1017 762 1066 et
779 1010 948 1066 transeundo
972 1011 1117 1066 ecclesiam
1142 1027 1191 1082 per
1215 1011 1287 1066 siam
1311 1010 1386 1066 cadit

137 1101 165 1156 in
186 1101 300 1156 Chnech
319 1100 432 1172 pateis,
462 1117 511 1172 per
536 1117 618 1170 quem
643 1100 740 1156 circuit
764 1099 910 1154 ecclesiam
938 1114 959 1154 s.
987 1097 1085 1154 Crucis
1113 1103 1141 1152 et
1167 1099 1330 1154 terminatur
1357 1099 1384 1152 in

255 1189 282 1244 h.

138 1187 348 1346 vnldldds‘qmam
367 1282 573 1345 transumptum
590 1277 622 1330 im
641 1275 741 1330 charta
759 1279 937 1330 conseramus
956 1274 987 1328 im
1005 1289 1065 1330 roeo
1083 1274 1248 1330 collectione.

191 1415 390 1472 DOOLXXV.
418 1418 519 1474 Albas.
547 1421 624 1472 1259.
653 1423 677 1474 3.
708 1416 840 1472 Octobris.
870 1417 938 1470 Bela
965 1415 1016 1470 IV.
1047 1431 1095 1470 rex
1125 1414 1301 1472 commendat
1330 1433 1386 1470 me·

139 1507 254 1574 moriae,
273 1504 350 1576 quod
374 1504 520 1576 Philippus
545 1505 694 1576 episcopus
721 1503 916 1573 Zagrabiensis
945 1519 1029 1575 super
1055 1509 1128 1559 terra
1155 1505 1242 1558 sancti
1273 1501 1386 1558 Martini

135 1592 258 1650 condam
277 1592 386 1663 Boryoh
407 1593 470 1647 bani
489 1609 506 1646 a
524 1591 613 1648 Paulo
632 1592 690 1647 filio
709 1591 833 1646 eiusdem
851 1591 960 1661 Borych
978 1591 1006 1645 in
1024 1607 1139 1646 causam
1153 1596 1296 1657 attractus,
1310 1589 1384 1645 idem

136 1680 243 1736 Paulus
261 1679 363 1734 dictam
381 1685 482 1734 terram
500 1683 597 1750 utpote
614 1678 825 1734 haereditariam
843 1679 896 1732 sibi
914 1679 1021 1734 restitui
1041 1679 1219 1750 postulasset,
1232 1679 1383 1750 episcopus

137 1784 203 1823 vero
222 1767 327 1822 dictam
346 1773 446 1822 terram
465 1766 546 1823 titulo
570 1766 718 1838 emptionis
743 1765 814 1821 dixit
832 1781 862 1821 se
879 1765 990 1833 habere,
1008 1771 1037 1820 et
1055 1765 1108 1820 hoc
1127 1781 1160 1820 ex
1179 1766 1277 1821 litteris
1301 1767 1384 1822 item-

137 1854 213 1909 baidi
234 1853 383 1910 domorum
401 1853 547 1925 hospitalis
569 1853 787 1909 Jerusolimitani
807 1870 856 1923 por
875 1853 1051 1924 Hungariam
1079 1858 1106 1908 et
1133 1853 1293 1909 Siasouiam
1319 1859 1385 1908 tunc

136 1943 254 1998 maioris
273 1942 460 2012 praeceptoris
478 1941 676 2012 comprobavit.
697 1941 824 2011 Onmque
843 1957 926 2012 super
944 1941 998 1996 hoo
1015 1940 1120 1996 diutius
1138 1957 1232 1996 coram
1250 1957 1315 2010 rege
1334 1941 1386 1994 liti·

137 2035 237 2101 gatum
255 2028 363 2094 suisset,
390 2027 504 2084 tandem
529 2027 633 2083 eisdem
658 2028 738 2098 Zagr.
767 2029 900 2100 episcopo
927 2035 955 2082 et
981 2027 1059 2082 fratri
1087 2027 1211 2084 ernoldo
1238 2027 1386 2083 domorum

137 2117 221 2187 hosp.
241 2132 290 2188 per
307 2115 405 2186 Huag.
424 2121 452 2171 et
470 2115 631 2170 Slavonism
643 2115 741 2172 maiori
758 2121 946 2187 praeceptore,
959 2116 1007 2186 qui
1026 2115 1102 2170 fratri
1121 2115 1276 2171 Rembaldo
1293 2117 1386 2170 imme-

140 2203 216 2258 diate
236 2203 377 2270 successit,
398 2219 433 2258 ex
452 2220 508 2257 una
521 2207 599 2274 parte
618 2208 646 2258 et
663 2201 752 2258 Paulo
766 2203 824 2259 filio
839 2203 948 2273 Borych
968 2203 1033 2258 bani
1050 2219 1084 2258 ex
1104 2203 1190 2258 altera
1208 2220 1303 2258 coram
1322 2219 1386 2274 rege

140 2291 300 2348 constitutis
318 2289 511 2362 praesentibus
532 2289 683 2346 baronibus
701 2291 787 2361 regni,
807 2290 868 2362 ipse
885 2290 993 2345 Paulus
1014 2289 1203 2361 deprehensus
1222 2297 1264 2346 est
1282 2292 1386 2346 litteras

138 2379 232 2448 regias
251 2377 430 2433 falsicavisse.
450 2378 514 2445 Quo
533 2377 605 2434 circa
623 2378 685 2449 ipsa
698 2385 770 2433 terra
788 2393 809 2433 s.
830 2379 943 2432 Martini
963 2383 990 2432 et
1008 2378 1063 2433 alia
1082 2378 1156 2434 bona
1173 2379 1254 2433 Pauli
1274 2385 1387 2450 propter

139 2466 242 2520 vicium
261 2464 394 2520 falsitatis
408 2465 444 2520 ad
463 2481 563 2520 manns
581 2466 671 2535 regias
690 2465 799 2521 devolvi
817 2465 987 2533 debuissent,
1016 2465 1064 2520 aad
1090 2482 1139 2521 rex
1163 2470 1256 2520 tamen
1281 2466 1387 2521 adiudi-

138 2554 215 2608 oavit
233 2553 350 2608 eandem
368 2559 469 2608 terram
488 2554 628 2624 episcopo,

191 2641 256 2696 Hoc
273 2641 464 2696 documentum
487 2640 661 2709 confirmauit
679 2657 704 2695 a.
724 2643 799 2694 1275.
824 2655 875 2694 ree
897 2640 1049 2696 Larissam
1068 2646 1094 2696 et
1113 2641 1297 2708 transumpsit
1321 2656 1383 2709 cap.

139 2729 303 2783 Chcssmme
327 2746 354 2783 a.
378 2731 456 2783 1615.
489 2729 538 2782 Ee
563 2729 635 2783 actis
659 2744 680 2783 c.
705 2744 728 2783 r.
753 2728 866 2782 archivo
888 2743 939 2796 per
962 2729 1064 2782 bamam
1089 2728 1385 2797 Etutam-Hedervary

137 2815 243 2872 ablatis
261 2817 294 2872 N.
313 2817 347 2870 R.
365 2817 399 2870 Δ.
419 2815 596 2870 Faac.1531.
616 2817 653 2870 N.
672 2820 712 2870 13.
734 2815 861 2870 Ttatcic':
881 2815 959 2870 Mem.
979 2819 1047 2884 Lp.
1068 2820 1127 2872 122.

191 2935 400 2993 DCOLXXVI.
431 2937 575 3008 Traanii
601 2941 680 2992 1259.
707 2943 731 2992 3.
750 2937 914 2993 Decembris.
941 2939 1125 3009 Temporibus
1146 2937 1313 2993 Columbani
1331 2939 1387 3010 epi·

145 3025 225 3096 scopi
244 3025 368 3094 Tragur„
388 3024 506 3080 Romani
526 3023 628 3080 Stoche
647 3029 674 3079 et
691 3025 795 3097 Duymi
814 3023 849 3080 ds
868 3025 945 3096 Cega
962 3025 1085 3082 iudicum
1106 3025 1231 3095 aragus,
1249 3025 1386 3080 Pascclus

140 3119 170 3167 et
187 3112 290 3168 Helias
314 3111 420 3176 iratres,
445 3111 494 3165 filii
519 3111 661 3182 quondam
686 3112 782 3168 Barisii
801 3111 925 3181 Soldani,
944 3113 1064 3168 confessi
1082 3120 1147 3168 sunt
1165 3130 1196 3167 se
1213 3115 1387 3184 recepisses

137 3199 283 3254 canonicis
310 3199 427 3269 Tragur.
453 3199 489 3254 40
515 3198 600 3253 libras
628 3199 804 3254 denariorum
831 3216 981 3271 parvorum
1007 3199 1179 3255 Venetorum
1207 3215 1258 3270 pro
1286 3201 1386 3270 quibus

138 3287 327 3342 vendiderunt
343 3291 443 3342 terram
461 3303 544 3342 suam
561 3286 772 3343 haereditariam
799 3289 881 3344 sitam
898 3288 935 3343 ad
954 3288 1055 3344 Vicum
1074 3306 1159 3360 super
1183 3295 1256 3344 terra
1282 3289 1385 3344 Stanas

139 3374 255 3429 relictae
274 3373 376 3441 Rosco,
395 3379 423 3430 et
441 3391 492 3445 pro
510 3373 622 3429 cambio
645 3382 809 3446 receperunt
826 3392 844 3430 a
861 3377 1002 3432 canonicis
1023 3392 1109 3430 unum
1127 3392 1243 3447 passum
1262 3375 1297 3430 de
1315 3381 1387 3430 terra

138 3477 189 3532 per
207 3462 323 3531 longum
343 3467 371 3516 et
388 3461 512 3532 amplum
529 3461 606 3532 apud
625 3462 718 3518 Blatta
736 3461 771 3517 de
789 3463 924 3518 Pantano.
943 3463 1040 3518 Testes
1060 3464 1173 3518 fuerant
1192 3463 1281 3518 Cerne
1297 3463 1386 3518 Obra-

138 3549 223 3616 Iotae
247 3547 412 3604 Sabaoiolus
431 3555 459 3604 et
477 3549 524 3603 alii
542 3550 646 3620 plures.
669 3549 802 3605 Silvester
820 3549 855 3604 de
874 3550 947 3606 Urso
971 3551 1144 3606 examinator
1168 3567 1281 3606 manum
1306 3552 1386 3606 misit.

141 3635 296 3691 Gervasius
314 3638 469 3692 communis
487 3637 569 3706 Trag.
585 3635 641 3706 jur.
659 3638 784 3693 notarius
804 3638 920 3708 scripsit.

194 3723 325 3778 Farlats':
343 3723 426 3794 illyr.
444 3739 516 3778 soor.
537 3726 565 3777 T.
585 3727 600 3776 1
607 3723 634 3777 V.
654 3728 715 3780 346.

191 3845 423 3902 DCOLXXVII.
440 3847 602 3917 Ausonias.
624 3850 700 3901 1259.
725 3852 749 3902 3.
774 3847 936 3903 Decembris.
958 3848 1116 3904 Alexander
1128 3847 1180 3904 IV.
1194 3865 1268 3920 papa
1286 3849 1321 3904 ad
1341 3867 1386 3920 pe-

141 3935 270 3990 titionem
296 3934 394 4004 prioris
413 3937 440 3988 et
458 3937 610 3989 conventus
638 3935 797 3989 monasterii
826 3953 847 3990 s.
876 3935 982 3990 Mariae
997 3936 1033 3989 de
1060 3936 1151 3990 insula
1177 3935 1269 4006 Egidii
1296 3938 1387 3992 cister-

142 4021 245 4078 ciensis
263 4020 368 4076 ordinis
386 4018 504 4091 Zagrab.
523 4020 659 4077 dioecesis
677 4022 823 4076 confirmat
841 4021 1018 4077 donationem
1031 4023 1149 4079 duorum
1166 4023 1388 4078 molendinorum

143 4127 229 4182 super
246 4107 362 4164 fluvium
380 4109 428 4178 qui
446 4106 545 4162 dividit
562 4108 713 4178 capitulum
733 4125 750 4162 a
767 4115 859 4164 castro
879 4109 970 4165 Grech
989 4111 1028 4164 eis
1047 4127 1096 4182 per
1113 4127 1207 4180 regem
1225 4112 1334 4167 iactam.

195 4213 324 4270 scatet:
344 4214 422 4268 Mon.
441 4213 503 4268 bist.
524 4215 555 4269 T.
575 4215 596 4269 l.
611 4230 642 4282 p.
661 4217 719 4269 123.

178 4354 442 4422 'Dcobxxvnn
460 4355 631 4426 Zaprabiae.
651 4360 731 4412 1259.
748 4357 908 4428 Stephanus
921 4357 1010 4410 banus
1029 4356 1114 4412 totius
1132 4355 1280 4410 Siavoniae
1298 4362 1326 4410 et
1343 4371 1388 4410 ca·

140 4445 271 4515 pitaneus
289 4441 398 4514 Styriae
416 4443 579 4498 transsumit
596 4442 632 4498 ad
651 4444 811 4514 petitionem
835 4445 958 4498 Thomas
976 4445 1026 4497 filii
1044 4443 1181 4498 Bratovan
1200 4443 1304 4497 litteras
1324 4443 1387 4497 Ale·

141 4531 242 4586 xandri
269 4531 377 4585 comitis
401 4530 437 4586 de
462 4530 603 4600 Podgorja
626 4530 751 4586 sicebani
779 4532 821 4586 sui
839 4539 867 4586 et
880 4531 984 4602 judicis
1008 4530 1203 4600 Zagrabiensis
1229 4531 1258 4583 in
1286 4530 1388 4600 quibus

141 4618 317 4674 continetur:
335 4617 411 4687 quod
441 4617 583 4689 praefatus
601 4618 722 4672 Thomas
741 4619 849 4672 tertiam
874 4624 980 4688 partem
1004 4623 1092 4672 terrae
1115 4618 1249 4688 Soepuice
1274 4624 1388 4689 accepto

143 4705 278 4778 pristaldo
297 4704 421 4758 vicebani
446 4706 550 4759 Bosiuo
574 4721 607 4759 ao
631 4706 731 4774 micus,
755 4705 854 4759 Nicola
881 4711 908 4758 et
932 4705 1075 4774 Stephano
1094 4705 1156 4758 filiis
1174 4705 1282 4760 Nicolai
1301 4722 1388 4760 ream-
