3488 5380
357 414 421 480 234
858 439 878 478 1.
899 426 1097 502 serenavit,

356 603 489 670 bulasset,
508 618 592 673 quam
616 601 735 658 asseruit
760 617 840 658 suam
866 619 936 660 osse.
960 603 1036 658 Dum
1060 606 1131 659 intra
1157 607 1250 674 partes
1275 617 1359 672 snper
1383 601 1481 657 eadem
1505 599 1603 657 dntins

354 706 441 746 (ansa
459 689 591 746 ventilata
609 689 715 754 suisset,
733 688 845 744 taudem
864 696 990 760 quartam
1002 695 1110 762 partem
1122 695 1212 745 terrae
1224 688 1413 744 roambnlatae
1427 705 1475 761 per
1487 689 1602 744 Petrum

355 779 486 834 curialem
504 777 633 834 comitem
658 793 740 832 suum
765 777 979 848 Zagrabieusem
1004 777 1145 849 praedicto
1168 777 1292 833 Thomas
1317 781 1346 831 et
1368 777 1426 832 snis
1451 776 1515 831 filiis
1533 777 1602 832 assi·

355 865 435 936 gnari
453 865 518 921 iecit
526 865 590 936 jure
602 869 745 936 perpetuo.
759 864 899 920 Moturum
917 869 1006 920 terrae
1018 867 1108 937 prima
1119 865 1216 937 incipit
1230 865 1313 936 juxta
1324 865 1444 920 rivulum
1456 864 1602 936 Scepnica‚

355 952 429 1008 ultra
446 951 566 1008 rivulum
585 951 661 1008 vadit
679 951 732 1006 sub
755 957 878 1007 montem
897 967 983 1023 snpra
1003 969 1087 1022 quem
1111 957 1154 1008 est
1176 952 1257 1008 vinea
1277 952 1461 1008 netrevillam
1480 952 1601 1008 liliorum

354 1039 463 1095 Nicolai
487 1045 515 1094 et
538 1045 581 1095 est
602 1045 789 1096 commetanea
812 1038 944 1096 Boloaod.
977 1040 1030 1094 Per
1052 1031 1171 1096 risulnm'
1198 1041 1272 1096 venit
1295 1038 1332 1096 ad
1355 1038 1546 1096 molendinum
1573 1045 1602 1094 et

353 1127 380 1182 in
409 1143 466 1184 uno
493 1129 557 1183 loco
583 1126 657 1182 cadit
684 1127 817 1198 parvulus
845 1126 945 1182 fluvius
969 1127 1110 1184 inrisum
1138 1128 1273 1200 Scopnice
1299 1135 1327 1184 et
1350 1133 1445 1184 manet
1470 1129 1499 1182 in
1526 1133 1602 1183 meta

352 1215 493 1282 Thomse;
512 1214 576 1270 inde
598 1214 751 1287 procedens
773 1231 858 1270 unam
883 1215 955 1270 siam
980 1219 1008 1270 ct
1032 1232 1082 1288 per
1106 1217 1195 1271 varias
1219 1221 1308 1272 metas
1332 1221 1443 1284 terreas,
1468 1215 1601 1272 arboreas

352 1309 380 1357 et
405 1318 454 1374 per
478 1307 586 1358 montes
606 1302 680 1358 venit
698 1302 733 1358 ad
747 1307 850 1358 terram
867 1302 987 1360 filiorum
1006 1303 1105 1374 Margo
1123 1309 1150 1358 et
1168 1303 1203 1359 ad
1222 1303 1448 1376 septemtrionem
1466 1307 1509 1359 est
1527 1309 1601 1358 terro

353 1390 470 1446 fratrum
488 1389 576 1446 sancti
594 1389 727 1462 Sepulcri.

410 1495 484 1566 Θήρ.
500 1510 577 1565 perp.
595 1496 626 1550 s'o
645 1509 705 1550 meu
723 1495 888 1552 collectione.

404 1634 619 1691 DOOLXXIX.
641 1637 812 1707 Zaprabiae.
837 1640 913 1691 1259.
935 1635 1070 1707 Magister
1092 1635 1249 1692 Alexander
1270 1637 1360 1692 banus
1387 1639 1542 1694 maritimus
1572 1645 1601 1695 et

353 1741 447 1780 comes
460 1723 655 1793 Zagrabiensis
669 1723 813 1793 significat,
830 1723 905 1794 qnod
924 1740 988 1779 cum
1001 1739 1086 1796 snper
1098 1723 1172 1782 iacto
1184 1729 1281 1792 terrae,
1295 1742 1364 1797 quse
1377 1726 1473 1796 incipit
1484 1743 1501 1782 a
1513 1731 1599 1798 ponte

353 1813 445 1884 Glynn
457 1818 485 1866 et
497 1810 573 1866 vadit
589 1827 638 1882 per
646 1827 775 1880 magnam
789 1811 860 1865 viam
875 1827 962 1880 usque
975 1810 1010 1864 sd
1023 1811 1122 1882 Motoy
1134 1812 1162 1866 in
1174 1811 1272 1868 dextra
1284 1819 1370 1885 parte,
1383 1815 1454 1869 inter
1466 1813 1597 1868 abbatem

353 1899 535 1970 toplieensem
553 1915 588 1953 ex
606 1915 663 1953 una
676 1903 754 1970 parte
772 1903 800 1953 et
818 1898 890 1954 filios
909 1900 980 1953 Rata
998 1915 1032 1953 ex
1051 1899 1138 1954 altera
1149 1915 1243 1955 coram
1262 1917 1295 1956 eo
1313 1901 1424 1971 questio
1435 1906 1598 1968 verteretur,

352 1993 380 2042 et
399 1985 497 2042 eadem
515 1985 614 2042 fuisset
632 1984 752 2041 deducta
770 1984 806 2040 ad
821 1985 958 2054 judicium
976 1985 1081 2042 domini
1101 1988 1144 2040 sui
1163 1987 1297 2058 Stephani
1310 1988 1383 2056 bani,
1398 1988 1510 2044 undem
1523 1987 1598 2044 idem

350 2075 441 2128 banus
459 2073 589 2140 decrevit,
608 2073 684 2144 qood
703 2077 735 2127 ut
753 2073 893 2143 praedicta
911 2078 983 2128 terra
1001 2078 1075 2129 esset
1093 2075 1225 2130 ecelesiae
1243 2075 1414 2146 tepliocnsis,
1432 2077 1503 2132 Ivan
1522 2075 1599 2132 lilius

351 2161 370 2218 J
373 2161 486 2230 eroslai,
502 2161 551 2230 qui
570 2176 620 2231 pro
639 2159 740 2215 abbate
758 2161 833 2216 litem
860 2160 997 2232 portabat,
1022 2178 1085 2216 oum
1109 2161 1178 2216 Isan
1204 2162 1262 2218 filio
1286 2163 1376 2219 Ortun
1399 2161 1434 2217 de
1456 2163 1546 2234 Blyna
1570 2171 1600 2218 et

350 2249 430 2303 Huet
443 2248 566 2303 officiale
578 2246 696 2316 obbatis,
709 2245 831 2303 secundo
850 2248 895 2303 die
914 2247 1019 2302 Marino
1035 2248 1219 2319 Magdalenae
1234 2265 1327 2305 coram
1339 2249 1462 2322 capitulo
1475 2250 1597 2320 Zagrab.

351 2335 466 2391 deberet
484 2339 624 2406 praestare
637 2341 849 2402 sacramentum,
867 2334 943 2405 quod
962 2335 1034 2390 idem
1048 2336 1117 2391 Isan
1131 2336 1204 2392 filins
1222 2336 1342 2393 Jeroalai
1354 2338 1499 2409 praestitit.
1513 2337 1597 2393 Unde

352 2423 414 2493 ipsa
431 2427 504 2478 terra
522 2423 692 2478 monasterio
710 2423 838 2478 restituta
856 2428 906 2478 est.

406 2527 537 2584 Tlculdr'i:
555 2530 629 2583 Mon.
649 2527 712 2584 tiss.
734 2530 761 2582 T.
782 2529 805 2584 1.
823 2545 851 2598 p.
871 2533 932 2584 244.

403 2669 604 2726 DCOLXXX.
624 2675 703 2724 1259.
722 2669 882 2742 Capitulum
901 2671 1033 2727 ecclesiae
1058 2670 1176 2742 Zagrab.
1194 2671 1325 2729 describit
1343 2677 1431 2728 metas
1448 2671 1596 2744 cuiusdam

351 2763 440 2813 terrae
464 2757 623 2813 monasterii
642 2757 672 2814 B.
694 2757 733 2812 M.
751 2757 787 2813 V.
806 2757 842 2812 de
859 2758 975 2830 Toplica
1000 2764 1028 2814 et
1049 2759 1175 2830 quidem:
1196 2759 1231 2814 de
1249 2767 1343 2816 monte
1366 2761 1402 2816 ad
1427 2769 1481 2817 tres
1506 2765 1595 2817 meins

351 2845 425 2900 uude
443 2843 588 2900 descendit
606 2845 632 2898 in
652 2860 753 2916 aquam
778 2845 889 2900 Petrina
895 2863 902 2912 ;
927 2845 990 2900 iude
1009 2848 1066 2902 exit
1083 2847 1119 2902 nd
1138 2847 1295 2919 Belipotolr,
1319 2849 1394 2904 vadit
1412 2865 1462 2921 per
1478 2848 1594 2904 fluvium

352 2933 387 2988 nd
406 2939 492 3004 eaput
510 2933 648 3002 eiusdem3
671 2931 770 2987 deinde
795 2932 830 2986 ad
858 2933 1075 3005 Domasingnm;
1100 2933 1200 2990 deinde
1225 2935 1259 2990 ad
1285 2937 1356 2991 viem
1383 2953 1437 3006 que
1461 2938 1536 2992 venit
1559 2935 1594 2991 de

350 3021 439 3088 Elina,
458 3037 508 3092 per
524 3021 598 3075 siem
616 3019 762 3074 deseendit
774 3021 801 3074 iu
815 3021 969 3092 Precopnm
987 3029 1015 3078 et
1033 3039 1082 3094 per
1099 3023 1186 3077 valles
1205 3029 1232 3078 et
1249 3030 1358 3078 montes
1377 3023 1411 3078 ad
1432 3023 1594 3090 (lochinam,

348 3107 449 3162 deinde
467 3107 503 3164 ad
522 3112 607 3178 caput
630 3108 710 3162 rivuli
729 3113 756 3164 ct
774 3106 802 3162 in
820 3108 946 3164 Ravuom
966 3110 1013 3164 nbi
1031 3111 1200 3166 terminatur.
1225 3111 1355 3166 Pristaldi
1381 3111 1493 3166 inerunt
1510 3111 1592 3167 Gurk

350 3195 423 3250 lilius
441 3195 538 3265 Merge
556 3197 692 3251 terrestria
711 3201 738 3251 et
756 3196 865 3252 Blasius
884 3198 977 3254 curiae
995 3199 1116 3270 capituli
1136 3199 1189 3254 Per
1207 3211 1307 3253 manus
1324 3199 1469 3255 Michaelis
1481 3199 1593 3254 lectorio

350 3283 490 3338 ccclesiae.

403 3389 529 3444 Thalete.-
547 3391 621 3445 Mos.
639 3389 702 3445 tint.
724 3393 752 3447 Y.
771 3392 794 3446 1.
811 3395 917 3460 p.124.

400 3529 614 3585 DOOLXXXI.
643 3532 720 3588 1259.
748 3532 907 3603 Stephanus
932 3533 1021 3588 banus
1053 3535 1139 3589 totius
1172 3533 1319 3592 Slavouiae
1342 3536 1488 3607 significat,
1514 3535 1591 3608 quod

351 3616 485 3687 Ohomug
504 3616 578 3671 filius
598 3615 781 3674 Chornouech
803 3619 919 3692 jobagio
943 3622 1025 3676 castri
1043 3621 1079 3676 de
1098 3621 1233 3678 Glauniaa
1258 3641 1275 3678 a
1298 3623 1362 3678 filiis
1383 3623 1477 3680 Endre
1501 3626 1593 3696 requi·

348 3705 470 3759 sivisset:
484 3704 631 3776 Prodiuoy‚
646 3703 813 3776 Vollronam,
825 3707 1007 3778 Soyuarkum,
1020 3709 1223 3776 Volkomirum
1238 3710 1400 3784 Vllroynum
1418 3718 1447 3768 et
1459 3712 1592 3784 Stoysam

348 3792 459 3846 nominc
490 3808 604 3847 suorum
623 3809 773 3862 servorum,
797 3811 880 3866 super
905 3796 1006 3868 quibus
1035 3798 1084 3852 filii
1114 3797 1208 3854 Endre
1238 3799 1374 3868 dicebant,
1405 3799 1480 3871 quod
1512 3817 1591 3871 prae·

348 3879 422 3934 fatus
441 3878 577 3950 Ohnmug
595 3879 759 3936 secundario
781 3882 938 3954 praedictos
955 3885 1081 3940 homines
1099 3888 1146 3958 qui
1166 3903 1275 3960 sempor
1294 3887 1373 3943 liberi
1397 3888 1523 3957 inissent,
1541 3889 1590 3942 im·

349 3971 455 4036 peteret
473 3967 500 4020 in
520 3967 695 4036 servitutem
714 3974 742 4023 et
760 3970 834 4040 quod
858 3971 1014 4041 praedictos
1039 3973 1164 4029 homines
1188 3976 1328 4030 iustificati
1352 3976 1472 4031 fuissent
1494 3982 1591 4032 contra

349 4053 473 4108 eundum
492 4053 627 4126 Ohnrnug
646 4061 674 4110 ct
692 4056 821 4113 dixerunt
845 4075 929 4130 super
947 4059 1000 4116 hoc
1018 4061 1122 4117 litteras
1141 4062 1304 4132 Gurlr(ouis)
1322 4063 1463 4134 quondam
1481 4065 1590 4120 comitis

348 4141 543 4212 Zagrabiensis
562 4159 591 4197 se
609 4143 729 4212 habere;
747 4163 818 4216 quas
840 4163 903 4201 cum
928 4148 975 4202 filii
995 4149 1088 4204 Endre
1106 4151 1134 4204 in
1153 4149 1197 4206 die
1216 4151 1251 4206 ad
1270 4152 1323 4206 hoc
1347 4153 1489 4223 assignato
1514 4153 1589 4208 exhi·

348 4228 483 4296 buissent,
504 4229 595 4284 dietus
620 4230 755 4302 Ghurnng
774 4248 821 4288 eas
840 4233 1002 4290 falsificavit.
1028 4237 1150 4292 Domum
1173 4237 1264 4293 dictus
1289 4239 1423 4310 Chumng
1447 4241 1475 4294 in
1500 4241 1591 4296 icima

346 4317 555 4388 compositionis
574 4317 668 4374 habite
687 4320 714 4373 in
735 4319 829 4376 duello
847 4323 922 4392 quod
941 4323 1063 4378 habebnt
1080 4331 1175 4380 contra
1194 4327 1265 4381 filios
1284 4326 1394 4382 Endrae
1412 4343 1496 4399 super
1509 4329 1589 4382 terris

346 4404 466 4474 Dobony
485 4411 512 4459 st
530 4405 657 4462 Zuhodol
681 4406 838 4477 praedictos
863 4411 986 4480 quinque
1010 4411 1137 4468 hominen
1155 4417 1298 4484 tamquam
1316 4415 1419 4471 liberos
1437 4419 1465 4470 et
1483 4416 1589 4470 litteras

346 4490 426 4546 (lurk
444 4493 553 4548 comitis
572 4499 714 4563 tamqnam
732 4495 819 4550 iustas
833 4495 950 4566 reliquit.
969 4498 1064 4555 Banus
1080 4501 1173 4572 itaque
1192 4503 1338 4557 confirmat
1355 4502 1481 4558 libertate
1498 4503 1589 4558 dictos

348 4579 471 4648 quinque
489 4579 614 4634 homines
634 4587 662 4636 et
679 4581 784 4638 litteras
803 4584 911 4640 comitis
930 4596 980 4656 pro
998 4587 1078 4642 iustis
1096 4587 1225 4644 declarat

399 4700 457 4756 Cori
475 4701 544 4770 dipl.
561 4705 676 4772 patrius
695 4705 790 4775 1V.p.
810 4712 853 4760 37.
