3544 5344
370 362 415 428 40
869 386 891 426 r.
913 370 1113 441 xnxnunvrd,

428 549 565 605 cxvm.
583 551 704 620 Romu,
715 549 865 620 biareni,
876 551 920 605 29.
933 548 1072 604 Jcacurc's'
1083 549 1156 600 1218.
1170 547 1315 602 Honorius
1327 547 1372 602 III
1385 563 1459 618 papa
1471 547 1616 604 confirmat

375 655 397 692 s.
415 637 511 692 Basilii
530 636 747 692 coenobiarchae
773 636 861 692 mrdta
878 636 1045 692 monasteria
1069 641 1097 690 et
1115 634 1305 706 possessiones
1323 641 1381 689 tam
1398 634 1426 688 in
1445 635 1512 688 Asia
1530 651 1615 706 quam

374 725 403 778 in
430 725 552 794 Europa,
579 723 651 778 inter
677 729 802 778 caetera:
829 722 904 794 apud
932 723 1084 792 Ungsriam
1111 721 1307 776 monasterium
1335 738 1357 776 s.
1384 721 1518 775 Demetrii
1535 721 1615 791 juxta

374 809 477 865 flumen
495 809 569 878 Sari,
596 827 660 865 eum
687 809 815 865 omnibus
842 809 995 866 rationibus
1022 817 1050 864 et
1075 807 1249 864 libertatibus
1276 808 1334 862 suis
1360 826 1378 862 a
1403 808 1472 864 Bela
1489 825 1555 878 rege
1573 809 1613 864 eis

373 897 488 953 indultis
505 927 540 940 -
557 914 622 953 cum
639 897 777 953 eonducta
795 913 885 968 aquae
902 897 1022 952 fluminis
1041 895 1130 952 Sarae
1148 913 1212 952 cum
1230 895 1355 966 piscaria,
1374 895 1541 963 nemoribus,
1554 896 1614 950 iure

374 985 498 1057 passagii
522 989 550 1039 et
576 984 704 1040 omnibus
731 984 792 1038 aliis
817 984 987 1056 pertinentiis
1015 983 1080 1038 suis.
1109 1013 1142 1022 -
1163 983 1235 1037 item
1253 982 1396 1038 ecclesiam
1414 999 1435 1037 s.
1455 981 1561 1038 Mariae
1579 981 1614 1040 de

375 1071 506 1139 Coroscs,
524 1088 588 1126 cum
606 1071 691 1126 casali
709 1071 854 1138 santolola,
873 1071 991 1138 cimbris,
1009 1071 1089 1125 terris
1107 1077 1135 1125 et
1153 1070 1323 1141 pertinentiis
1342 1070 1407 1123 suis.

428 1175 560 1231 itane:
578 1177 698 1230 Monam.
717 1177 846 1246 Hesper.
865 1179 888 1244 I,
908 1180 932 1228 9.

429 1296 536 1353 ΟΧΙΧ.
563 1299 598 1352 A.
625 1301 701 1352 1218.
728 1297 856 1352 Andreas
881 1297 912 1352 II
939 1313 987 1352 rex
1015 1296 1192 1352 considerans
1216 1301 1389 1352 constantem
1407 1296 1568 1352 fidelitatem
1587 1301 1615 1352 et

375 1389 487 1440 strenua
504 1384 653 1438 multifaria
671 1384 781 1440 servitia
798 1384 932 1453 Buboneg
950 1390 977 1438 et
995 1383 1128 1454 Stephani
1141 1385 1273 1438 comitum
1284 1383 1320 1438 de
1340 1383 1476 1450 Vodicha,
1496 1383 1615 1438 liliorum

375 1470 518 1541 quondam
534 1471 642 1526 comitis
670 1470 805 1542 Stephani
830 1470 866 1526 de
893 1469 1021 1538 Goricha,
1048 1485 1119 1540 quos
1144 1471 1305 1540 veriloquax
1329 1471 1469 1541 praeconii
1487 1469 1562 1524 sama
1580 1469 1616 1524 de

375 1557 501 1628 originali
519 1556 603 1613 domo
627 1563 655 1612 et
678 1558 763 1628 stirpe
787 1574 923 1627 generosa
947 1557 1113 1612 Ursiuorum
1130 1573 1261 1611 romanae
1279 1556 1356 1612 rubis
1374 1563 1535 1612 senatorum
1554 1573 1616 1627 pro-

374 1649 492 1716 pagatos
510 1649 635 1708 testatur,
654 1651 797 1699 enumerat
813 1645 924 1699 illorum
941 1644 1046 1710 merita,
1064 1643 1136 1698 inter
1154 1647 1270 1709 caetera,
1289 1641 1374 1712 quod,
1392 1659 1456 1698 cum
1473 1643 1502 1696 in
1514 1650 1615 1698 terram

374 1737 499 1786 eandam
531 1731 671 1801 profectus
704 1731 802 1785 fuisset
834 1745 926 1787 comes
951 1730 1110 1801 Stephanus
1137 1730 1380 1799 frater‘Baboneg
1406 1747 1470 1784 cum
1498 1730 1556 1784 suis
1588 1735 1616 1785 et

375 1819 466 1873 fratris
485 1819 528 1872 sui
547 1819 679 1888 proximis
697 1818 941 1888 familiaribusque,
960 1819 1027 1873 satis
1044 1818 1162 1874 honesto
1181 1823 1262 1872 coetu
1280 1825 1308 1872 et
1319 1835 1443 1888 congruo
1455 1819 1539 1872 umis
1552 1835 1616 1874 con-

375 1905 504 1960 decenter
521 1903 626 1973 fulcito,
645 1905 783 1974 equitibus
802 1903 927 1960 ducentis
946 1911 973 1959 et
992 1905 1200 1975 quinquaginta,
1220 1905 1277 1958 suis
1290 1905 1408 1976 propriis
1421 1905 1552 1975 expensis
1566 1921 1615 1976 per

375 1993 427 2046 iter
445 1991 607 2046 continuum
624 1991 652 2044 in
680 1991 757 2046 aditu
783 1997 812 2046 et
837 1991 927 2046 reditu
945 2007 1008 2046 cum
1026 2007 1091 2060 rege
1110 1991 1266 2062 procedere,
1285 1991 1416 2046 diuturna
1434 1999 1462 2046 et
1480 1999 1617 2046 noemma

376 2076 502 2133 custodia
521 2078 673 2148 persistere,
692 2093 845 2148 gravesque
863 2077 971 2133 labores
991 2077 1095 2132 suferre
1112 2095 1169 2132 non
1186 2077 1331 2132 dubitavit.
1350 2077 1394 2134 Ob
1413 2095 1531 2148 quorum
1551 2077 1616 2132 lide·

376 2165 481 2218 litatem
499 2163 655 2234 praedictos
679 2163 776 2219 batres
801 2169 829 2218 et
852 2181 948 2220 corum
965 2164 1098 2220 haeredes
1116 2165 1145 2218 in
1163 2165 1287 2234 praefato
1305 2181 1401 2220 eorum
1418 2164 1541 2220 dominio
1558 2163 1617 2218 Vo-

375 2251 466 2318 dicha,
484 2250 560 2320 quod
583 2251 668 2306 frater
686 2251 746 2322 ejus
773 2251 913 2307 Henricus
936 2269 986 2306 rex
1002 2251 1038 2306 de
1065 2252 1258 2308 commissione
1276 2253 1349 2322 regis
1368 2251 1451 2306 Belae
1469 2251 1617 2322 patrissui

376 2355 427 2410 pro
445 2337 574 2400 fidelibus
592 2338 708 2392 servitiis
736 2339 775 2392 eis
802 2337 962 2405 contulerat,
990 2355 1078 2394 novae
1104 2337 1263 2393 donationis
1290 2339 1401 2393 nomine
1428 2339 1507 2393 sicuti
1533 2345 1561 2393 et
1587 2339 1616 2392 in

376 2426 492 2481 caeteris
510 2441 606 2480 eorum
623 2425 847 2496 possessionibus
864 2425 1016 2492 confirmat,
1035 2425 1204 2495 comitesque
1222 2426 1324 2481 liberos
1341 2441 1390 2479 eos
1408 2427 1540 2492 nominat,
1560 2426 1616 2480 exi·

376 2512 461 2566 miam
485 2529 596 2582 quoque
620 2512 737 2581 gratim
761 2512 801 2567 eis
829 2511 979 2582 largiendo,
1004 2519 1035 2568 nt
1053 2511 1191 2582 ajudicio
1209 2517 1237 2566 et
1251 2511 1442 2582 jurisdictione
1460 2511 1538 2567 ducis
1557 2511 1617 2568 Sla-

376 2599 482 2665 voniae,
501 2605 585 2669 atque
602 2599 668 2653 bani
686 2599 857 2669 aliorumque
874 2598 997 2654 iudicum
1014 2599 1093 2668 regni
1111 2604 1138 2654 et
1152 2599 1369 2666 iustitiariorum,
1388 2606 1496 2670 praeter
1514 2600 1616 2655 solum-

376 2685 460 2741 modo
484 2686 576 2756 regiae
599 2685 760 2755 majestatis,
784 2701 898 2756 prorsus
922 2686 976 2741 sint
1000 2687 1128 2758 exempti.
1152 2685 1300 2741 Haeterea
1323 2685 1422 2740 liberat
1446 2703 1493 2741 eos
1517 2703 1534 2741 a
1562 2687 1616 2742 col·

376 2773 493 2830 lectione
519 2772 746 2826 mandurinalium
768 2789 818 2843 per
840 2772 947 2840 ducem,
972 2773 1076 2828 bunum
1099 2777 1148 2827 aut
1170 2773 1239 2827 alios
1267 2771 1399 2827 officiales
1426 2773 1498 2842 exigi
1526 2773 1615 2840 solita,

377 2859 560 2933 prohibetque
577 2860 605 2913 in
624 2875 720 2914 eorum
737 2859 859 2916 dominio
878 2865 906 2915 et
922 2859 1055 2916 comitatu
1074 2858 1180 2925 ducem,
1199 2859 1311 2926 barrum,
1330 2859 1478 2929 praelatos,
1497 2859 1616 2914 barones

377 2955 405 3004 et
422 2947 582 3002 iustitiarics
599 2946 775 3016 descendere,
799 2953 847 3001 aut
864 2947 1007 3016 generales
1032 2946 1261 3015 congregationes
1279 2945 1425 3000 celebrare.
1444 2946 1550 3000 Datum
1568 2963 1618 3016 per

377 3051 477 3090 manus
500 3034 626 3104 magistri
652 3034 750 3104 Ugrini
778 3035 858 3089 aulae
885 3033 1047 3100 cancellarii,
1077 3033 1258 3088 existentibus
1285 3033 1356 3087 inter
1380 3032 1450 3088 alios
1472 3038 1616 3102 magnetes

379 3121 486 3177 Celanc
513 3119 801 3190 quinquceeclesisnsi,
829 3119 972 3191 Stephano
999 3119 1171 3190 cagrabiensi
1198 3119 1349 3190 episcopis,
1377 3118 1510 3175 Bankone
1535 3119 1617 3187 bano,

378 3209 473 3266 Ochus
491 3208 583 3263 curias
600 3205 730 3276 reginalis
751 3207 859 3262 comite.

435 3313 595 3368 Wclcasor:
612 3311 692 3366 Eure
710 3311 736 3367 d.
755 3313 836 3366 Hera.
855 3313 950 3370 Krcs'c
967 3315 998 3366 L.
1018 3311 1133 3380 X11,p.
1152 3315 1196 3365 37.

431 3451 522 3507 CXX.
541 3451 575 3504 A.
594 3453 670 3507 1218.
689 3451 826 3524 Tempore
844 3451 943 3506 Slavici
973 3452 1052 3506 electi
1069 3451 1268 3523 archiepiscopi
1287 3451 1459 3522 spalatensis,
1478 3448 1618 3506 Domaldc

377 3539 485 3605 comite,
504 3537 641 3608 Mengaza
658 3545 766 3610 nepote,
785 3539 921 3593 Maravini
939 3539 1039 3594 vicario
1058 3545 1101 3594 etc
1113 3540 1234 3608 legitima
1246 3539 1386 3610 possessio
1402 3537 1548 3593 cuiusdam
1559 3554 1618 3592 mc-

376 3627 492 3693 litrinae,
511 3643 596 3696 quam
622 3625 688 3680 olim
713 3626 849 3697 Lapsicus
877 3626 1010 3682 coenobio
1037 3643 1059 3680 e.
1085 3627 1219 3697 Stephani
1246 3625 1405 3691 donaverat,
1423 3623 1617 3682 testificatione

378 3713 495 3785 juridica
513 3712 644 3767 firmatur.

430 3817 561 3873 Forloti:
579 3817 661 3888 Illyr.
678 3833 749 3874 scer.
771 3819 799 3872 T.
819 3819 880 3888 111,
896 3835 926 3888 p.
945 3821 1006 3874 244.

432 3955 537 4010 CXXI.
557 3957 681 4029 Spalah',
699 3973 789 4013 mense
814 3960 919 4013 Martio
943 3961 1020 4012 1219.
1045 3957 1181 4028 Tempore
1201 3957 1301 4012 Slaviei
1320 3958 1398 4012 electi
1417 3957 1618 4028 archiepiscopi

380 4045 553 4116 spalatensis,
580 4043 711 4100 Domsldi
738 4045 859 4111 comitis,
887 4045 989 4100 Marini
1015 4046 1138 4116 nepotis,
1166 4045 1325 4100 Palubellae
1351 4045 1453 4112 ricard,
1481 4045 1618 4116 quaedam

379 4129 494 4202 praedia
511 4131 615 4186 donata
633 4131 767 4188 coenobio
786 4149 807 4186 a.
827 4131 969 4203 Stephani.

431 4235 561 4292 Farlnts':
579 4235 663 4306 Illyr.
681 4253 751 4293 socr.
770 4240 833 4307 111,
853 4241 912 4292 244.

433 4356 554 4412 CXXII.
581 4359 701 4428 Romae,
730 4363 771 4412 25.
790 4360 855 4414 Mol
873 4363 949 4413 1219.
974 4359 1118 4414 Honorius
1136 4359 1182 4413 III
1201 4377 1275 4430 papa
1292 4359 1407 4415 mandat
1425 4360 1618 4416 archidiacono

380 4451 408 4500 et
426 4444 548 4514 capitulo
563 4444 710 4515 jadertino,
729 4447 781 4500 nisi
800 4446 885 4501 velint
911 4446 1073 4512 consentire,
1092 4452 1123 4500 ut
1142 4447 1296 4518 patriarcha
1314 4447 1458 4516 gradensis
1476 4449 1619 4504 confirmet

381 4537 408 4586 et
426 4537 567 4586 consecret
585 4531 703 4586 electum
717 4531 894 4602 jadertinum,
913 4531 949 4586 ad
967 4532 1071 4587 curiam
1089 4541 1281 4602 procuratores
1300 4549 1366 4589 suos
1384 4536 1501 4589 mittant.

435 4635 564 4690 Theium
583 4636 661 4690 Mon.
679 4635 755 4692 Sion.
774 4636 869 4692 merid.
887 4653 915 4705 p.
938 4639 975 4690 71.
