3544 5344
347 321 390 388 52
846 346 867 386 1.
891 331 1096 402 ammanus,

400 509 531 564 CLXIX.
544 510 687 579 venetiis,
700 511 742 562 28.
755 509 832 564 Matr·
840 512 920 563 1224.
934 509 1001 564 Dux
1013 509 1195 564 venetiarum
1207 527 1271 565 cum
1284 527 1335 565 sno
1348 512 1464 568 consilio
1477 513 1594 582 ordinat,

348 596 424 665 quod
442 596 609 668 infrascripti
629 597 756 651 homines
781 595 816 650 de
839 596 914 650 Ache
939 613 988 667 par
1015 603 1217 652 sacramentum
1240 603 1388 653 manantur
1412 599 1506 655 venire
1529 607 1594 656 ante

347 684 533 752 praesentiam
543 699 630 749 suam,
644 684 704 738 cias
716 682 853 736 mandatis
866 683 980 752 parituri
992 683 1037 738 die
1050 685 1084 738 20
1095 685 1215 738 intrante
1228 701 1323 739 mense
1335 685 1423 741 Junio
1441 687 1593 757 etquidem

346 769 448 824 Doimc
467 769 540 824 filius
559 769 594 823 ds
618 769 753 834 Zofclino,
778 768 915 824 Gualcina
938 769 1068 839 Zamogs,
1088 769 1197 825 (lambe
1221 771 1333 840 Grosse,
1351 771 1480 843 Filippus
1496 775 1592 845 judex,

349 857 439 922 Filiol,
459 857 586 910 Marinus
604 856 766 926 Papamili0‚
784 855 931 910 Bertaldm
955 856 1028 910 filius
1053 856 1089 912 de
1107 857 1208 925 Grada,
1226 859 1339 914 Petrixa
1358 859 1393 914 de
1412 861 1497 916 Mace
1515 861 1593 917 Bobe

347 943 522 998 cristoforus
541 943 576 998 de
595 943 670 998 Malo
694 943 796 1009 Dener,
820 943 932 997 Madius
955 943 991 998 de
1014 943 1138 1010 Alberto,
1164 944 1313 1014 Galzegna,
1338 947 1438 1001 Petrus
1461 948 1590 1017 Pelenga,

351 1029 453 1084 Nicola
472 1029 507 1084 de
524 1029 654 1096 Rufaldo,
679 1030 806 1096 Flascon,
831 1029 930 1084 Viaeni
954 1029 988 1084 de
1012 1029 1198 1102 Gotopslgna,
1215 1033 1295 1087 Zorzi
1320 1033 1392 1087 lilius
1417 1033 1539 1090 Mathnai
1556 1034 1591 1088 de

349 1117 447 1184 Caudi,
466 1117 578 1172 Madian
596 1115 733 1184 Bertaldo,
752 1118 783 1170 P.
802 1116 837 1172 de
855 1117 963 1184 Perina,
982 1117 1113 1185 Calenda,
1132 1119 1163 1173 P.
1181 1118 1292 1174 Bczola.

400 1222 512 1288 Medic:
531 1224 606 1276 Mon.
624 1221 688 1278 aet.
707 1221 782 1278 Sica.
801 1223 897 1276 meria.
916 1225 947 1291 I.,
963 1239 993 1290 p.
1012 1227 1055 1277 33.

402 1345 516 1400 CLXX.
536 1346 678 1416 venetiis,
702 1350 745 1398 16.
770 1345 845 1399 Julii
868 1348 947 1400 1224.
971 1345 1114 1400 Johannes
1138 1344 1244 1401 Verere
1262 1345 1298 1401 de
1315 1347 1440 1416 Ragusia
1458 1348 1593 1418 promittit

347 1433 412 1488 duci
430 1433 611 1489 venetiarum
630 1440 658 1488 et
675 1433 865 1488 communitati
884 1433 937 1486 sub
955 1449 1045 1503 paena
1063 1433 1148 1488 totius
1166 1431 1239 1487 beris
1252 1434 1312 1488 eius
1325 1440 1352 1488 et
1364 1450 1432 1488 suae
1445 1451 1589 1504 personae,

348 1520 424 1591 qnod
443 1521 472 1574 in
490 1521 597 1588 viatico,
616 1520 692 1590 quod
716 1521 839 1575 facturus
864 1527 906 1576 est
924 1537 988 1574 cum
1006 1536 1057 1574 suo
1080 1537 1215 1590 panzano,
1234 1521 1263 1574 in
1283 1527 1385 1576 terram
1403 1521 1589 1577 Alexandriae

349 1609 393 1663 vel
411 1609 506 1680 Egipti
524 1609 613 1663 iturus
640 1626 696 1664 non
724 1607 767 1676 sit,
792 1607 881 1662 etita
902 1607 979 1677 jurat
1001 1624 1050 1678 per
1074 1623 1096 1660 s.
1115 1607 1266 1676 evangelia.
1290 1607 1370 1662 Idem
1388 1615 1591 1664 sacramentum

348 1695 473 1750 fecerunt
491 1701 518 1750 et
536 1697 634 1751 Petrus
653 1694 761 1750 Novelo
780 1695 926 1748 nauclerus
943 1693 1009 1748 dicti
1027 1694 1155 1766 patizoni,
1175 1695 1223 1764 qui
1241 1695 1339 1749 Petrus
1351 1694 1477 1750 Venetus
1495 1701 1545 1764 est,
1559 1713 1591 1750 ac

348 1782 453 1838 Pardus
472 1789 500 1838 et
517 1783 680 1838 Dominicus
698 1781 733 1836 de
751 1779 882 1851 Ragusio.

401 1887 516 1954 raetia
535 1888 612 1941 Mon.
631 1886 706 1942 Sicu.
725 1901 789 1941 ma.
810 1889 832 1953 l,
847 1902 877 1956 p.
897 1890 939 1940 33.

402 2008 533 2064 CLXXI.
551 2011 585 2064 ln
603 2009 786 2066 monaterio
810 2025 833 2064 s.
852 2009 1007 2079 Stephani,
1032 2012 1075 2062 26.
1099 2009 1160 2064 Μαί
1177 2013 1258 2063 1224.
1284 2009 1322 2063 Μ.
1342 2009 1429 2063 sancti
1447 2009 1590 2079 Stephani,

348 2096 384 2150 D.
404 2097 491 2150 sancti
509 2097 583 2151 Patri
595 2096 710 2150 abbates
729 2102 756 2150 et
770 2095 797 2149 J.
810 2096 959 2150 eanonicus
971 2096 1151 2164 traguriensis
1164 2103 1293 2167 suscepta
1305 2095 1486 2166 delegationis
1498 2101 1591 2150 aucto·

348 2184 429 2237 ritate
447 2201 464 2237 a
481 2183 612 2253 pontifice
635 2183 663 2236 in
688 2181 832 2236 cuiusdam
856 2188 944 2236 terrae
968 2199 1061 2248 causa,
1086 2199 1158 2254 quae
1181 2183 1251 2237 inter
1269 2183 1417 2237 canonicos
1436 2198 1457 2236 s.
1477 2183 1591 2236 Domnii

348 2270 547 2342 (Spalatenses)
566 2277 594 2324 et
611 2275 777 2325 conventum
794 2269 954 2324 monasterii
971 2286 992 2323 s.
1011 2269 1153 2324 Benedicti
1165 2270 1331 2336 vertebatur,
1344 2276 1476 2324 curarunt
1495 2269 1590 2326 audire

351 2357 530 2426 allegationes
554 2357 698 2426 utriusque
721 2357 814 2426 partis.
840 2355 973 2411 (laconici
998 2357 1198 2428 proponebant,
1217 2355 1292 2425 quod
1317 2355 1455 2427 quaedam
1478 2355 1591 2410 domina

349 2443 442 2514 Strija,
462 2445 528 2499 olim
546 2443 649 2498 (laudii
666 2443 810 2498 Kalendae
827 2444 923 2498 relicta
939 2444 1041 2513 legavit
1058 2451 1159 2498 terram
1172 2444 1310 2498 canonicis
1329 2449 1357 2498 et
1373 2443 1427 2498 hoc
1444 2448 1591 2498 testamen·

347 2537 408 2586 tum
427 2531 539 2602 publico
556 2531 739 2585 instrrrmento
758 2531 884 2596 firmarit,
897 2531 973 2601 quod
986 2531 1112 2585 canonici
1124 2529 1314 2586 ostendebant
1328 2531 1466 2585 Moniales
1478 2547 1590 2600 respon·

348 2617 452 2673 debant
469 2619 541 2673 banc
559 2623 660 2672 terram
677 2618 845 2672 monasterio
863 2619 940 2688 prius
959 2635 976 2671 a
994 2618 1052 2672 viro
1070 2619 1158 2688 ipsius
1177 2615 1278 2688 Strijas
1297 2634 1357 2672 esse
1370 2617 1490 2686 legatam
1499 2624 1527 2672 et
1538 2617 1591 2671 boc

348 2707 506 2761 testimonio
531 2703 714 2775 quarumdam
739 2705 902 2759 feminarum
926 2705 1045 2776 probare
1069 2705 1248 2760 conabantur.
1273 2705 1394 2759 Dcmnm
1418 2721 1483 2758 cum
1507 2703 1591 2773 Strija

348 2793 448 2847 iterum
467 2793 502 2846 ad
521 2795 625 2848 exitum
644 2793 865 2864 propinquasset,
879 2791 914 2846 ab
930 2793 1071 2847 abbatissa
1083 2793 1273 2848 monachalem
1285 2792 1409 2848 habitum
1424 2791 1590 2864 postulabat

349 2880 499 2934 Abbatissa
525 2897 591 2935 vero
614 2880 726 2934 minime
749 2879 926 2946 concedebat,
951 2880 1005 2934 nisi
1028 2880 1196 2935 monasterio
1220 2879 1356 2934 conferret
1373 2880 1464 2950 ipsam
1481 2883 1590 2944 terram,

349 2983 469 3036 quamn
488 2983 539 3020 suo
563 2967 621 3022 viro
645 2967 774 3022 collatam
798 2965 966 3020 asserebant.
989 2965 1081 3036 Super
1104 2965 1157 3022 hoc
1184 2965 1395 3022 introducebant
1412 2971 1497 3021 testea
1516 2981 1590 3036 pres-

350 3053 478 3124 byterum
497 3053 570 3108 Sabe
589 3054 698 3120 Calixti,
718 3059 746 3108 st
768 3053 882 3108 Petrum
900 3053 1021 3106 Ruffum.
1045 3053 1144 3122 Legati
1163 3055 1376 3124 pronuntiarrmt
1393 3053 1465 3108 hanc
1483 3057 1591 3107 senten·

348 3143 432 3196 dam:
452 3141 524 3196 Cum
541 3141 671 3194 mulieres
690 3139 842 3194 secundum
862 3141 1003 3209 antiquam
1021 3140 1138 3195 civitatis
1157 3140 1385 3215 consuetudinem
1403 3141 1431 3194 in
1444 3139 1590 3194 conficien-

349 3228 392 3282 dis
416 3228 589 3283 testamentis
613 3227 649 3282 ad
673 3227 861 3282 testimonium
880 3227 987 3282 admitti
1005 3245 1060 3282 non
1080 3228 1195 3298 possint,
1220 3228 1341 3282 maxime
1358 3228 1386 3281 in
1405 3228 1522 3292 civitate,
1542 3223 1590 3280 ubi

349 3316 439 3370 cleriei
457 3315 500 3369 vel
519 3314 614 3369 fideles
632 3314 695 3368 laici
714 3321 828 3384 possent
846 3315 945 3380 vocari,
970 3315 1015 3370 alii
1035 3323 1127 3369 autem
1152 3321 1237 3370 testes
1255 3315 1291 3368 ad
1309 3314 1472 3368 irritandum
1491 3315 1590 3368 instru-

349 3409 474 3458 mentum
492 3402 689 3456 canonicorum
707 3417 762 3454 non
781 3401 929 3468 sufficiunt,
949 3401 1110 3472 praesertim
1128 3419 1192 3456 cum
1209 3403 1308 3456 Petrus
1328 3401 1427 3456 Rullus
1446 3405 1513 3454 nota
1524 3398 1590 3453 furti

348 3489 498 3544 infamatus
525 3489 568 3554 sit,
596 3485 769 3558 adjudicatur
795 3488 857 3558 ipsa
884 3493 956 3542 terra
983 3488 1123 3543 canonicis
1151 3495 1283 3560 perpetue
1311 3487 1487 3558 possidenda.
1518 3489 1587 3542 Pars

348 3576 464 3631 adversa
493 3573 643 3645 appellavit
673 3573 709 3627 ad
739 3573 832 3628 sedem
863 3573 1051 3644 apostolicam.
1087 3575 1198 3630 Testes:
1229 3575 1397 3646 Apollinaris
1428 3573 1590 3643 Cacansolli,

350 3665 497 3719 Mathaeus
515 3663 670 3728 Maurutae,
696 3667 723 3716 et
747 3679 830 3730 qnam
853 3663 947 3732 plures
971 3663 1060 3718 clerici
1079 3669 1106 3718 et
1127 3663 1255 3717 monachi
1279 3661 1404 3732 ejusdem
1429 3663 1589 3718 monasterii

350 3768 371 3804 s.
391 3751 533 3821 Stephani.

402 3857 451 3910 Ea
477 3855 589 3910 arctico
616 3855 709 3909 aulico
735 3854 940 3909 vindobonensi.
971 3856 1044 3910 Acta
1071 3855 1253 3923 spalateaaia.
1286 3855 1425 3910 Currere:
1455 3855 1589 3910 Archivio

350 3944 435 4012 capit.
450 3959 480 4010 p.
499 3945 537 3994 11.
555 3941 637 3996 tabet
655 3957 761 4010 qaoque
784 3942 916 3996 Wencsel:
938 3941 996 3996 Ocd
1021 3941 1090 4009 dipl.
1109 3942 1293 4010 orpedianus.
1312 3944 1335 4012 I,
1350 3959 1380 4010 p.
1399 3945 1461 3996 206.

403 4064 547 4118 CLXXII.
566 4065 709 4134 Venetila,
727 4070 769 4118 11.
789 4065 897 4133 Aprilis
915 4069 991 4120 1225.
1009 4063 1134 4118 Joannes
1153 4063 1302 4118 Contareni
1320 4065 1393 4120 filius
1412 4064 1499 4119 Marci
1518 4063 1590 4117 Con·

350 4152 436 4206 tareni
456 4157 511 4206 stat
529 4151 637 4222 plegius
655 4158 683 4206 et
701 4158 818 4223 pagator
836 4151 949 4207 domino
967 4151 1032 4206 duci
1051 4168 1101 4222 pro
1120 4151 1196 4205 Desa
1213 4150 1249 4204 de
1261 4151 1434 4218 Prodanellc‚
1447 4151 1483 4206 de
1494 4148 1589 4214 dedra,

350 4239 403 4293 sub
421 4255 512 4309 poena
529 4238 661 4292 librarum
680 4239 710 4293 C.
737 4239 862 4294 videlicet
886 4238 961 4309 quod
983 4239 1046 4310 ipse
1071 4239 1148 4292 Desa
1165 4245 1368 4292 monstraturus
1392 4239 1428 4291 sit
1451 4237 1479 4290 in
1503 4235 1591 4290 Jadra

349 4341 442 4380 coram
461 4325 491 4378 M
518 4324 649 4379 Dandulo
667 4331 716 4380 aut
734 4325 794 4396 ejus
811 4325 922 4380 Joanne
940 4343 992 4380 suo
1011 4326 1110 4380 vicario
1129 4325 1263 4390 homines,
1282 4325 1330 4394 qui
1342 4324 1395 4378 sibi
1408 4321 1591 4378 vendiderunt

350 4429 448 4478 ceram,
474 4412 508 4466 de
533 4430 589 4481 qua
607 4419 665 4467 erat
683 4414 808 4483 quaestio
826 4414 897 4469 inter
915 4431 979 4468 eum
997 4419 1025 4467 ct
1044 4413 1218 4483 Stephanum
1236 4410 1419 4475 Babilonium‚
1440 4425 1513 4477 quae
1532 4411 1591 4462 erat

349 4499 384 4552 de
402 4499 466 4552 navi
485 4505 609 4569 atquae,
629 4505 660 4553 ut
677 4500 783 4566 dicitur,
802 4506 882 4571 rapta
900 4501 952 4555 fuit
970 4501 997 4554 in
1016 4500 1141 4570 partibus
1161 4499 1289 4554 Sibenici.

402 4605 518 4672 Medic:
537 4606 607 4660 Mon
626 4605 700 4662 Slaa.
719 4625 782 4663 mer.
804 4611 825 4676 I,
841 4625 871 4676 p.
891 4611 932 4661 34.

1740 319 1766 636 l
