3488 5380
320 383 408 467 2683¹
827 400 846 442 ι.
868 381 1066 460 accensure,

327 573 401 629 iuter·
417 569 516 628 elisam
534 575 563 626 et
581 566 657 624 venit
673 565 773 622 iterum
797 562 833 620 ad
857 561 960 620 ilnmsu
978 560 1087 618 Vratna
1110 565 1139 618 et
1161 560 1197 620 ad
1219 561 1318 618 silvam
1341 558 1495 628 Doborreh,
1522 557 1572 616 ubl

325 656 510 742 coniugitur
502 663 592 714 terrae
608 651 808 710 haereditariae
830 650 912 708 Orisk
930 656 959 706 ιι
975 650 1054 706 Isau.

378 745 604 804 macellatores
630 743 759 798 ιιιιιιιιιι
784 738 948 810 Kegleoil'
936 754 967 794 ιιι
993 737 1106 794 ιιιιιιι
1129 737 1289 794 ιιιιιιιιιιι
1312 737 1493 794 ιιιιιιιιιιιιι
1517 735 1573 794 Ζι·

324 835 448 905 arabiae

379 969 730 1028 OMIV.Parusii.1266.
756 969 796 1020 21.
821 963 966 1021 Joeaorii.
989 964 1119 1020 Clemens
1143 961 1195 1020 1v.
1221 981 1296 1036 pape
1318 963 1495 1022 Timotheum
1519 965 1576 1038 epi·

325 1076 443 1132 scopum
469 1055 685 1130 Zagrahiensem
707 1069 791 1125 quem
817 1053 886 1110 Boia
908 1068 957 1108 rex
981 1051 1018 1108 oh
1042 1051 1244 1124 ignobilitatem
1268 1051 1437 1108 reiciendum
1459 1055 1577 1122 censuit,

325 1145 424 1204 acriter
440 1150 541 1212 tuetur,
560 1159 624 1200 cum
641 1141 721 1197 Deus
739 1155 835 1198 omues
853 1139 979 1196 hominen
997 1140 1059 1210 lege
1077 1140 1260 1212 propagando
1278 1139 1428 1210 communi,
1445 1156 1481 1196 ex
1499 1139 1574 1196 simi·

328 1233 401 1289 libus
434 1231 510 1287 nasei
541 1229 709 1298 seminibus,
739 1225 838 1284 eodem
864 1227 944 1284 coelo
970 1225 1096 1296 contegi,
1123 1225 1261 1298 similique
1287 1225 1410 1298 gaudere
1437 1227 1576 1300 spiraculo

329 1321 426 1388 soluit,
444 1317 538 1374 nudus
556 1318 584 1373 in
603 1313 740 1371 mundum
757 1313 864 1386 ingredi
882 1319 910 1370 et
928 1311 1019 1369 nudos
1036 1311 1130 1383 egredi
1148 1313 1325 1386 periratione
1342 1307 1473 1372 decrevit
1492 1315 1575 1384 Quod

327 1405 425 1464 obiicis
443 1405 521 1475 (dicit
539 1405 632 1476 pape),
650 1403 787 1474 imputare
806 1417 862 1456 nou
881 1405 969 1474 potes,
997 1415 1085 1470 quum
1107 1416 1138 1456 se
1162 1400 1254 1472 ipsum
1279 1417 1335 1456 non
1360 1399 1463 1470 lecerit,
1488 1401 1577 1459 seda

330 1493 446 1574 domiuo
464 1491 566 1578 lactus.
573 1489 663 1574 luerit.
685 1487 746 1544 Nec
770 1493 899 1560 parentes
921 1485 1029 1543 nobiles
1053 1486 1155 1557 eligere
1179 1485 1231 1560 sibi
1255 1487 1353 1559 potuit,
1376 1504 1428 1545 uec
1452 1489 1578 1562 peccarit

329 1581 352 1637 ιι
370 1562 441 1638 iilos
453 1561 566 1648 habuit,
576 1594 648 1650 quos
659 1577 791 1633 dominus
809 1575 834 1632 ei
852 1573 937 1630 dedit.
951 1573 1069 1630 Miratur
1080 1572 1156 1645 quod
1169 1552 1274 1630 dictum
1288 1575 1450 1648 episcopum
1469 1575 1506 1632 sb
1524 1575 1576 1634 Ur·

330 1669 404 1726 hano
422 1683 496 1742 papa
515 1671 674 1740 promotum
692 1669 720 1720 ιι
743 1663 860 1734 abipso
878 1661 1044 1732 (Clemente)
1062 1661 1121 1734 regi
1139 1661 1363 1718 commendatum
1385 1662 1457 1719 adeo
1482 1679 1578 1720 severe

331 1755 500 1823 ahhoruerit,
518 1753 649 1828 precibus
666 1757 694 1809 et
712 1749 851 1806 mandatis
878 1749 952 1805 sodis
976 1766 1020 1821 ap
1047 1766 1104 1806 non
1131 1748 1299 1820 obediena'
1290 1765 1376 1806 rmmo
1394 1767 1446 1808 nec
1464 1750 1578 1810 fratrem

333 1841 509 1900 Gualterinm
522 1842 550 1897 in
563 1841 680 1914 pacifice
698 1839 875 1912 possessione
887 1837 1066 1908 episcopatus
1078 1836 1201 1909 gaudere
1214 1837 1338 1909 permisit
1349 1843 1378 1894 et
1389 1855 1439 1914 per
1450 1839 1580 1896 nuntium

332 1945 415 1986 soum
436 1929 609 1986 Demetrium
627 1926 860 1982 archidiaconum
871 1924 1081 1995 strigoniensem
1098 1923 1136 1979 sb
1153 1925 1217 1996 ipso
1235 1941 1300 1996 rege
1312 1923 1364 1981 sibi
1376 1923 1500 1983 iniuncta
1511 1927 1579 1983 talia

334 2018 481 2092 proposuit
498 2032 571 2086 quae
589 2013 766 2072 solummodo
784 2029 835 2084 pro
853 2011 927 2082 regis
944 2011 1098 2068 reverentis
1115 2012 1253 2083 patienter
1269 2011 1366 2070 audita
1384 2019 1457 2070 sunt

385 2105 501 2160 Τιιιιιιι
518 2104 591 2157 lton.
610 2107 661 2158 oet.
680 2103 772 2170 Hesp.
790 2100 815 2155 1.
834 2103 895 2156 281.

384 2243 483 2316 cmv„
497 2242 623 2300 Perusii.
651 2245 731 2298 1266.
750 2245 791 2295 15.
809 2242 916 2296 Martii.
945 2240 1075 2299 Clemens
1101 2239 1153 2296 IV.
1182 2257 1256 2314 papa
1283 2241 1409 2298 hortatur
1435 2243 1579 2299 universos

333 2331 434 2388 christi
453 2330 549 2386 fideles
568 2334 599 2385 nt
617 2331 767 2404 succurant
785 2327 869 2400 priori
888 2333 916 2382 et
933 2327 1065 2382 fratribus
1089 2327 1194 2382 ordinis
1212 2327 1437 2384 Praedicatorum
1461 2327 1580 2385 Jadren·

334 2420 420 2486 sibus,
438 2417 486 2490 qui
505 2415 608 2472 ibidem
627 2415 772 2472 eeclesiam
795 2414 835 2483 (S.
860 2413 996 2483 Platonis)
1023 2419 1150 2470 extruere
1176 2421 1336 2488 coeperunt.
1363 2415 1448 2472 Hauc
1473 2415 1579 2473 bullam

332 2503 472 2577 pontificis
489 2503 638 2558 transumit
655 2504 680 2558 5.
700 2501 759 2558 Oct
781 2502 858 2558 1267.
876 2500 1043 2556 Laurentius
1060 2501 1287 2574 archiepiscopus
1303 2501 1457 2566 ledrensis.

384 2591 500 2648 Forloli
519 2589 691 2660 iligneam.
716 2589 746 2644 V.
767 2592 808 2642 78.

387 2730 497 2788 OMVI.
523 2733 601 2786 1266.
621 2733 664 2788 20.
683 2727 791 2785 Martii.
814 2727 883 2785 Bela
907 2727 959 2784 1v.
983 2745 1032 2785 rex
1055 2735 1151 2786 uotum
1176 2731 1250 2801 iacit,
1274 2731 1351 2803 quod
1369 2731 1502 2804 magistro
1526 2732 1580 2788 hii·

332 2820 428 2876 chaale
446 2817 504 2874 tilio
522 2815 662 2874 Simeonis
686 2833 721 2872 ex
745 2833 801 2872 una
825 2819 903 2887 perte
921 2817 1021 2872 comite
1037 2818 1185 2874 Pancratio
1203 2823 1231 2874 ιι
1249 2819 1338 2875 Paulo
1357 2819 1420 2876 tiliis
1438 2819 1528 2876 Pasce
1545 2809 1587 2876 ex¹

333 2906 420 2962 altera
437 2905 465 2960 iu
484 2903 641 2975 praesentia
659 2903 731 2974 regis
753 2903 918 2970 constitutis,
943 2902 1017 2960 idem
1041 2906 1173 2976 magister
1196 2905 1235 2961 hi.
1259 2905 1404 2962 coufessus
1429 2913 1479 2976 est,
1504 2907 1580 2980 quod

333 2999 433 3049 terram
451 3007 536 3062 quam
554 2991 582 3046 in
601 2989 697 3060 Garig,
710 2989 845 3062 Garigleu
855 2995 989 3059 vocatam,
1009 3008 1044 3048 ex
1061 2991 1212 3050 donatione
1227 2993 1303 3064 regie
1316 2993 1486 3066 possidebat,
1497 2993 1580 3051 dictis

334 3079 484 3150 Pengratio
511 3083 539 3134 ιι
567 3077 665 3146 Paulo,
690 3078 784 3133 vicinis
815 3078 873 3134 sais
900 3095 953 3150 pro
973 3085 1085 3134 centum
1108 3081 1208 3138 marcis
1230 3081 1337 3152 argenti
1355 3077 1522 3152 uendidisse,
1544 3081 1581 3139 ud

333 3181 452 3238 quorum
476 3165 638 3238 petitionem
663 3181 713 3220 rex
740 3182 796 3221 nou
824 3165 953 3221 obstante
971 3165 1190 3223 contradictione
1207 3168 1335 3238 Gregorii
1362 3169 1411 3224 iiiii
1438 3167 1582 3240 qnondam

332 3255 458 3310 Thomas
480 3253 592 3308 boniet
614 3257 876 3320 commetaueorum‚
903 3254 1041 3308 concessit
1067 3259 1202 3326 perpetuo
1222 3255 1372 3327 possidere.
1399 3255 1504 3312 Datum
1532 3273 1584 3330 per

334 3357 435 3397 manus
453 3339 579 3411 magistri
597 3339 722 3395 Furcasii
739 3339 819 3396 electi
839 3339 969 3395 Albensis
987 3341 1069 3396 aulae
1087 3341 1311 3400 vicecancellarii.

389 3445 517 3502 ιιιιιιιε
535 3447 611 3501 moe.
629 3444 704 3502 fret.
726 3445 754 3498 ι.
773 3447 795 3498 1.
811 3460 841 3514 p.
863 3449 923 3500 ιιι.

389 3601 515 3658 cmvll.
533 3603 704 3674 Zegrahiss.
730 3607 808 3658 1266.
827 3607 866 3657 31.
895 3603 1009 3660 Martii.
1036 3605 1199 3678 Capitulum
1226 3607 1424 3679 anrahisusis
1449 3610 1583 3668 ecclesiae

334 3689 468 3756 notificat,
486 3687 563 3759 quod
587 3689 745 3744 ιιιιιιιιιιιιι
765 3690 792 3743 ιιι
813 3689 873 3746 eius
897 3693 1053 3764 praeseutia
1071 3693 1108 3749 ab
1126 3710 1183 3750 una
1200 3699 1278 3766 parte
1297 3696 1380 3768 Gyan
1397 3697 1506 3768 comite,
1525 3698 1583 3760 filiu

335 3775 444 3832 comitis
463 3773 520 3830 Vid
539 3773 574 3830 de
593 3773 708 3832 Modros
727 3781 755 3831 et
773 3776 811 3832 eh
835 3773 922 3834 altera
944 3780 1111 3838 Pernicholo
1138 3783 1280 3840 Potestete
1306 3785 1342 3841 de
1368 3791 1464 3843 monte
1491 3785 1583 3844 Grach

335 3861 447 3920 nomine
465 3860 585 3918 Roiaudi
604 3861 668 3917 bani
687 3864 773 3920 totius
792 3864 948 3936 slavonios,
967 3865 1041 3923 idem
1059 3867 1141 3940 Gyan
1160 3871 1307 3928 confessus
1327 3877 1371 3930 est
1391 3873 1503 3931 nomine
1515 3891 1584 3934 suae

335 3950 431 4006 ιιιιιιι
449 3949 522 4004 filiae
542 3947 694 4004 Alexandri
721 3952 830 4007 comitis
854 3953 947 4010 dotem
971 3955 1096 4012 eiusdem
1120 3963 1149 4014 et
1170 3975 1214 4014 res
1243 3959 1431 4030 paralernales
1457 3961 1521 4034 ipsi,
1549 3980 1584 4022 ex

337 4041 416 4108 parte
435 4035 534 4108 prioris
552 4035 643 4090 mariti
662 4037 705 4092 eui
723 4037 836 4096 Ratoldi
855 4041 904 4096 tilii
923 4041 1055 4114 praedicti
1069 4043 1134 4100 bani
1146 4045 1268 4102 debitum
1287 4053 1316 4104 ιι
1331 4047 1442 4108 debitas
1443 4051 1585 4123 ,plenarie

335 4124 473 4195 recepisse
490 4121 589 4179 eodem
607 4123 681 4180 hano
700 4127 884 4198 persolvente.

336 4315 367 4371 F
387 4229 601 4374 Irlc3splgtiaNpep3
609 4228 711 4286 locam
734 4231 846 4288 Κιιιιιιι-
837 4234 1011 4308 -Hedercory
1028 4251 1063 4292 ec
1080 4237 1193 4294 orobioo
1211 4239 1418 4310 regeioblotio.
1437 4243 1476 4298 N.
1494 4243 1531 4302 1ι.
1549 4247 1585 4302 Δ.

364 4331 412 4372 oet

394 4469 535 4528 crovill.
554 4473 679 4532 (latiari
700 4481 778 4533 1266.
806 4482 830 4532 8.
854 4479 971 4548 Aprilis.
996 4481 1111 4538 Marcus
1134 4483 1284 4557 episcopus
1307 4488 1479 4546 Gatiarsnsis
1502 4489 1587 4560 sigui-

338 4557 411 4626 iicat,
430 4558 506 4628 quod
527 4559 634 4616 Paulus
651 4561 727 4622 filius
745 4563 852 4622 Boscue
870 4572 1006 4638 cognatus
1024 4570 1092 4640 eius,
1111 4573 1212 4629 nobilis
1236 4575 1305 4632 ciris
1329 4576 1501 4634 Oaltareusis
1522 4593 1587 4635 cnm

337 4643 475 4716 coniunge
499 4661 552 4702 sua
575 4647 681 4718 Debre,
706 4667 800 4708 semro
826 4653 959 4726 episcopi,
986 4673 1080 4714 coram
1107 4675 1142 4718 eo
1167 4662 1320 4732 constituti,
1339 4668 1587 4742 praesentaverunt
