3464 5382
353 403 415 464 160
849 421 869 461 ι.
892 406 1094 472 scammum,

403 585 537 640 DXLIV.
556 588 591 642 Ie
608 585 725 646 Waska,
745 590 770 640 3.
788 584 899 653 Aprilis
926 587 1003 638 1248.
1022 583 1090 639 Bela
1107 582 1159 638 IV.
1181 599 1230 638 rex
1247 581 1392 638 coufirmat
1408 581 1515 636 litteras
1533 578 1594 635 Ste-

351 673 437 744 phani
454 671 520 726 bani
537 672 624 727 totius
652 671 799 726 Siasouiae
827 669 953 741 ejusdem
980 671 1053 736 auni,
1080 670 1163 724 huius
1190 669 1305 724 tenone:
1334 664 1416 734 Quod
1434 681 1498 721 cum
1519 665 1594 720 Jaxa

351 759 425 813 filius
442 757 541 824 Jacob,
559 757 652 814 Joano
677 758 751 813 lilius
775 756 900 823 Ohalrao,
919 757 1032 824 Preusa,
1051 755 1190 811 Adrianus
1208 762 1237 810 et
1254 753 1403 826 Tyburtius
1424 753 1498 808 lilius
1516 751 1596 822 Tyba

351 861 413 900 com
431 843 563 898 fratribus
582 845 648 910 suis,
666 861 757 900 coram
776 843 824 898 lllo
843 843 984 898 constituti
1002 851 1103 910 essent,
1116 841 1182 898 dicti
1199 841 1281 908 Jaxa,
1294 840 1427 908 Joannes‚
1439 839 1593 910 Tyburtius

352 937 380 984 et
397 929 505 986 Preusa
529 936 557 984 et
580 929 720 984 Adrianus
746 945 781 985 ex
803 945 866 996 una,
892 929 1024 985 Nicolaus
1048 945 1113 984 vero
1140 935 1168 983 et
1191 927 1297 982 Abram
1320 927 1434 983 comites
1453 943 1487 982 ex
1508 927 1596 982 altera

351 1023 430 1088 perte
448 1016 580 1086 litigariut
597 1016 667 1071 inter
685 1033 715 1072 se
734 1032 784 1087 pro
802 1023 875 1074 terra
892 1017 991 1071 minori
1009 1015 1145 1082 Kemlulr;
1164 1016 1307 1087 primaque
1330 1029 1394 1086 pars
1407 1013 1594 1076 aliirmaverit,

354 1103 444 1174 ipsam
461 1108 562 1158 terram
582 1119 643 1158 csse
660 1103 786 1174 ipsorum
803 1103 1020 1166 haereditariam,
1049 1110 1077 1157 et
1093 1119 1111 1157 a
1128 1101 1244 1158 Nicolao
1263 1108 1291 1157 et
1316 1101 1420 1156 Abram
1445 1099 1595 1155 comitibus

352 1189 473 1246 indebite
492 1195 615 1262 emptam
632 1197 660 1246 et
684 1189 833 1256 detentam,
858 1189 1063 1261 praesentando
1080 1190 1185 1245 litteras
1207 1189 1301 1245 Ochus
1319 1187 1426 1244 comitis
1445 1185 1594 1250 crisiensis,

351 1277 401 1348 qui
418 1276 494 1332 illam
513 1278 552 1332 eis
570 1277 751 1344 adiudicavit5
769 1276 804 1332 ad
823 1276 898 1348 quod
922 1277 1036 1332 comites
1060 1275 1192 1332 Nicolaus
1211 1283 1238 1330 et
1256 1274 1360 1330 Abram
1377 1267 1596 1344 responderunt,

354 1363 429 1434 quod
448 1365 538 1436 ipsam
561 1370 664 1418 terram
688 1381 705 1418 a
722 1364 870 1420 comitibus
893 1363 1023 1435 Philippo
1041 1370 1069 1418 et
1086 1363 1198 1418 Detrioo
1217 1362 1348 1418 emissent
1372 1366 1399 1414 et
1417 1375 1511 1415 eoram
1530 1376 1595 1430 rege

353 1449 472 1521 pretium
490 1451 694 1521 persolvissent,
712 1451 822 1506 nemine
839 1450 1051 1517 contradicente,
1070 1449 1182 1504 tandem
1198 1455 1289 1520 partes
1310 1447 1345 1503 sd
1363 1448 1594 1518 compositionem

354 1537 499 1608 pacificam
522 1536 768 1593 condescenderint
789 1538 819 1591 in
841 1537 914 1591 hunc
938 1536 1066 1591 modum:
1096 1535 1178 1603 Quod
1196 1535 1276 1600 Jaxa,
1298 1533 1381 1600 Joan,
1398 1533 1551 1604 Tyburtius
1569 1541 1597 1589 et

353 1623 449 1678 tratres
468 1623 511 1678 sul
528 1623 634 1678 Preum
651 1629 680 1679 et
698 1621 837 1679 Adrianus
856 1629 1036 1678 memoratam
1052 1630 1154 1678 terram
1172 1621 1252 1677 dictis
1271 1620 1417 1676 comitibus
1435 1618 1556 1676 Nicolao
1569 1629 1597 1676 et

354 1709 459 1766 Abram
477 1710 631 1780 relinquere
649 1710 742 1778 velint,
760 1709 789 1764 in·
806 1715 899 1765 tamen
918 1715 980 1766 octo
998 1725 1106 1764 marcae
1126 1711 1165 1764 eis
1178 1709 1283 1764 solvere
1295 1707 1422 1762 debeant
1442 1707 1507 1774 Quo
1521 1707 1596 1763 lacto

354 1796 373 1851 J
375 1813 429 1852 axa
446 1802 475 1852 et
491 1796 590 1852 fratres
608 1797 713 1860 litteras
731 1798 815 1851 etiam
833 1797 927 1853 Ochus
945 1797 1053 1852 comitis
1071 1795 1151 1851 dictis
1163 1795 1310 1852 comitibus
1322 1793 1504 1849 tradiderunt.
1517 1795 1597 1850 Meta

356 1890 450 1938 autem
467 1891 556 1938 terrae
573 1883 670 1953 incipit
692 1889 766 1939 retro
787 1883 888 1939 domus
912 1883 1043 1939 chozlai
1067 1881 1230 1946 sacerdotis:
1255 1880 1318 1936 inde
1344 1880 1419 1936 uadit
1437 1897 1486 1951 per
1505 1883 1597 1936 varias

355 1975 444 2025 metas
461 1970 599 2036 arboreas,
618 1970 712 2038 silvas,
730 1985 817 2024 unum
835 1969 1026 2041 quadmrium,
1052 1972 1152 2026 siccum
1171 1969 1270 2024 vadem
1288 1977 1316 2022 et
1333 1975 1409 2024 tenet
1426 1968 1597 2024 viciatam

355 2073 419 2112 cum
436 2056 557 2127 Dascyla
579 2064 607 2112 et
630 2057 794 2127 cognatione
818 2057 893 2127 ejus;
917 2056 983 2112 inde
1007 2057 1095 2112 tendit
1113 2055 1147 2111 ad
1175 2056 1259 2112 finem
1276 2055 1389 2109 minoris
1407 2055 1539 2122 Kemlulr,
1560 2055 1595 2110 ad

355 2159 485 2214 maguam
504 2144 609 2211 eduam,
628 2143 663 2198 ad
682 2144 810 2200 verticem
829 2145 912 2199 unius
930 2143 1071 2200 monticuli
1089 2151 1117 2198 et
1128 2144 1157 2196 in
1170 2141 1310 2198 occidente
1328 2140 1363 2196 ed
1383 2147 1499 2212 puteum
1511 2141 1596 2198 Goba

356 2229 453 2285 vodice
472 2241 561 2300 usque
579 2230 614 2284 ad
631 2236 732 2285 terram
749 2231 877 2287 Tosmiri.

408 2333 457 2389 Ec
475 2335 633 2390 collectione
657 2335 765 2390 comitis
788 2335 916 2404 Keqleoic'
941 2335 973 2390 in
1000 2335 1112 2390 arctico
1136 2333 1308 2388 ucmdeaiae
1331 2333 1512 2388 scientiarum
1538 2333 1594 2388 Zo-

347 2421 479 2490 *predica

411 2559 529 2614 DXLV.
549 2560 585 2613 Ia
603 2561 720 2630 Waska,
739 2565 764 2614 4.
788 2560 899 2628 Aprilis
916 2564 994 2615 1248.
1019 2559 1086 2615 Bela
1103 2559 1155 2616 IV.
1173 2577 1222 2614 rex
1240 2559 1334 2614 scribit
1353 2559 1458 2614 civibus
1477 2561 1597 2614 civitatis

357 2647 543 2714 traguriensis,
570 2646 645 2716 quod
669 2664 732 2702 cum
751 2647 865 2717 dignum
889 2646 999 2702 duxerit
1016 2648 1056 2702 eis
1074 2649 1224 2717 gratiarum
1246 2646 1401 2701 actionibus
1418 2653 1446 2701 et
1464 2647 1596 2718 operibus

358 2749 511 2798 occursare,
530 2733 687 2788 tansmitat
703 2734 901 2805 praedilectum
919 2751 1001 2789 suum
1020 2735 1193 2805 Stephanum
1215 2734 1318 2788 banum
1335 2733 1420 2787 totius
1439 2733 1596 2800 Bistoniae,

358 2836 442 2890 quem
461 2820 585 2890 profecto
603 2821 692 2875 virum
710 2821 861 2876 secundum
885 2839 932 2876 cor
951 2838 1033 2890 suum
1050 2822 1160 2888 invenit,
1182 2820 1217 2876 ad
1236 2827 1329 2896 partes
1346 2821 1505 2884 maritimas,
1525 2821 1596 2876 daus

358 2906 383 2960 ei
402 2905 512 2975 plenam
530 2907 722 2962 auctoritatem
740 2907 933 2962 reaedificandi
951 2915 979 2963 et
997 2907 1139 2979 plantandi
1157 2908 1290 2964 honestos
1308 2914 1335 2962 et
1353 2907 1455 2978 probos
1467 2923 1501 2962 ac
1512 2909 1597 2962 etism

358 2993 492 3064 reprobor
511 2992 679 3060 destmendi,
697 2995 751 3062 cui,
769 2999 912 3064 tamquam
929 2997 995 3065 regi,
1014 2997 1041 3049 in
1061 2995 1189 3050 omuibus
1202 2999 1324 3066 pareant.
1338 2994 1466 3049 Insinuat
1477 2995 1517 3048 eis
1530 3009 1598 3055 una,

358 3079 524 3152 quodcirca
547 3086 639 3150 partes
662 3081 773 3136 confinii
798 3098 904 3136 moram
931 3083 1037 3136 trahere
1061 3081 1132 3148 velit,
1158 3087 1185 3136 et
1208 3081 1351 3152 Stephano
1371 3081 1453 3147 bauo,
1472 3081 1521 3150 qui
1540 3082 1596 3136 iam

359 3183 433 3222 nune
452 3172 494 3221 est
512 3167 551 3222 eis
569 3168 719 3238 proximus,
739 3167 907 3239 expediverit
925 3170 950 3222 ei
969 3174 1097 3239 pergrata
1116 3167 1239 3222 subsidia
1258 3167 1394 3222 exhibere.

412 3274 527 3326 Ludus:
548 3272 592 3326 De
609 3288 691 3340 repeto
710 3273 801 3328 Dalm.
820 3278 846 3326 et
867 3272 960 3328 Grcat.
979 3273 1038 3327 sio.
1059 3276 1077 3326 Ι
1079 3272 1109 3325 V.
1128 3289 1149 3327 c.
1169 3273 1222 3330 IX.

412 3427 546 3483 DXLVI.
570 3430 687 3492 Jadrae,
713 3435 736 3482 8.
761 3429 870 3498 Aprilis
894 3435 971 3484 1248.
994 3431 1160 3486 Laurentius
1181 3429 1319 3500 jadrensis
1341 3429 1472 3484 ecclesiae
1490 3429 1595 3484 electus

361 3516 493 3582 notificat,
511 3513 587 3585 quod
614 3532 678 3570 cum
704 3516 802 3572 fratres
828 3516 886 3572 ord.
913 3517 1132 3588 praedicatorum
1151 3516 1334 3587 jamdudum
1352 3515 1597 3586 perDominicum

361 3603 509 3672 Francum,
534 3602 778 3672 praedecessorum
802 3605 870 3674 ejus,
887 3603 1019 3658 Jaderam
1040 3604 1175 3670 advocati,
1200 3611 1311 3674 propter
1330 3602 1454 3658 diversos
1473 3609 1598 3670 eventus,

359 3690 451 3745 locum
469 3695 665 3760 congruentem
683 3691 817 3746 hactenus
835 3709 891 3746 non
904 3692 1020 3745 fuissent
1032 3693 1159 3757 assecuti,
1177 3691 1278 3746 idcirco
1296 3691 1420 3746 Jacobus
1433 3689 1597 3759 Theupulus

360 3776 417 3831 dux
435 3776 615 3831 Venetiamm
634 3784 662 3831 et
679 3777 711 3830 L.
731 3777 863 3844 quimnus
881 3778 1031 3832 Gradensis
1050 3778 1153 3834 electus
1170 3785 1198 3832 et
1216 3778 1371 3831 Dalmatiae
1389 3777 1492 3848 primas
1513 3778 1598 3846 petie·

359 3864 414 3918 rint
431 3869 459 3918 et
477 3863 641 3930 mandarint,
660 3869 691 3918 ut
709 3864 812 3919 eisdem
830 3865 960 3920 fratribus
978 3867 1006 3919 in
1024 3866 1085 3921 loco
1104 3865 1272 3935 competenti
1288 3864 1360 3918 inira
1372 3879 1467 3918 muros
1478 3863 1598 3918 civitatis

361 3950 505 4022 providere
523 3949 631 4016 debeat,
649 3967 735 4021 quare
753 3953 867 4006 consilio
891 3954 935 4006 sui
952 3953 1065 4022 capituli
1083 3952 1242 4026 eieceritis,
1261 3951 1480 4006 consiliariorum
1497 3949 1597 4004 lunda·

361 4044 451 4093 torum
470 4044 498 4092 et
515 4038 632 4092 aliorum
649 4039 750 4094 aidum
773 4040 916 4094 ecclesiam
935 4039 963 4095 S.
981 4041 1113 4105 Platonis,
1136 4041 1165 4094 in
1183 4055 1238 4108 qua
1256 4054 1362 4109 paucae
1380 4037 1514 4092 moniales
1532 4039 1598 4090 resi-

361 4115 471 4186 debant,
490 4125 558 4194 ipsis
576 4132 676 4195 sponte
699 4125 867 4192 cedentibus,
886 4132 914 4182 et
937 4126 1001 4180 alibi
1019 4126 1170 4191 collocatis,
1191 4125 1338 4196 praedictis
1356 4124 1486 4178 fratribus
1504 4123 1598 4179 confe-

362 4219 418 4277 rat;
436 4213 607 4266 renunciasti
634 4218 728 4268 autem
752 4215 825 4268 omni
847 4214 911 4283 juri,
936 4215 1043 4268 solvent
1060 4214 1085 4268 ei
1102 4212 1186 4267 iidem
1203 4213 1301 4266 fratres
1328 4212 1443 4280 singulis
1471 4213 1551 4266 annis
1569 4213 1598 4265 in

356 4298 433 4354 ¹festo
460 4316 482 4354 s.
509 4299 673 4353 Anastasiae
701 4299 823 4369 quicque
849 4300 933 4353 libras
960 4300 1072 4364 incensi,
1096 4306 1127 4354 et
1154 4299 1224 4354 duos
1242 4315 1335 4354 cereos
1358 4297 1439 4352 unius
1458 4297 1552 4364 librae,
1571 4305 1599 4353 et

354 4384 433 4438 ,duas
450 4386 622 4455 angasteriae
641 4387 696 4439 viui
715 4387 785 4454 puri.
803 4387 911 4441 Testes:
936 4386 1110 4440 Jusenianus
1128 4403 1220 4442 comes
1237 4385 1348 4454 Jadrae,
1366 4385 1510 4441 lohannes
1528 4384 1598 4440 Gra·

362 4471 459 4534 deuico
478 4479 505 4528 et
528 4473 675 4528 Mathaeus
700 4473 849 4527 Ceruarius
873 4473 1027 4540 consiliarii,
1047 4473 1172 4528 Marinus
1196 4474 1291 4530 Bonus
1309 4474 1387 4529 miles
1405 4471 1470 4528 dicti
1488 4474 1598 4528 comitis

363 4563 391 4611 et
408 4549 461 4613 alii.
479 4561 578 4615 Petrus
596 4559 792 4615 Scaadalarius
806 4561 948 4631 presbyter
961 4559 989 4615 S.
1005 4561 1189 4630 appollinaris
1201 4560 1220 4614 J
1221 4559 1320 4634 ederae
1332 4561 1466 4627 notarius,
1479 4560 1598 4630 scripsit.

416 4664 544 4718 Farloti:
562 4665 643 4735 illyr.
661 4681 731 4720 socr.
753 4667 780 4719 T.
804 4663 834 4732 V,
850 4682 879 4734 p.
901 4669 964 4718 608.
