<?xml version="1.0" encoding="UTF-8"?>
<!DOCTYPE html PUBLIC "-//W3C//DTD XHTML 1.0 Transitional//EN"
    "http://www.w3.org/TR/xhtml1/DTD/xhtml1-transitional.dtd">
<html xmlns="http://www.w3.org/1999/xhtml" xml:lang="en" lang="en">
 <head>
  <title>
</title>
<meta http-equiv="Content-Type" content="text/html;charset=utf-8" />
  <meta name='ocr-system' content='tesseract 3.04.00' />
  <meta name='ocr-capabilities' content='ocr_page ocr_carea ocr_par ocr_line ocrx_word'/>
</head>
<body>
  <div class='ocr_page' id='page_1' title='image "./regestadocument00sakcgoog_0238.png"; bbox 0 0 3488 5380; ppageno 0'>
   <div class='ocr_carea' id='block_1_1' title="bbox 361 401 1100 488">
    <p class='ocr_par' dir='ltr' id='par_1_1' title="bbox 361 401 1100 488">
     <span class='ocr_line' id='line_1_1' title="bbox 361 401 1100 488; baseline 0.001 -23"><span class='ocrx_word' id='word_1_1' title='bbox 361 401 425 466; x_wconf 76' lang='grc'><strong>232</strong></span> <span class='ocrx_word' id='word_1_2' title='bbox 863 428 882 466; x_wconf 92' lang='lat' dir='ltr'><strong>r.</strong></span> <span class='ocrx_word' id='word_1_3' title='bbox 904 417 1100 488; x_wconf 64' lang='lat' dir='ltr'><strong>normanno,</strong></span> 
     </span>
    </p>
   </div>
   <div class='ocr_carea' id='block_1_2' title="bbox 300 589 1608 4783">
    <p class='ocr_par' dir='ltr' id='par_1_2' title="bbox 300 589 1608 4783">
     <span class='ocr_line' id='line_1_2' title="bbox 411 589 1606 666; baseline 0.006 -23"><span class='ocrx_word' id='word_1_4' title='bbox 411 589 624 648; x_wconf 81' lang='lat' dir='ltr'>DOGLXXIV.</span> <span class='ocrx_word' id='word_1_5' title='bbox 637 591 762 648; x_wconf 85' lang='lat' dir='ltr'><strong>Ssvrini.</strong></span> <span class='ocrx_word' id='word_1_6' title='bbox 772 591 836 648; x_wconf 79' lang='lat' dir='ltr'><strong>Kal.</strong></span> <span class='ocrx_word' id='word_1_7' title='bbox 850 594 928 646; x_wconf 84' lang='lat'><em>1259.</em></span> <span class='ocrx_word' id='word_1_8' title='bbox 942 593 965 646; x_wconf 86' lang='lat'><strong>1.</strong></span> <span class='ocrx_word' id='word_1_9' title='bbox 978 591 1060 647; x_wconf 77' lang='lat' dir='ltr'><strong>dolii.</strong></span> <span class='ocrx_word' id='word_1_10' title='bbox 1074 591 1140 648; x_wconf 85' lang='lat' dir='ltr'><strong>Bela</strong></span> <span class='ocrx_word' id='word_1_11' title='bbox 1153 592 1204 648; x_wconf 89' lang='lat' dir='ltr'><strong>IV.</strong></span> <span class='ocrx_word' id='word_1_12' title='bbox 1218 609 1266 648; x_wconf 85' lang='lat' dir='ltr'><strong>rex</strong></span> <span class='ocrx_word' id='word_1_13' title='bbox 1279 594 1384 648; x_wconf 88' lang='lat' dir='ltr'><strong>vellens</strong></span> <span class='ocrx_word' id='word_1_14' title='bbox 1397 595 1606 666; x_wconf 84' lang='lat' dir='ltr'><strong>possessionem</strong></span> 
     </span>
     <span class='ocr_line' id='line_1_3' title="bbox 300 677 1607 752; baseline 0.003 -18"><span class='ocrx_word' id='word_1_15' title='bbox 300 679 305 690; x_wconf 93' lang='lat'>&#39;</span> <span class='ocrx_word' id='word_1_16' title='bbox 361 677 515 734; x_wconf 80' lang='lat' dir='ltr'><strong>Senolovna</strong></span> <span class='ocrx_word' id='word_1_17' title='bbox 528 695 613 748; x_wconf 88' lang='lat' dir='ltr'><strong>quom</strong></span> <span class='ocrx_word' id='word_1_18' title='bbox 631 696 649 734; x_wconf 84' lang='lat' dir='ltr'><strong>a</strong></span> <span class='ocrx_word' id='word_1_19' title='bbox 667 684 758 735; x_wconf 88' lang='lat' dir='ltr'><strong>castro</strong></span> <span class='ocrx_word' id='word_1_20' title='bbox 771 677 941 734; x_wconf 81' lang='lat' dir='ltr'><strong>Szaladiensi</strong></span> <span class='ocrx_word' id='word_1_21' title='bbox 955 677 1096 748; x_wconf 85' lang='lat' dir='ltr'><strong>quondam</strong></span> <span class='ocrx_word' id='word_1_22' title='bbox 1112 685 1271 752; x_wconf 89' lang='lat' dir='ltr'><strong>exemptam</strong></span> <span class='ocrx_word' id='word_1_23' title='bbox 1290 687 1368 752; x_wconf 89' lang='lat' dir='ltr'><strong>pater</strong></span> <span class='ocrx_word' id='word_1_24' title='bbox 1386 681 1447 751; x_wconf 86' lang='lat' dir='ltr'><strong>ejus</strong></span> <span class='ocrx_word' id='word_1_25' title='bbox 1465 681 1607 739; x_wconf 83' lang='lat' dir='ltr'><strong>Inachiac</strong></span> 
     </span>
     <span class='ocr_line' id='line_1_4' title="bbox 359 765 1608 840; baseline 0.002 -18"><span class='ocrx_word' id='word_1_26' title='bbox 359 767 452 822; x_wconf 91' lang='lat' dir='ltr'><strong>comiti</strong></span> <span class='ocrx_word' id='word_1_27' title='bbox 469 765 634 822; x_wconf 84' lang='lat' dir='ltr'><strong>Scibiniensi</strong></span> <span class='ocrx_word' id='word_1_28' title='bbox 654 766 744 822; x_wconf 89' lang='lat' dir='ltr'><strong>bonae</strong></span> <span class='ocrx_word' id='word_1_29' title='bbox 756 767 904 822; x_wconf 80' lang='lat' dir='ltr'><strong>memoriae</strong></span> <span class='ocrx_word' id='word_1_30' title='bbox 917 766 973 821; x_wconf 88' lang='lat' dir='ltr'><strong>illio</strong></span> <span class='ocrx_word' id='word_1_31' title='bbox 985 767 1094 823; x_wconf 89' lang='lat' dir='ltr'><strong>comitis</strong></span> <span class='ocrx_word' id='word_1_32' title='bbox 1108 767 1198 824; x_wconf 87' lang='lat' dir='ltr'><strong>Beche</strong></span> <span class='ocrx_word' id='word_1_33' title='bbox 1213 784 1262 840; x_wconf 93' lang='lat' dir='ltr'><strong>pro</strong></span> <span class='ocrx_word' id='word_1_34' title='bbox 1275 769 1475 839; x_wconf 70' lang='lat' dir='ltr'><strong>multiplicibus</strong></span> <span class='ocrx_word' id='word_1_35' title='bbox 1488 770 1608 825; x_wconf 88' lang='lat' dir='ltr'><strong>servitiis</strong></span> 
     </span>
     <span class='ocr_line' id='line_1_5' title="bbox 360 853 1607 926; baseline 0.002 -17"><span class='ocrx_word' id='word_1_36' title='bbox 360 853 521 922; x_wconf 87' lang='lat' dir='ltr'><strong>donaverat,</strong></span> <span class='ocrx_word' id='word_1_37' title='bbox 549 855 613 909; x_wconf 86' lang='lat' dir='ltr'><strong>liliis</strong></span> <span class='ocrx_word' id='word_1_38' title='bbox 641 855 701 910; x_wconf 88' lang='lat' dir='ltr'><strong>eius</strong></span> <span class='ocrx_word' id='word_1_39' title='bbox 726 859 753 910; x_wconf 89' lang='lat' dir='ltr'><strong>et</strong></span> <span class='ocrx_word' id='word_1_40' title='bbox 776 853 943 909; x_wconf 78' lang='lat' dir='ltr'><strong>haeredibus</strong></span> <span class='ocrx_word' id='word_1_41' title='bbox 967 871 1139 920; x_wconf 86' lang='lat' dir='ltr'><strong>conservare,</strong></span> <span class='ocrx_word' id='word_1_42' title='bbox 1162 861 1361 911; x_wconf 75' lang='lat' dir='ltr'>commemorat</span> <span class='ocrx_word' id='word_1_43' title='bbox 1384 857 1521 926; x_wconf 84' lang='lat' dir='ltr'><strong>quaedam</strong></span> <span class='ocrx_word' id='word_1_44' title='bbox 1545 857 1607 912; x_wconf 88' lang='lat' dir='ltr'><strong>eius</strong></span> 
     </span>
     <span class='ocr_line' id='line_1_6' title="bbox 360 941 1607 1016; baseline 0.003 -20"><span class='ocrx_word' id='word_1_45' title='bbox 360 943 480 1010; x_wconf 83' lang='lat' dir='ltr'><strong>servitia,</strong></span> <span class='ocrx_word' id='word_1_46' title='bbox 499 943 570 997; x_wconf 85' lang='lat' dir='ltr'><strong>inter</strong></span> <span class='ocrx_word' id='word_1_47' title='bbox 589 947 708 1012; x_wconf 84' lang='lat' dir='ltr'><strong>caetera,</strong></span> <span class='ocrx_word' id='word_1_48' title='bbox 726 941 802 1012; x_wconf 91' lang='lat' dir='ltr'><strong>quod</strong></span> <span class='ocrx_word' id='word_1_49' title='bbox 820 957 884 996; x_wconf 88' lang='lat' dir='ltr'><strong>cum</strong></span> <span class='ocrx_word' id='word_1_50' title='bbox 904 944 1029 996; x_wconf 81' lang='lat' dir='ltr'><strong>Assenus</strong></span> <span class='ocrx_word' id='word_1_51' title='bbox 1051 942 1140 996; x_wconf 88' lang='lat' dir='ltr'><strong>Burul</strong></span> <span class='ocrx_word' id='word_1_52' title='bbox 1164 943 1314 1014; x_wconf 87' lang='lat' dir='ltr'><strong>imperator</strong></span> <span class='ocrx_word' id='word_1_53' title='bbox 1337 943 1479 1014; x_wconf 90' lang='lat' dir='ltr'><strong>quondam</strong></span> <span class='ocrx_word' id='word_1_54' title='bbox 1502 945 1607 1016; x_wconf 84' lang='lat' dir='ltr'><strong>Balga-</strong></span> 
     </span>
     <span class='ocr_line' id='line_1_7' title="bbox 361 1029 1607 1101; baseline 0.003 -17"><span class='ocrx_word' id='word_1_55' title='bbox 361 1047 456 1085; x_wconf 90' lang='lat' dir='ltr'><strong>rorum</strong></span> <span class='ocrx_word' id='word_1_56' title='bbox 474 1031 609 1084; x_wconf 88' lang='lat' dir='ltr'><strong>auxilium</strong></span> <span class='ocrx_word' id='word_1_57' title='bbox 630 1048 648 1085; x_wconf 91' lang='lat' dir='ltr'><strong>a</strong></span> <span class='ocrx_word' id='word_1_58' title='bbox 666 1035 744 1101; x_wconf 89' lang='lat' dir='ltr'><strong>patre</strong></span> <span class='ocrx_word' id='word_1_59' title='bbox 762 1031 835 1100; x_wconf 76' lang='lat' dir='ltr'><strong>regis</strong></span> <span class='ocrx_word' id='word_1_60' title='bbox 858 1035 954 1084; x_wconf 90' lang='lat' dir='ltr'><strong>contra</strong></span> <span class='ocrx_word' id='word_1_61' title='bbox 978 1029 1103 1085; x_wconf 88' lang='lat' dir='ltr'><strong>infideles</strong></span> <span class='ocrx_word' id='word_1_62' title='bbox 1128 1047 1195 1086; x_wconf 89' lang='lat' dir='ltr'><strong>suos</strong></span> <span class='ocrx_word' id='word_1_63' title='bbox 1218 1030 1253 1086; x_wconf 88' lang='lat' dir='ltr'><strong>dc</strong></span> <span class='ocrx_word' id='word_1_64' title='bbox 1276 1029 1386 1087; x_wconf 90' lang='lat' dir='ltr'><strong>Budino</strong></span> <span class='ocrx_word' id='word_1_65' title='bbox 1409 1048 1444 1086; x_wconf 85' lang='lat' dir='ltr'><strong>ex</strong></span> <span class='ocrx_word' id='word_1_66' title='bbox 1468 1034 1607 1088; x_wconf 86' lang='lat' dir='ltr'><strong>amicitiae</strong></span> 
     </span>
     <span class='ocr_line' id='line_1_8' title="bbox 359 1117 1606 1190; baseline 0.002 -18"><span class='ocrx_word' id='word_1_67' title='bbox 359 1117 462 1174; x_wconf 87' lang='lat' dir='ltr'><strong>fidncia</strong></span> <span class='ocrx_word' id='word_1_68' title='bbox 480 1118 665 1190; x_wconf 73' lang='lat' dir='ltr'><strong>implorasset,</strong></span> <span class='ocrx_word' id='word_1_69' title='bbox 693 1134 742 1172; x_wconf 81' lang='lat' dir='ltr'><strong>rex</strong></span> <span class='ocrx_word' id='word_1_70' title='bbox 769 1119 829 1188; x_wconf 88' lang='lat' dir='ltr'><strong>ipse</strong></span> <span class='ocrx_word' id='word_1_71' title='bbox 856 1117 1026 1172; x_wconf 81' lang='lat' dir='ltr'><strong>Inachinum</strong></span> <span class='ocrx_word' id='word_1_72' title='bbox 1053 1118 1198 1173; x_wconf 88' lang='lat' dir='ltr'><strong>associatis</strong></span> <span class='ocrx_word' id='word_1_73' title='bbox 1226 1117 1278 1174; x_wconf 85' lang='lat' dir='ltr'><strong>sibi</strong></span> <span class='ocrx_word' id='word_1_74' title='bbox 1306 1118 1475 1190; x_wconf 80' lang='lat' dir='ltr'><strong>Saxouibus,</strong></span> <span class='ocrx_word' id='word_1_75' title='bbox 1502 1119 1606 1187; x_wconf 85' lang='lat' dir='ltr'><strong>Olacis,</strong></span> 
     </span>
     <span class='ocr_line' id='line_1_9' title="bbox 360 1203 1607 1278; baseline 0.002 -17"><span class='ocrx_word' id='word_1_76' title='bbox 360 1205 462 1261; x_wconf 79' lang='lat' dir='ltr'><strong>Siculis</strong></span> <span class='ocrx_word' id='word_1_77' title='bbox 481 1211 509 1259; x_wconf 91' lang='lat' dir='ltr'><strong>ct</strong></span> <span class='ocrx_word' id='word_1_78' title='bbox 526 1206 649 1260; x_wconf 89' lang='lat' dir='ltr'><strong>Bissenis</strong></span> <span class='ocrx_word' id='word_1_79' title='bbox 667 1206 695 1259; x_wconf 90' lang='lat' dir='ltr'><strong>in</strong></span> <span class='ocrx_word' id='word_1_80' title='bbox 715 1203 869 1260; x_wconf 87' lang='lat' dir='ltr'><strong>subsidium</strong></span> <span class='ocrx_word' id='word_1_81' title='bbox 894 1206 1069 1270; x_wconf 73' lang='lat' dir='ltr'><strong>transmissit,</strong></span> <span class='ocrx_word' id='word_1_82' title='bbox 1095 1207 1141 1276; x_wconf 90' lang='lat' dir='ltr'><strong>qui</strong></span> <span class='ocrx_word' id='word_1_83' title='bbox 1169 1221 1233 1261; x_wconf 90' lang='lat' dir='ltr'><strong>cum</strong></span> <span class='ocrx_word' id='word_1_84' title='bbox 1261 1223 1346 1278; x_wconf 88' lang='lat' dir='ltr'><strong>supra</strong></span> <span class='ocrx_word' id='word_1_85' title='bbox 1372 1206 1487 1262; x_wconf 88' lang='lat' dir='ltr'><strong>fluvium</strong></span> <span class='ocrx_word' id='word_1_86' title='bbox 1514 1207 1607 1266; x_wconf 81' lang='lat' dir='ltr'><strong>Obont</strong></span> 
     </span>
     <span class='ocr_line' id='line_1_10' title="bbox 359 1292 1605 1366; baseline 0.003 -19"><span class='ocrx_word' id='word_1_87' title='bbox 359 1294 530 1364; x_wconf 89' lang='lat' dir='ltr'><strong>pervenisset</strong></span> <span class='ocrx_word' id='word_1_88' title='bbox 548 1299 604 1348; x_wconf 88' lang='lat' dir='ltr'><strong>tres</strong></span> <span class='ocrx_word' id='word_1_89' title='bbox 622 1292 708 1348; x_wconf 89' lang='lat' dir='ltr'><strong>duces</strong></span> <span class='ocrx_word' id='word_1_90' title='bbox 725 1292 761 1348; x_wconf 88' lang='lat' dir='ltr'><strong>de</strong></span> <span class='ocrx_word' id='word_1_91' title='bbox 780 1293 918 1348; x_wconf 80' lang='lat' dir='ltr'><strong>Cumanis</strong></span> <span class='ocrx_word' id='word_1_92' title='bbox 935 1293 1004 1364; x_wconf 85' lang='lat' dir='ltr'><strong>ipsis</strong></span> <span class='ocrx_word' id='word_1_93' title='bbox 1022 1299 1206 1364; x_wconf 87' lang='lat' dir='ltr'><strong>occurrentes,</strong></span> <span class='ocrx_word' id='word_1_94' title='bbox 1225 1310 1289 1350; x_wconf 91' lang='lat' dir='ltr'><strong>cum</strong></span> <span class='ocrx_word' id='word_1_95' title='bbox 1307 1296 1346 1350; x_wconf 90' lang='lat' dir='ltr'><strong>eis</strong></span> <span class='ocrx_word' id='word_1_96' title='bbox 1366 1296 1499 1366; x_wconf 90' lang='lat' dir='ltr'><strong>praelium</strong></span> <span class='ocrx_word' id='word_1_97' title='bbox 1529 1313 1605 1351; x_wconf 91' lang='lat' dir='ltr'><strong>com-</strong></span> 
     </span>
     <span class='ocr_line' id='line_1_11' title="bbox 360 1379 1605 1450; baseline 0.002 -15"><span class='ocrx_word' id='word_1_98' title='bbox 360 1381 505 1448; x_wconf 89' lang='lat' dir='ltr'><strong>miserunt,</strong></span> <span class='ocrx_word' id='word_1_99' title='bbox 524 1396 643 1450; x_wconf 90' lang='lat' dir='ltr'><strong>qaorum</strong></span> <span class='ocrx_word' id='word_1_100' title='bbox 662 1379 773 1436; x_wconf 91' lang='lat' dir='ltr'><strong>duobus</strong></span> <span class='ocrx_word' id='word_1_101' title='bbox 801 1381 908 1448; x_wconf 88' lang='lat' dir='ltr'><strong>occisis,</strong></span> <span class='ocrx_word' id='word_1_102' title='bbox 932 1381 1043 1435; x_wconf 87' lang='lat' dir='ltr'><strong>tertium</strong></span> <span class='ocrx_word' id='word_1_103' title='bbox 1071 1382 1183 1436; x_wconf 85' lang='lat' dir='ltr'><strong>nornine</strong></span> <span class='ocrx_word' id='word_1_104' title='bbox 1210 1381 1302 1436; x_wconf 82' lang='lat' dir='ltr'><strong>Karaz</strong></span> <span class='ocrx_word' id='word_1_105' title='bbox 1328 1399 1422 1438; x_wconf 91' lang='lat' dir='ltr'><strong>comes</strong></span> <span class='ocrx_word' id='word_1_106' title='bbox 1448 1383 1605 1438; x_wconf 87' lang='lat' dir='ltr'><strong>Ivvacbinus</strong></span> 
     </span>
     <span class='ocr_line' id='line_1_12' title="bbox 362 1467 1605 1542; baseline 0.002 -20"><span class='ocrx_word' id='word_1_107' title='bbox 362 1470 483 1524; x_wconf 85' lang='lat' dir='ltr'><strong>vinctum</strong></span> <span class='ocrx_word' id='word_1_108' title='bbox 502 1469 653 1524; x_wconf 76' lang='lat' dir='ltr'><strong>transmisit</strong></span> <span class='ocrx_word' id='word_1_109' title='bbox 671 1467 706 1522; x_wconf 87' lang='lat' dir='ltr'><strong>ad</strong></span> <span class='ocrx_word' id='word_1_110' title='bbox 725 1484 828 1540; x_wconf 83' lang='lat' dir='ltr'><strong>regem.</strong></span> <span class='ocrx_word' id='word_1_111' title='bbox 853 1469 1019 1523; x_wconf 87' lang='lat' dir='ltr'><strong>Perveniens</strong></span> <span class='ocrx_word' id='word_1_112' title='bbox 1038 1467 1073 1522; x_wconf 91' lang='lat' dir='ltr'><strong>ad</strong></span> <span class='ocrx_word' id='word_1_113' title='bbox 1093 1473 1214 1522; x_wconf 85' lang='lat' dir='ltr'><strong>castrum</strong></span> <span class='ocrx_word' id='word_1_114' title='bbox 1232 1468 1324 1524; x_wconf 89' lang='lat' dir='ltr'><strong>Budin</strong></span> <span class='ocrx_word' id='word_1_115' title='bbox 1343 1470 1416 1524; x_wconf 87' lang='lat' dir='ltr'><strong>duas</strong></span> <span class='ocrx_word' id='word_1_116' title='bbox 1434 1475 1527 1542; x_wconf 84' lang='lat' dir='ltr'><strong>portas</strong></span> <span class='ocrx_word' id='word_1_117' title='bbox 1540 1471 1605 1526; x_wconf 91' lang='lat' dir='ltr'><strong>civi·</strong></span> 
     </span>
     <span class='ocr_line' id='line_1_13' title="bbox 358 1554 1605 1627; baseline 0.002 -16"><span class='ocrx_word' id='word_1_118' title='bbox 358 1557 423 1612; x_wconf 84' lang='lat' dir='ltr'><strong>tatis</strong></span> <span class='ocrx_word' id='word_1_119' title='bbox 440 1558 505 1626; x_wconf 80' lang='lat' dir='ltr'><strong>igne</strong></span> <span class='ocrx_word' id='word_1_120' title='bbox 523 1555 706 1612; x_wconf 79' lang='lat' dir='ltr'><strong>combusserit</strong></span> <span class='ocrx_word' id='word_1_121' title='bbox 725 1562 753 1611; x_wconf 92' lang='lat' dir='ltr'><strong>et</strong></span> <span class='ocrx_word' id='word_1_122' title='bbox 771 1555 919 1626; x_wconf 80' lang='lat' dir='ltr'><strong>postferte</strong></span> <span class='ocrx_word' id='word_1_123' title='bbox 936 1555 1070 1626; x_wconf 84' lang='lat' dir='ltr'><strong>praelium</strong></span> <span class='ocrx_word' id='word_1_124' title='bbox 1086 1554 1297 1622; x_wconf 90' lang='lat' dir='ltr'><strong>ibioomissnm,</strong></span> <span class='ocrx_word' id='word_1_125' title='bbox 1315 1557 1379 1612; x_wconf 88' lang='lat' dir='ltr'><strong>licet</strong></span> <span class='ocrx_word' id='word_1_126' title='bbox 1397 1573 1470 1627; x_wconf 87' lang='lat' dir='ltr'><strong>equo</strong></span> <span class='ocrx_word' id='word_1_127' title='bbox 1488 1573 1540 1614; x_wconf 90' lang='lat' dir='ltr'><strong>suo</strong></span> <span class='ocrx_word' id='word_1_128' title='bbox 1559 1575 1605 1614; x_wconf 91' lang='lat' dir='ltr'><strong>oc·</strong></span> 
     </span>
     <span class='ocr_line' id='line_1_14' title="bbox 358 1641 1604 1716; baseline 0.002 -17"><span class='ocrx_word' id='word_1_129' title='bbox 358 1645 425 1713; x_wconf 90' lang='lat' dir='ltr'><strong>ciso,</strong></span> <span class='ocrx_word' id='word_1_130' title='bbox 443 1644 504 1715; x_wconf 90' lang='lat' dir='ltr'><strong>ipse</strong></span> <span class='ocrx_word' id='word_1_131' title='bbox 523 1643 645 1714; x_wconf 87' lang='lat' dir='ltr'><strong>acceptis</strong></span> <span class='ocrx_word' id='word_1_132' title='bbox 664 1642 810 1698; x_wconf 89' lang='lat' dir='ltr'><strong>laetalibus</strong></span> <span class='ocrx_word' id='word_1_133' title='bbox 832 1643 922 1713; x_wconf 82' lang='lat' dir='ltr'><strong>plagis</strong></span> <span class='ocrx_word' id='word_1_134' title='bbox 940 1643 986 1696; x_wconf 88' lang='lat' dir='ltr'><strong>vix</strong></span> <span class='ocrx_word' id='word_1_135' title='bbox 1010 1641 1089 1696; x_wconf 89' lang='lat' dir='ltr'><strong>vivas</strong></span> <span class='ocrx_word' id='word_1_136' title='bbox 1107 1643 1277 1698; x_wconf 84' lang='lat' dir='ltr'><strong>remanserit.</strong></span> <span class='ocrx_word' id='word_1_137' title='bbox 1296 1643 1401 1700; x_wconf 86' lang='lat' dir='ltr'><strong>Tamen</strong></span> <span class='ocrx_word' id='word_1_138' title='bbox 1420 1651 1540 1716; x_wconf 89' lang='lat' dir='ltr'><strong>quatuor</strong></span> <span class='ocrx_word' id='word_1_139' title='bbox 1558 1662 1604 1702; x_wconf 91' lang='lat' dir='ltr'><strong>co·</strong></span> 
     </span>
     <span class='ocr_line' id='line_1_15' title="bbox 360 1729 1603 1802; baseline 0 -15"><span class='ocrx_word' id='word_1_140' title='bbox 360 1733 453 1802; x_wconf 77' lang='lat' dir='ltr'><strong>gnatis</strong></span> <span class='ocrx_word' id='word_1_141' title='bbox 471 1737 499 1786; x_wconf 90' lang='lat' dir='ltr'><strong>et</strong></span> <span class='ocrx_word' id='word_1_142' title='bbox 516 1731 577 1786; x_wconf 87' lang='lat' dir='ltr'><strong>aliis</strong></span> <span class='ocrx_word' id='word_1_143' title='bbox 595 1730 730 1785; x_wconf 91' lang='lat' dir='ltr'><strong>militibus</strong></span> <span class='ocrx_word' id='word_1_144' title='bbox 749 1746 798 1800; x_wconf 88' lang='lat' dir='ltr'><strong>per</strong></span> <span class='ocrx_word' id='word_1_145' title='bbox 816 1729 953 1799; x_wconf 83' lang='lat' dir='ltr'><strong>Bulgsros</strong></span> <span class='ocrx_word' id='word_1_146' title='bbox 975 1729 1073 1785; x_wconf 85' lang='lat' dir='ltr'><strong>occisis</strong></span> <span class='ocrx_word' id='word_1_147' title='bbox 1092 1734 1214 1785; x_wconf 86' lang='lat' dir='ltr'><strong>castrum</strong></span> <span class='ocrx_word' id='word_1_148' title='bbox 1232 1730 1324 1784; x_wconf 89' lang='lat' dir='ltr'><strong>Budin</strong></span> <span class='ocrx_word' id='word_1_149' title='bbox 1342 1730 1378 1786; x_wconf 89' lang='lat' dir='ltr'><strong>ad</strong></span> <span class='ocrx_word' id='word_1_150' title='bbox 1396 1748 1496 1787; x_wconf 90' lang='lat' dir='ltr'><strong>manus</strong></span> <span class='ocrx_word' id='word_1_151' title='bbox 1515 1731 1603 1789; x_wconf 89' lang='lat' dir='ltr'><strong>eidem</strong></span> 
     </span>
     <span class='ocr_line' id='line_1_16' title="bbox 358 1817 1603 1888; baseline 0.001 -15"><span class='ocrx_word' id='word_1_152' title='bbox 358 1819 390 1875; x_wconf 90' lang='lat' dir='ltr'><strong>B.</strong></span> <span class='ocrx_word' id='word_1_153' title='bbox 410 1819 512 1875; x_wconf 82' lang='lat' dir='ltr'><strong>Asseni</strong></span> <span class='ocrx_word' id='word_1_154' title='bbox 531 1819 659 1874; x_wconf 81' lang='lat' dir='ltr'><strong>restituit.</strong></span> <span class='ocrx_word' id='word_1_155' title='bbox 678 1817 750 1872; x_wconf 87' lang='lat' dir='ltr'><strong>Item</strong></span> <span class='ocrx_word' id='word_1_156' title='bbox 768 1817 795 1871; x_wconf 91' lang='lat' dir='ltr'><strong>in</strong></span> <span class='ocrx_word' id='word_1_157' title='bbox 815 1817 937 1872; x_wconf 84' lang='lat' dir='ltr'><strong>exercitu</strong></span> <span class='ocrx_word' id='word_1_158' title='bbox 951 1833 1033 1888; x_wconf 90' lang='lat' dir='ltr'><strong>quem</strong></span> <span class='ocrx_word' id='word_1_159' title='bbox 1047 1823 1126 1887; x_wconf 89' lang='lat' dir='ltr'><strong>pater</strong></span> <span class='ocrx_word' id='word_1_160' title='bbox 1138 1817 1210 1887; x_wconf 82' lang='lat' dir='ltr'><strong>regis</strong></span> <span class='ocrx_word' id='word_1_161' title='bbox 1224 1825 1320 1874; x_wconf 84' lang='lat' dir='ltr'><strong>contra</strong></span> <span class='ocrx_word' id='word_1_162' title='bbox 1333 1819 1492 1876; x_wconf 84' lang='lat' dir='ltr'><strong>Romanum</strong></span> <span class='ocrx_word' id='word_1_163' title='bbox 1504 1819 1603 1875; x_wconf 89' lang='lat' dir='ltr'><strong>ducem</strong></span> 
     </span>
     <span class='ocr_line' id='line_1_17' title="bbox 359 1903 1603 1976; baseline 0.002 -15"><span class='ocrx_word' id='word_1_164' title='bbox 359 1907 552 1962; x_wconf 88' lang='lat' dir='ltr'><strong>Ruthenornm</strong></span> <span class='ocrx_word' id='word_1_165' title='bbox 572 1906 680 1972; x_wconf 86' lang='lat' dir='ltr'><strong>levavit,</strong></span> <span class='ocrx_word' id='word_1_166' title='bbox 699 1905 727 1958; x_wconf 96' lang='lat' dir='ltr'><strong>in</strong></span> <span class='ocrx_word' id='word_1_167' title='bbox 747 1903 894 1974; x_wconf 83' lang='lat' dir='ltr'><strong>quoidam</strong></span> <span class='ocrx_word' id='word_1_168' title='bbox 913 1903 971 1958; x_wconf 84' lang='lat' dir='ltr'><strong>dux</strong></span> <span class='ocrx_word' id='word_1_169' title='bbox 989 1907 1081 1976; x_wconf 89' lang='lat' dir='ltr'><strong>capite</strong></span> <span class='ocrx_word' id='word_1_170' title='bbox 1099 1904 1152 1959; x_wconf 84' lang='lat' dir='ltr'><strong>suit</strong></span> <span class='ocrx_word' id='word_1_171' title='bbox 1170 1911 1321 1971; x_wconf 86' lang='lat' dir='ltr'><strong>truncatus,</strong></span> <span class='ocrx_word' id='word_1_172' title='bbox 1341 1923 1435 1962; x_wconf 90' lang='lat' dir='ltr'><strong>comes</strong></span> <span class='ocrx_word' id='word_1_173' title='bbox 1447 1905 1603 1964; x_wconf 83' lang='lat' dir='ltr'><strong>Inachinus</strong></span> 
     </span>
     <span class='ocr_line' id='line_1_18' title="bbox 358 1992 1601 2066; baseline 0 -16"><span class='ocrx_word' id='word_1_174' title='bbox 358 1995 433 2050; x_wconf 91' lang='lat' dir='ltr'><strong>clara</strong></span> <span class='ocrx_word' id='word_1_175' title='bbox 451 2010 537 2066; x_wconf 87' lang='lat' dir='ltr'><strong>opera</strong></span> <span class='ocrx_word' id='word_1_176' title='bbox 555 1993 697 2048; x_wconf 83' lang='lat' dir='ltr'><strong>fidelitatis</strong></span> <span class='ocrx_word' id='word_1_177' title='bbox 722 1993 866 2064; x_wconf 87' lang='lat' dir='ltr'><strong>praestitit,</strong></span> <span class='ocrx_word' id='word_1_178' title='bbox 889 1993 1020 2062; x_wconf 87' lang='lat' dir='ltr'><strong>quocirca</strong></span> <span class='ocrx_word' id='word_1_179' title='bbox 1043 1992 1082 2046; x_wconf 93' lang='lat' dir='ltr'><strong>illi</strong></span> <span class='ocrx_word' id='word_1_180' title='bbox 1107 1998 1186 2063; x_wconf 91' lang='lat' dir='ltr'><strong>pater</strong></span> <span class='ocrx_word' id='word_1_181' title='bbox 1203 1993 1277 2063; x_wconf 78' lang='lat' dir='ltr'><strong>regia</strong></span> <span class='ocrx_word' id='word_1_182' title='bbox 1295 1993 1501 2064; x_wconf 90' lang='lat' dir='ltr'><strong>possessionem</strong></span> <span class='ocrx_word' id='word_1_183' title='bbox 1520 1994 1601 2052; x_wconf 82' lang='lat' dir='ltr'><strong>Seno·</strong></span> 
     </span>
     <span class='ocr_line' id='line_1_19' title="bbox 359 2080 1604 2150; baseline 0 -13"><span class='ocrx_word' id='word_1_184' title='bbox 359 2083 443 2137; x_wconf 85' lang='lat' dir='ltr'><strong>lovna</strong></span> <span class='ocrx_word' id='word_1_185' title='bbox 461 2080 582 2136; x_wconf 90' lang='lat' dir='ltr'><strong>donavit</strong></span> <span class='ocrx_word' id='word_1_186' title='bbox 600 2082 661 2135; x_wconf 88' lang='lat' dir='ltr'><strong>Rex</strong></span> <span class='ocrx_word' id='word_1_187' title='bbox 683 2087 776 2136; x_wconf 88' lang='lat' dir='ltr'><strong>autem</strong></span> <span class='ocrx_word' id='word_1_188' title='bbox 802 2085 867 2150; x_wconf 91' lang='lat' dir='ltr'><strong>post</strong></span> <span class='ocrx_word' id='word_1_189' title='bbox 891 2085 1007 2135; x_wconf 91' lang='lat' dir='ltr'><strong>mortem</strong></span> <span class='ocrx_word' id='word_1_190' title='bbox 1034 2081 1120 2150; x_wconf 89' lang='lat' dir='ltr'><strong>patris</strong></span> <span class='ocrx_word' id='word_1_191' title='bbox 1144 2080 1187 2134; x_wconf 89' lang='lat' dir='ltr'><strong>sui</strong></span> <span class='ocrx_word' id='word_1_192' title='bbox 1212 2080 1369 2136; x_wconf 88' lang='lat' dir='ltr'><strong>revocando</strong></span> <span class='ocrx_word' id='word_1_193' title='bbox 1393 2097 1491 2137; x_wconf 87' lang='lat' dir='ltr'><strong>omnes</strong></span> <span class='ocrx_word' id='word_1_194' title='bbox 1515 2081 1604 2138; x_wconf 88' lang='lat' dir='ltr'><strong>dona-</strong></span> 
     </span>
     <span class='ocr_line' id='line_1_20' title="bbox 361 2165 1604 2241; baseline 0.002 -17"><span class='ocrx_word' id='word_1_195' title='bbox 361 2171 458 2232; x_wconf 86' lang='lat' dir='ltr'><strong>tiones,</strong></span> <span class='ocrx_word' id='word_1_196' title='bbox 478 2168 616 2224; x_wconf 89' lang='lat' dir='ltr'><strong>revocavit</strong></span> <span class='ocrx_word' id='word_1_197' title='bbox 634 2168 716 2223; x_wconf 88' lang='lat' dir='ltr'><strong>etiam</strong></span> <span class='ocrx_word' id='word_1_198' title='bbox 740 2169 901 2239; x_wconf 82' lang='lat' dir='ltr'><strong>praelatam,</strong></span> <span class='ocrx_word' id='word_1_199' title='bbox 921 2165 970 2222; x_wconf 89' lang='lat' dir='ltr'><strong>sed</strong></span> <span class='ocrx_word' id='word_1_200' title='bbox 989 2171 1117 2238; x_wconf 89' lang='lat' dir='ltr'><strong>respectu</strong></span> <span class='ocrx_word' id='word_1_201' title='bbox 1142 2167 1315 2223; x_wconf 87' lang='lat' dir='ltr'><strong>servitiorum</strong></span> <span class='ocrx_word' id='word_1_202' title='bbox 1337 2168 1463 2224; x_wconf 91' lang='lat' dir='ltr'><strong>lvachini</strong></span> <span class='ocrx_word' id='word_1_203' title='bbox 1480 2169 1516 2224; x_wconf 88' lang='lat' dir='ltr'><strong>sd</strong></span> <span class='ocrx_word' id='word_1_204' title='bbox 1535 2172 1604 2241; x_wconf 88' lang='lat' dir='ltr'><strong>peti·</strong></span> 
     </span>
     <span class='ocr_line' id='line_1_21' title="bbox 357 2254 1602 2328; baseline 0.002 -16"><span class='ocrx_word' id='word_1_205' title='bbox 357 2259 461 2312; x_wconf 90' lang='lat' dir='ltr'><strong>tionem</strong></span> <span class='ocrx_word' id='word_1_206' title='bbox 481 2257 601 2312; x_wconf 81' lang='lat' dir='ltr'><strong>tiliorum</strong></span> <span class='ocrx_word' id='word_1_207' title='bbox 622 2256 682 2328; x_wconf 89' lang='lat' dir='ltr'><strong>ejus</strong></span> <span class='ocrx_word' id='word_1_208' title='bbox 701 2255 822 2326; x_wconf 92' lang='lat' dir='ltr'><strong>Philippi</strong></span> <span class='ocrx_word' id='word_1_209' title='bbox 850 2255 972 2326; x_wconf 86' lang='lat' dir='ltr'><strong>episcopi</strong></span> <span class='ocrx_word' id='word_1_210' title='bbox 1002 2254 1197 2324; x_wconf 81' lang='lat' dir='ltr'><strong>Zagrabiensis</strong></span> <span class='ocrx_word' id='word_1_211' title='bbox 1224 2263 1252 2311; x_wconf 90' lang='lat' dir='ltr'><strong>et</strong></span> <span class='ocrx_word' id='word_1_212' title='bbox 1278 2257 1402 2314; x_wconf 82' lang='lat' dir='ltr'><strong>Thomas</strong></span> <span class='ocrx_word' id='word_1_213' title='bbox 1430 2257 1540 2314; x_wconf 86' lang='lat' dir='ltr'><strong>comitis</strong></span> <span class='ocrx_word' id='word_1_214' title='bbox 1567 2259 1602 2316; x_wconf 91' lang='lat' dir='ltr'><strong>de</strong></span> 
     </span>
     <span class='ocr_line' id='line_1_22' title="bbox 357 2341 1601 2416; baseline 0.002 -18"><span class='ocrx_word' id='word_1_215' title='bbox 357 2345 474 2410; x_wconf 82' lang='lat' dir='ltr'><strong>Gronov,</strong></span> <span class='ocrx_word' id='word_1_216' title='bbox 493 2345 613 2398; x_wconf 91' lang='lat' dir='ltr'><strong>restituit</strong></span> <span class='ocrx_word' id='word_1_217' title='bbox 629 2345 697 2413; x_wconf 88' lang='lat' dir='ltr'><strong>ipsis</strong></span> <span class='ocrx_word' id='word_1_218' title='bbox 716 2341 832 2397; x_wconf 88' lang='lat' dir='ltr'><strong>eandem</strong></span> <span class='ocrx_word' id='word_1_219' title='bbox 847 2343 1051 2412; x_wconf 88' lang='lat' dir='ltr'><strong>possessionem</strong></span> <span class='ocrx_word' id='word_1_220' title='bbox 1065 2342 1227 2411; x_wconf 83' lang='lat' dir='ltr'><strong>Sozolovua,</strong></span> <span class='ocrx_word' id='word_1_221' title='bbox 1244 2361 1463 2400; x_wconf 88' lang='lat' dir='ltr'><strong>commemorans</strong></span> <span class='ocrx_word' id='word_1_222' title='bbox 1475 2346 1601 2416; x_wconf 90' lang='lat' dir='ltr'><strong>ipsorum</strong></span> 
     </span>
     <span class='ocr_line' id='line_1_23' title="bbox 357 2429 1602 2502; baseline 0.003 -16"><span class='ocrx_word' id='word_1_223' title='bbox 357 2447 469 2502; x_wconf 88' lang='lat' dir='ltr'><strong>quoque</strong></span> <span class='ocrx_word' id='word_1_224' title='bbox 488 2431 608 2500; x_wconf 86' lang='lat' dir='ltr'><strong>servitia,</strong></span> <span class='ocrx_word' id='word_1_225' title='bbox 621 2447 685 2484; x_wconf 91' lang='lat' dir='ltr'><strong>uam</strong></span> <span class='ocrx_word' id='word_1_226' title='bbox 704 2445 797 2484; x_wconf 88' lang='lat' dir='ltr'><strong>comes</strong></span> <span class='ocrx_word' id='word_1_227' title='bbox 815 2429 937 2485; x_wconf 83' lang='lat' dir='ltr'><strong>Thomas</strong></span> <span class='ocrx_word' id='word_1_228' title='bbox 955 2430 984 2483; x_wconf 93' lang='lat' dir='ltr'><strong>in</strong></span> <span class='ocrx_word' id='word_1_229' title='bbox 1001 2431 1100 2484; x_wconf 91' lang='lat' dir='ltr'><strong>minori</strong></span> <span class='ocrx_word' id='word_1_230' title='bbox 1112 2430 1203 2485; x_wconf 89' lang='lat' dir='ltr'><strong>adhuc</strong></span> <span class='ocrx_word' id='word_1_231' title='bbox 1216 2436 1306 2486; x_wconf 88' lang='lat' dir='ltr'><strong>aetate</strong></span> <span class='ocrx_word' id='word_1_232' title='bbox 1318 2434 1485 2488; x_wconf 85' lang='lat' dir='ltr'><strong>constitutus</strong></span> <span class='ocrx_word' id='word_1_233' title='bbox 1504 2440 1602 2490; x_wconf 86' lang='lat' dir='ltr'><strong>contra</strong></span> 
     </span>
     <span class='ocr_line' id='line_1_24' title="bbox 358 2515 1600 2589; baseline 0.004 -17"><span class='ocrx_word' id='word_1_234' title='bbox 358 2519 489 2574; x_wconf 82' lang='lat' dir='ltr'><strong>Tartaros</strong></span> <span class='ocrx_word' id='word_1_235' title='bbox 509 2517 585 2589; x_wconf 88' lang='lat' dir='ltr'><strong>apud</strong></span> <span class='ocrx_word' id='word_1_236' title='bbox 609 2517 723 2571; x_wconf 88' lang='lat' dir='ltr'><strong>fiuvium</strong></span> <span class='ocrx_word' id='word_1_237' title='bbox 751 2515 836 2572; x_wconf 84' lang='lat' dir='ltr'><strong>Soiov</strong></span> <span class='ocrx_word' id='word_1_238' title='bbox 860 2515 1038 2570; x_wconf 90' lang='lat' dir='ltr'><strong>laudabiliter</strong></span> <span class='ocrx_word' id='word_1_239' title='bbox 1064 2515 1211 2584; x_wconf 89' lang='lat' dir='ltr'><strong>dimicavit,</strong></span> <span class='ocrx_word' id='word_1_240' title='bbox 1240 2517 1288 2572; x_wconf 93' lang='lat' dir='ltr'><strong>ubi</strong></span> <span class='ocrx_word' id='word_1_241' title='bbox 1315 2519 1415 2575; x_wconf 86' lang='lat' dir='ltr'><strong>laetale</strong></span> <span class='ocrx_word' id='word_1_242' title='bbox 1443 2521 1544 2577; x_wconf 89' lang='lat' dir='ltr'><strong>vulnus</strong></span> <span class='ocrx_word' id='word_1_243' title='bbox 1572 2523 1600 2577; x_wconf 95' lang='lat' dir='ltr'><strong>in</strong></span> 
     </span>
     <span class='ocr_line' id='line_1_25' title="bbox 359 2603 1604 2680; baseline 0.004 -20"><span class='ocrx_word' id='word_1_244' title='bbox 359 2605 474 2662; x_wconf 88' lang='lat' dir='ltr'><strong>brachio</strong></span> <span class='ocrx_word' id='word_1_245' title='bbox 493 2603 591 2660; x_wconf 83' lang='lat' dir='ltr'><strong>dextro</strong></span> <span class='ocrx_word' id='word_1_246' title='bbox 610 2605 756 2676; x_wconf 87' lang='lat' dir='ltr'><strong>accipiens,</strong></span> <span class='ocrx_word' id='word_1_247' title='bbox 782 2603 890 2659; x_wconf 88' lang='lat' dir='ltr'><strong>amissis</strong></span> <span class='ocrx_word' id='word_1_248' title='bbox 917 2603 1045 2658; x_wconf 90' lang='lat' dir='ltr'><strong>omnibus</strong></span> <span class='ocrx_word' id='word_1_249' title='bbox 1071 2604 1151 2658; x_wconf 88' lang='lat' dir='ltr'><strong>bonis</strong></span> <span class='ocrx_word' id='word_1_250' title='bbox 1175 2606 1233 2659; x_wconf 93' lang='lat' dir='ltr'><strong>suis</strong></span> <span class='ocrx_word' id='word_1_251' title='bbox 1258 2607 1303 2660; x_wconf 84' lang='lat' dir='ltr'><strong>vix</strong></span> <span class='ocrx_word' id='word_1_252' title='bbox 1327 2608 1423 2662; x_wconf 88' lang='lat' dir='ltr'><strong>mortis</strong></span> <span class='ocrx_word' id='word_1_253' title='bbox 1449 2610 1604 2680; x_wconf 89' lang='lat' dir='ltr'><strong>periculum</strong></span> 
     </span>
     <span class='ocr_line' id='line_1_26' title="bbox 359 2691 1604 2767; baseline 0.003 -19"><span class='ocrx_word' id='word_1_254' title='bbox 359 2693 454 2750; x_wconf 88' lang='lat' dir='ltr'><strong>evasit.</strong></span> <span class='ocrx_word' id='word_1_255' title='bbox 474 2693 665 2748; x_wconf 86' lang='lat' dir='ltr'><strong>invalescente</strong></span> <span class='ocrx_word' id='word_1_256' title='bbox 683 2692 824 2747; x_wconf 87' lang='lat' dir='ltr'><strong>Tartarica</strong></span> <span class='ocrx_word' id='word_1_257' title='bbox 842 2696 1006 2762; x_wconf 86' lang='lat' dir='ltr'><strong>tempestate</strong></span> <span class='ocrx_word' id='word_1_258' title='bbox 1028 2691 1103 2763; x_wconf 92' lang='lat' dir='ltr'><strong>apud</strong></span> <span class='ocrx_word' id='word_1_259' title='bbox 1121 2691 1236 2747; x_wconf 89' lang='lat' dir='ltr'><strong>Jadram</strong></span> <span class='ocrx_word' id='word_1_260' title='bbox 1255 2695 1337 2748; x_wconf 88' lang='lat' dir='ltr'><strong>etiam</strong></span> <span class='ocrx_word' id='word_1_261' title='bbox 1356 2712 1418 2750; x_wconf 89' lang='lat' dir='ltr'><strong>cum</strong></span> <span class='ocrx_word' id='word_1_262' title='bbox 1433 2701 1533 2767; x_wconf 89' lang='lat' dir='ltr'><strong>patruo</strong></span> <span class='ocrx_word' id='word_1_263' title='bbox 1553 2714 1604 2752; x_wconf 89' lang='lat' dir='ltr'><strong>suo</strong></span> 
     </span>
     <span class='ocr_line' id='line_1_27' title="bbox 356 2778 1604 2840; baseline 0.003 -3"><span class='ocrx_word' id='word_1_264' title='bbox 356 2781 485 2838; x_wconf 88' lang='lat' dir='ltr'><strong>Dionisio</strong></span> <span class='ocrx_word' id='word_1_265' title='bbox 514 2781 614 2836; x_wconf 84' lang='lat' dir='ltr'><strong>comite</strong></span> <span class='ocrx_word' id='word_1_266' title='bbox 639 2785 667 2835; x_wconf 89' lang='lat' dir='ltr'><strong>et</strong></span> <span class='ocrx_word' id='word_1_267' title='bbox 690 2779 764 2836; x_wconf 91' lang='lat' dir='ltr'><strong>bano</strong></span> <span class='ocrx_word' id='word_1_268' title='bbox 789 2779 874 2834; x_wconf 90' lang='lat' dir='ltr'><strong>totius</strong></span> <span class='ocrx_word' id='word_1_269' title='bbox 899 2778 1047 2834; x_wconf 82' lang='lat' dir='ltr'><strong>Slavoniae</strong></span> <span class='ocrx_word' id='word_1_270' title='bbox 1071 2779 1177 2834; x_wconf 86' lang='lat' dir='ltr'><strong>ardenti</strong></span> <span class='ocrx_word' id='word_1_271' title='bbox 1202 2781 1295 2836; x_wconf 92' lang='lat' dir='ltr'><strong>studio</strong></span> <span class='ocrx_word' id='word_1_272' title='bbox 1320 2783 1431 2837; x_wconf 89' lang='lat' dir='ltr'><strong>servivit</strong></span> <span class='ocrx_word' id='word_1_273' title='bbox 1453 2801 1484 2839; x_wconf 92' lang='lat' dir='ltr'><strong>se</strong></span> <span class='ocrx_word' id='word_1_274' title='bbox 1507 2787 1604 2840; x_wconf 89' lang='lat' dir='ltr'><strong>mortis</strong></span> 
     </span>
     <span class='ocr_line' id='line_1_28' title="bbox 358 2866 1603 2942; baseline 0.002 -17"><span class='ocrx_word' id='word_1_275' title='bbox 358 2871 481 2942; x_wconf 89' lang='lat' dir='ltr'><strong>periculo</strong></span> <span class='ocrx_word' id='word_1_276' title='bbox 510 2866 684 2940; x_wconf 85' lang='lat' dir='ltr'><strong>exponendo.</strong></span> <span class='ocrx_word' id='word_1_277' title='bbox 708 2867 807 2922; x_wconf 90' lang='lat' dir='ltr'><strong>Dictus</strong></span> <span class='ocrx_word' id='word_1_278' title='bbox 832 2872 926 2922; x_wconf 89' lang='lat' dir='ltr'><strong>autem</strong></span> <span class='ocrx_word' id='word_1_279' title='bbox 948 2868 1096 2937; x_wconf 85' lang='lat' dir='ltr'><strong>episcopus</strong></span> <span class='ocrx_word' id='word_1_280' title='bbox 1124 2884 1188 2922; x_wconf 91' lang='lat' dir='ltr'><strong>cum</strong></span> <span class='ocrx_word' id='word_1_281' title='bbox 1215 2867 1307 2923; x_wconf 88' lang='lat' dir='ltr'><strong>adhuc</strong></span> <span class='ocrx_word' id='word_1_282' title='bbox 1334 2870 1363 2923; x_wconf 94' lang='lat' dir='ltr'><strong>in</strong></span> <span class='ocrx_word' id='word_1_283' title='bbox 1387 2871 1486 2927; x_wconf 90' lang='lat' dir='ltr'><strong>minori</strong></span> <span class='ocrx_word' id='word_1_284' title='bbox 1511 2873 1603 2928; x_wconf 87' lang='lat' dir='ltr'><strong>cilicio</strong></span> 
     </span>
     <span class='ocr_line' id='line_1_29' title="bbox 357 2953 1605 3027; baseline 0.001 -13"><span class='ocrx_word' id='word_1_285' title='bbox 357 2958 525 3014; x_wconf 89' lang='lat' dir='ltr'><strong>constitutus</strong></span> <span class='ocrx_word' id='word_1_286' title='bbox 545 2957 740 3027; x_wconf 85' lang='lat' dir='ltr'><strong>praepositura</strong></span> <span class='ocrx_word' id='word_1_287' title='bbox 757 2955 918 3010; x_wconf 86' lang='lat' dir='ltr'><strong>Dimisiensi</strong></span> <span class='ocrx_word' id='word_1_288' title='bbox 944 2961 972 3010; x_wconf 91' lang='lat' dir='ltr'><strong>et</strong></span> <span class='ocrx_word' id='word_1_289' title='bbox 996 2955 1159 3010; x_wconf 86' lang='lat' dir='ltr'><strong>cancellaria</strong></span> <span class='ocrx_word' id='word_1_290' title='bbox 1181 2956 1310 3011; x_wconf 92' lang='lat' dir='ltr'><strong>dominae</strong></span> <span class='ocrx_word' id='word_1_291' title='bbox 1333 2957 1444 3026; x_wconf 86' lang='lat' dir='ltr'><strong>reginae</strong></span> <span class='ocrx_word' id='word_1_292' title='bbox 1457 2953 1605 3016; x_wconf 75' lang='lat' dir='ltr'><strong>&#39;consortis</strong></span> 
     </span>
     <span class='ocr_line' id='line_1_30' title="bbox 358 3042 1606 3116; baseline 0.002 -16"><span class='ocrx_word' id='word_1_293' title='bbox 358 3045 429 3115; x_wconf 85' lang='lat' dir='ltr'><strong>regis</strong></span> <span class='ocrx_word' id='word_1_294' title='bbox 448 3044 532 3099; x_wconf 89' lang='lat' dir='ltr'><strong>Belae</strong></span> <span class='ocrx_word' id='word_1_295' title='bbox 551 3043 720 3112; x_wconf 81' lang='lat' dir='ltr'><strong>iungeretur,</strong></span> <span class='ocrx_word' id='word_1_296' title='bbox 739 3043 871 3098; x_wconf 92' lang='lat' dir='ltr'><strong>continuo</strong></span> <span class='ocrx_word' id='word_1_297' title='bbox 895 3042 989 3098; x_wconf 88' lang='lat' dir='ltr'><strong>studio</strong></span> <span class='ocrx_word' id='word_1_298' title='bbox 1013 3043 1130 3110; x_wconf 85' lang='lat' dir='ltr'><strong>servivit,</strong></span> <span class='ocrx_word' id='word_1_299' title='bbox 1156 3043 1309 3113; x_wconf 85' lang='lat' dir='ltr'><strong>legationes</strong></span> <span class='ocrx_word' id='word_1_300' title='bbox 1327 3045 1355 3098; x_wconf 93' lang='lat' dir='ltr'><strong>in</strong></span> <span class='ocrx_word' id='word_1_301' title='bbox 1374 3061 1460 3116; x_wconf 79' lang='lat' dir='ltr'><strong>regno</strong></span> <span class='ocrx_word' id='word_1_302' title='bbox 1479 3051 1507 3102; x_wconf 91' lang='lat' dir='ltr'><strong>et</strong></span> <span class='ocrx_word' id='word_1_303' title='bbox 1524 3053 1606 3102; x_wconf 85' lang='lat' dir='ltr'><strong>extra</strong></span> 
     </span>
     <span class='ocr_line' id='line_1_31' title="bbox 353 3128 1605 3205; baseline 0.002 -17"><span class='ocrx_word' id='word_1_304' title='bbox 353 3150 471 3202; x_wconf 81' lang='lat' dir='ltr'><strong>regnum</strong></span> <span class='ocrx_word' id='word_1_305' title='bbox 484 3131 519 3186; x_wconf 88' lang='lat' dir='ltr'><strong>ad</strong></span> <span class='ocrx_word' id='word_1_306' title='bbox 533 3146 626 3199; x_wconf 86' lang='lat' dir='ltr'><strong>regem</strong></span> <span class='ocrx_word' id='word_1_307' title='bbox 648 3129 818 3198; x_wconf 86' lang='lat' dir='ltr'><strong>(Bohe)miae</strong></span> <span class='ocrx_word' id='word_1_308' title='bbox 831 3128 962 3185; x_wconf 91' lang='lat' dir='ltr'><strong>dilectum</strong></span> <span class='ocrx_word' id='word_1_309' title='bbox 975 3137 1125 3202; x_wconf 82' lang='lat' dir='ltr'><strong>cognatum</strong></span> <span class='ocrx_word' id='word_1_310' title='bbox 1138 3139 1165 3186; x_wconf 90' lang='lat' dir='ltr'><strong>et</strong></span> <span class='ocrx_word' id='word_1_311' title='bbox 1177 3131 1212 3186; x_wconf 88' lang='lat' dir='ltr'><strong>ad</strong></span> <span class='ocrx_word' id='word_1_312' title='bbox 1227 3137 1320 3202; x_wconf 87' lang='lat' dir='ltr'><strong>partes</strong></span> <span class='ocrx_word' id='word_1_313' title='bbox 1332 3131 1475 3202; x_wconf 86' lang='lat' dir='ltr'><strong>Bavariae,</strong></span> <span class='ocrx_word' id='word_1_314' title='bbox 1488 3135 1605 3205; x_wconf 89' lang='lat' dir='ltr'><strong>quaudo</strong></span> 
     </span>
     <span class='ocr_line' id='line_1_32' title="bbox 353 3217 1604 3290; baseline 0.002 -15"><span class='ocrx_word' id='word_1_315' title='bbox 353 3221 440 3276; x_wconf 88' lang='lat' dir='ltr'><strong>filiam</strong></span> <span class='ocrx_word' id='word_1_316' title='bbox 452 3219 525 3288; x_wconf 85' lang='lat' dir='ltr'><strong>regis</strong></span> <span class='ocrx_word' id='word_1_317' title='bbox 539 3217 729 3274; x_wconf 87' lang='lat' dir='ltr'><strong>Elisabethsm</strong></span> <span class='ocrx_word' id='word_1_318' title='bbox 743 3217 800 3272; x_wconf 88' lang='lat' dir='ltr'><strong>iilic</strong></span> <span class='ocrx_word' id='word_1_319' title='bbox 813 3217 892 3272; x_wconf 89' lang='lat' dir='ltr'><strong>ducis</strong></span> <span class='ocrx_word' id='word_1_320' title='bbox 904 3217 1037 3272; x_wconf 87' lang='lat' dir='ltr'><strong>Bavariae</strong></span> <span class='ocrx_word' id='word_1_321' title='bbox 1056 3220 1293 3275; x_wconf 80' lang='lat' dir='ltr'><strong>matrimonialiter</strong></span> <span class='ocrx_word' id='word_1_322' title='bbox 1305 3222 1459 3282; x_wconf 85' lang='lat' dir='ltr'><strong>sociaverit</strong></span> <span class='ocrx_word' id='word_1_323' title='bbox 1474 3222 1604 3290; x_wconf 86' lang='lat' dir='ltr'><strong>Quorum</strong></span> 
     </span>
     <span class='ocr_line' id='line_1_33' title="bbox 356 3305 1603 3381; baseline 0.001 -17"><span class='ocrx_word' id='word_1_324' title='bbox 356 3307 480 3364; x_wconf 89' lang='lat' dir='ltr'><strong>omnium</strong></span> <span class='ocrx_word' id='word_1_325' title='bbox 499 3306 600 3360; x_wconf 92' lang='lat' dir='ltr'><strong>intuito</strong></span> <span class='ocrx_word' id='word_1_326' title='bbox 623 3305 723 3360; x_wconf 85' lang='lat' dir='ltr'><strong>dietam</strong></span> <span class='ocrx_word' id='word_1_327' title='bbox 741 3305 945 3376; x_wconf 87' lang='lat' dir='ltr'><strong>possessionem</strong></span> <span class='ocrx_word' id='word_1_328' title='bbox 963 3321 1011 3360; x_wconf 84' lang='lat' dir='ltr'><strong>rex</strong></span> <span class='ocrx_word' id='word_1_329' title='bbox 1031 3307 1069 3361; x_wconf 91' lang='lat' dir='ltr'><strong>eis</strong></span> <span class='ocrx_word' id='word_1_330' title='bbox 1089 3308 1215 3363; x_wconf 85' lang='lat' dir='ltr'><strong>restituit.</strong></span> <span class='ocrx_word' id='word_1_331' title='bbox 1242 3308 1368 3364; x_wconf 88' lang='lat' dir='ltr'><strong>Tandem</strong></span> <span class='ocrx_word' id='word_1_332' title='bbox 1393 3315 1517 3381; x_wconf 89' lang='lat' dir='ltr'><strong>tempore</strong></span> <span class='ocrx_word' id='word_1_333' title='bbox 1544 3327 1603 3381; x_wconf 88' lang='lat' dir='ltr'><strong>quo</strong></span> 
     </span>
     <span class='ocr_line' id='line_1_34' title="bbox 353 3391 1600 3466; baseline 0.004 -17"><span class='ocrx_word' id='word_1_334' title='bbox 353 3411 403 3466; x_wconf 92' lang='lat' dir='ltr'><strong>per</strong></span> <span class='ocrx_word' id='word_1_335' title='bbox 421 3393 596 3464; x_wconf 80' lang='lat' dir='ltr'><strong>Stephanum</strong></span> <span class='ocrx_word' id='word_1_336' title='bbox 619 3391 722 3447; x_wconf 83' lang='lat' dir='ltr'><strong>benum</strong></span> <span class='ocrx_word' id='word_1_337' title='bbox 748 3392 834 3446; x_wconf 88' lang='lat' dir='ltr'><strong>totius</strong></span> <span class='ocrx_word' id='word_1_338' title='bbox 859 3392 1005 3447; x_wconf 81' lang='lat' dir='ltr'><strong>Slavoniae</strong></span> <span class='ocrx_word' id='word_1_339' title='bbox 1024 3399 1051 3448; x_wconf 90' lang='lat' dir='ltr'><strong>et</strong></span> <span class='ocrx_word' id='word_1_340' title='bbox 1068 3395 1196 3450; x_wconf 90' lang='lat' dir='ltr'><strong>comitem</strong></span> <span class='ocrx_word' id='word_1_341' title='bbox 1218 3396 1337 3450; x_wconf 91' lang='lat' dir='ltr'><strong>Paulum</strong></span> <span class='ocrx_word' id='word_1_342' title='bbox 1362 3395 1482 3452; x_wconf 89' lang='lat' dir='ltr'><strong>iudicem</strong></span> <span class='ocrx_word' id='word_1_343' title='bbox 1504 3399 1600 3454; x_wconf 87' lang='lat' dir='ltr'><strong>curiae</strong></span> 
     </span>
     <span class='ocr_line' id='line_1_35' title="bbox 353 3479 1601 3553; baseline 0.003 -16"><span class='ocrx_word' id='word_1_344' title='bbox 353 3486 489 3551; x_wconf 88' lang='lat' dir='ltr'><strong>occupata</strong></span> <span class='ocrx_word' id='word_1_345' title='bbox 508 3487 535 3534; x_wconf 91' lang='lat' dir='ltr'><strong>et</strong></span> <span class='ocrx_word' id='word_1_346' title='bbox 553 3479 671 3534; x_wconf 83' lang='lat' dir='ltr'><strong>confusa</strong></span> <span class='ocrx_word' id='word_1_347' title='bbox 692 3485 816 3550; x_wconf 90' lang='lat' dir='ltr'><strong>tempore</strong></span> <span class='ocrx_word' id='word_1_348' title='bbox 841 3479 1020 3534; x_wconf 86' lang='lat' dir='ltr'><strong>Tartarorum</strong></span> <span class='ocrx_word' id='word_1_349' title='bbox 1039 3483 1103 3553; x_wconf 88' lang='lat' dir='ltr'><strong>jura</strong></span> <span class='ocrx_word' id='word_1_350' title='bbox 1126 3487 1278 3537; x_wconf 87' lang='lat' dir='ltr'><strong>castrorum</strong></span> <span class='ocrx_word' id='word_1_351' title='bbox 1298 3485 1326 3538; x_wconf 92' lang='lat' dir='ltr'><strong>in</strong></span> <span class='ocrx_word' id='word_1_352' title='bbox 1346 3489 1450 3540; x_wconf 91' lang='lat' dir='ltr'><strong>statum</strong></span> <span class='ocrx_word' id='word_1_353' title='bbox 1475 3485 1601 3541; x_wconf 90' lang='lat' dir='ltr'><strong>debitum</strong></span> 
     </span>
     <span class='ocr_line' id='line_1_36' title="bbox 355 3565 1602 3644; baseline 0.004 -21"><span class='ocrx_word' id='word_1_354' title='bbox 355 3567 479 3623; x_wconf 88' lang='lat' dir='ltr'><strong>revocari</strong></span> <span class='ocrx_word' id='word_1_355' title='bbox 497 3565 617 3621; x_wconf 83' lang='lat' dir='ltr'><strong>faciebat</strong></span> <span class='ocrx_word' id='word_1_356' title='bbox 641 3583 698 3632; x_wconf 85' lang='lat' dir='ltr'><strong>rex,</strong></span> <span class='ocrx_word' id='word_1_357' title='bbox 724 3565 838 3620; x_wconf 86' lang='lat' dir='ltr'><strong>suborta</strong></span> <span class='ocrx_word' id='word_1_358' title='bbox 856 3565 1029 3623; x_wconf 87' lang='lat' dir='ltr'><strong>dubitatione</strong></span> <span class='ocrx_word' id='word_1_359' title='bbox 1054 3568 1088 3623; x_wconf 92' lang='lat' dir='ltr'><strong>dc</strong></span> <span class='ocrx_word' id='word_1_360' title='bbox 1110 3570 1191 3624; x_wconf 89' lang='lat' dir='ltr'><strong>metis</strong></span> <span class='ocrx_word' id='word_1_361' title='bbox 1216 3572 1322 3626; x_wconf 88' lang='lat' dir='ltr'><strong>revisae</strong></span> <span class='ocrx_word' id='word_1_362' title='bbox 1347 3577 1412 3627; x_wconf 88' lang='lat' dir='ltr'><strong>sunt</strong></span> <span class='ocrx_word' id='word_1_363' title='bbox 1436 3577 1526 3628; x_wconf 87' lang='lat' dir='ltr'><strong>metae</strong></span> <span class='ocrx_word' id='word_1_364' title='bbox 1551 3591 1602 3644; x_wconf 84' lang='lat' dir='ltr'><strong>per</strong></span> 
     </span>
     <span class='ocr_line' id='line_1_37' title="bbox 352 3653 1601 3732; baseline 0.005 -23"><span class='ocrx_word' id='word_1_365' title='bbox 352 3655 523 3710; x_wconf 87' lang='lat' dir='ltr'><strong>Felicianum</strong></span> <span class='ocrx_word' id='word_1_366' title='bbox 551 3654 740 3724; x_wconf 88' lang='lat' dir='ltr'><strong>praepositum</strong></span> <span class='ocrx_word' id='word_1_367' title='bbox 764 3653 954 3720; x_wconf 89' lang='lat' dir='ltr'><strong>colocensem;</strong></span> <span class='ocrx_word' id='word_1_368' title='bbox 973 3671 1090 3726; x_wconf 88' lang='lat' dir='ltr'><strong>quarum</strong></span> <span class='ocrx_word' id='word_1_369' title='bbox 1116 3658 1204 3726; x_wconf 88' lang='lat' dir='ltr'><strong>prima</strong></span> <span class='ocrx_word' id='word_1_370' title='bbox 1228 3659 1325 3730; x_wconf 92' lang='lat' dir='ltr'><strong>incipit</strong></span> <span class='ocrx_word' id='word_1_371' title='bbox 1349 3660 1384 3715; x_wconf 89' lang='lat' dir='ltr'><strong>ab</strong></span> <span class='ocrx_word' id='word_1_372' title='bbox 1409 3659 1540 3732; x_wconf 85' lang='lat' dir='ltr'><strong>aquilone</strong></span> <span class='ocrx_word' id='word_1_373' title='bbox 1565 3661 1601 3715; x_wconf 94' lang='lat' dir='ltr'><strong>de</strong></span> 
     </span>
     <span class='ocr_line' id='line_1_38' title="bbox 353 3740 1599 3818; baseline 0.006 -22"><span class='ocrx_word' id='word_1_374' title='bbox 353 3751 425 3796; x_wconf 90' lang='lat' dir='ltr'><strong>terra</strong></span> <span class='ocrx_word' id='word_1_375' title='bbox 444 3740 577 3795; x_wconf 83' lang='lat' dir='ltr'><strong>Vulchulr</strong></span> <span class='ocrx_word' id='word_1_376' title='bbox 597 3757 614 3794; x_wconf 94' lang='lat' dir='ltr'><strong>a</strong></span> <span class='ocrx_word' id='word_1_377' title='bbox 632 3741 715 3795; x_wconf 91' lang='lat' dir='ltr'><strong>fluvio</strong></span> <span class='ocrx_word' id='word_1_378' title='bbox 734 3741 849 3796; x_wconf 87' lang='lat' dir='ltr'><strong>Ehnech</strong></span> <span class='ocrx_word' id='word_1_379' title='bbox 867 3743 968 3808; x_wconf 90' lang='lat' dir='ltr'><strong>lutoso,</strong></span> <span class='ocrx_word' id='word_1_380' title='bbox 986 3742 1051 3799; x_wconf 87' lang='lat' dir='ltr'><strong>inde</strong></span> <span class='ocrx_word' id='word_1_381' title='bbox 1079 3761 1127 3814; x_wconf 90' lang='lat' dir='ltr'><strong>per</strong></span> <span class='ocrx_word' id='word_1_382' title='bbox 1150 3749 1244 3812; x_wconf 90' lang='lat' dir='ltr'><strong>terras,</strong></span> <span class='ocrx_word' id='word_1_383' title='bbox 1263 3763 1335 3815; x_wconf 86' lang='lat' dir='ltr'><strong>quae</strong></span> <span class='ocrx_word' id='word_1_384' title='bbox 1360 3748 1442 3818; x_wconf 81' lang='lat' dir='ltr'><strong>Mage</strong></span> <span class='ocrx_word' id='word_1_385' title='bbox 1467 3747 1599 3804; x_wconf 87' lang='lat' dir='ltr'><strong>dicuntur</strong></span> 
     </span>
     <span class='ocr_line' id='line_1_39' title="bbox 351 3827 1598 3902; baseline 0.006 -17"><span class='ocrx_word' id='word_1_386' title='bbox 351 3829 387 3885; x_wconf 94' lang='lat' dir='ltr'><strong>ad</strong></span> <span class='ocrx_word' id='word_1_387' title='bbox 407 3845 538 3898; x_wconf 82' lang='lat' dir='ltr'><strong>magnam</strong></span> <span class='ocrx_word' id='word_1_388' title='bbox 556 3827 629 3883; x_wconf 89' lang='lat' dir='ltr'><strong>viam</strong></span> <span class='ocrx_word' id='word_1_389' title='bbox 647 3845 703 3898; x_wconf 87' lang='lat' dir='ltr'><strong>qna</strong></span> <span class='ocrx_word' id='word_1_390' title='bbox 721 3829 775 3882; x_wconf 90' lang='lat' dir='ltr'><strong>itur</strong></span> <span class='ocrx_word' id='word_1_391' title='bbox 792 3827 982 3884; x_wconf 90' lang='lat' dir='ltr'><strong>Varasdiaum</strong></span> <span class='ocrx_word' id='word_1_392' title='bbox 1000 3859 1034 3872; x_wconf 90' lang='lat'>—</span> <span class='ocrx_word' id='word_1_393' title='bbox 1052 3831 1116 3887; x_wconf 91' lang='lat' dir='ltr'><strong>inde</strong></span> <span class='ocrx_word' id='word_1_394' title='bbox 1134 3833 1222 3900; x_wconf 83' lang='lat' dir='ltr'><strong>vergit</strong></span> <span class='ocrx_word' id='word_1_395' title='bbox 1244 3849 1292 3902; x_wconf 91' lang='lat' dir='ltr'><strong>per</strong></span> <span class='ocrx_word' id='word_1_396' title='bbox 1310 3832 1445 3889; x_wconf 87' lang='lat' dir='ltr'><strong>Bedniam</strong></span> <span class='ocrx_word' id='word_1_397' title='bbox 1458 3842 1486 3890; x_wconf 89' lang='lat' dir='ltr'><strong>et</strong></span> <span class='ocrx_word' id='word_1_398' title='bbox 1498 3839 1598 3892; x_wconf 86' lang='lat' dir='ltr'><strong>transit</strong></span> 
     </span>
     <span class='ocr_line' id='line_1_40' title="bbox 351 3915 1597 3992; baseline 0.006 -21"><span class='ocrx_word' id='word_1_399' title='bbox 351 3919 487 3988; x_wconf 90' lang='lat' dir='ltr'><strong>ipsamet</strong></span> <span class='ocrx_word' id='word_1_400' title='bbox 507 3917 631 3986; x_wconf 89' lang='lat' dir='ltr'><strong>pervenit</strong></span> <span class='ocrx_word' id='word_1_401' title='bbox 654 3915 689 3970; x_wconf 91' lang='lat' dir='ltr'><strong>ad</strong></span> <span class='ocrx_word' id='word_1_402' title='bbox 714 3915 827 3971; x_wconf 90' lang='lat' dir='ltr'><strong>fluvium</strong></span> <span class='ocrx_word' id='word_1_403' title='bbox 855 3917 983 3988; x_wconf 86' lang='lat' dir='ltr'><strong>Stopniir‚</strong></span> <span class='ocrx_word' id='word_1_404' title='bbox 1011 3918 1058 3973; x_wconf 91' lang='lat' dir='ltr'><strong>ubi</strong></span> <span class='ocrx_word' id='word_1_405' title='bbox 1085 3926 1128 3973; x_wconf 91' lang='lat' dir='ltr'><strong>est</strong></span> <span class='ocrx_word' id='word_1_406' title='bbox 1156 3918 1191 3972; x_wconf 88' lang='lat' dir='ltr'><strong>ab</strong></span> <span class='ocrx_word' id='word_1_407' title='bbox 1220 3921 1324 3974; x_wconf 89' lang='lat' dir='ltr'><strong>oriente</strong></span> <span class='ocrx_word' id='word_1_408' title='bbox 1346 3925 1418 3976; x_wconf 88' lang='lat' dir='ltr'><strong>terra</strong></span> <span class='ocrx_word' id='word_1_409' title='bbox 1437 3923 1597 3992; x_wconf 88' lang='lat' dir='ltr'><strong>Horasnilr;</strong></span> 
     </span>
     <span class='ocr_line' id='line_1_41' title="bbox 351 4003 1599 4077; baseline 0.007 -19"><span class='ocrx_word' id='word_1_410' title='bbox 351 4011 378 4059; x_wconf 90' lang='lat' dir='ltr'><strong>et</strong></span> <span class='ocrx_word' id='word_1_411' title='bbox 408 4021 457 4074; x_wconf 87' lang='lat' dir='ltr'><strong>per</strong></span> <span class='ocrx_word' id='word_1_412' title='bbox 488 4020 601 4059; x_wconf 89' lang='lat' dir='ltr'><strong>cursum</strong></span> <span class='ocrx_word' id='word_1_413' title='bbox 631 4004 718 4075; x_wconf 89' lang='lat' dir='ltr'><strong>ipsius</strong></span> <span class='ocrx_word' id='word_1_414' title='bbox 750 4003 870 4075; x_wconf 83' lang='lat' dir='ltr'><strong>Stopnilr</strong></span> <span class='ocrx_word' id='word_1_415' title='bbox 900 4011 928 4061; x_wconf 89' lang='lat' dir='ltr'><strong>et</strong></span> <span class='ocrx_word' id='word_1_416' title='bbox 957 4023 1006 4076; x_wconf 90' lang='lat' dir='ltr'><strong>per</strong></span> <span class='ocrx_word' id='word_1_417' title='bbox 1036 4007 1174 4077; x_wconf 88' lang='lat' dir='ltr'><strong>quandam</strong></span> <span class='ocrx_word' id='word_1_418' title='bbox 1205 4007 1307 4062; x_wconf 88' lang='lat' dir='ltr'><strong>Barnm</strong></span> <span class='ocrx_word' id='word_1_419' title='bbox 1336 4007 1371 4062; x_wconf 94' lang='lat' dir='ltr'><strong>ad</strong></span> <span class='ocrx_word' id='word_1_420' title='bbox 1404 4011 1475 4064; x_wconf 87' lang='lat' dir='ltr'><strong>viam</strong></span> <span class='ocrx_word' id='word_1_421' title='bbox 1505 4017 1533 4066; x_wconf 87' lang='lat' dir='ltr'><strong>et</strong></span> <span class='ocrx_word' id='word_1_422' title='bbox 1561 4013 1599 4068; x_wconf 90' lang='lat' dir='ltr'><strong>ad</strong></span> 
     </span>
     <span class='ocr_line' id='line_1_42' title="bbox 350 4090 1599 4166; baseline 0.007 -20"><span class='ocrx_word' id='word_1_423' title='bbox 350 4099 472 4146; x_wconf 91' lang='lat' dir='ltr'><strong>montem</strong></span> <span class='ocrx_word' id='word_1_424' title='bbox 499 4090 619 4146; x_wconf 84' lang='lat' dir='ltr'><strong>Gradioh</strong></span> <span class='ocrx_word' id='word_1_425' title='bbox 638 4092 666 4145; x_wconf 92' lang='lat' dir='ltr'><strong>in</strong></span> <span class='ocrx_word' id='word_1_426' title='bbox 685 4109 741 4160; x_wconf 90' lang='lat' dir='ltr'><strong>quo</strong></span> <span class='ocrx_word' id='word_1_427' title='bbox 761 4099 883 4147; x_wconf 88' lang='lat' dir='ltr'><strong>castrum</strong></span> <span class='ocrx_word' id='word_1_428' title='bbox 907 4095 1059 4164; x_wconf 90' lang='lat' dir='ltr'><strong>antiquitus</strong></span> <span class='ocrx_word' id='word_1_429' title='bbox 1078 4095 1176 4160; x_wconf 85' lang='lat' dir='ltr'><strong>fuerat,</strong></span> <span class='ocrx_word' id='word_1_430' title='bbox 1201 4101 1229 4149; x_wconf 92' lang='lat' dir='ltr'><strong>et</strong></span> <span class='ocrx_word' id='word_1_431' title='bbox 1252 4112 1301 4166; x_wconf 92' lang='lat' dir='ltr'><strong>per</strong></span> <span class='ocrx_word' id='word_1_432' title='bbox 1327 4095 1472 4152; x_wconf 88' lang='lat' dir='ltr'><strong>circuitum</strong></span> <span class='ocrx_word' id='word_1_433' title='bbox 1496 4100 1599 4155; x_wconf 86' lang='lat' dir='ltr'><strong>montis</strong></span> 
     </span>
     <span class='ocr_line' id='line_1_43' title="bbox 352 4178 1599 4252; baseline 0.006 -18"><span class='ocrx_word' id='word_1_434' title='bbox 352 4180 427 4234; x_wconf 91' lang='lat' dir='ltr'><strong>veuit</strong></span> <span class='ocrx_word' id='word_1_435' title='bbox 445 4178 480 4234; x_wconf 89' lang='lat' dir='ltr'><strong>ad</strong></span> <span class='ocrx_word' id='word_1_436' title='bbox 500 4195 629 4248; x_wconf 79' lang='lat' dir='ltr'><strong>magnam</strong></span> <span class='ocrx_word' id='word_1_437' title='bbox 649 4179 722 4233; x_wconf 91' lang='lat' dir='ltr'><strong>viam</strong></span> <span class='ocrx_word' id='word_1_438' title='bbox 741 4197 811 4250; x_wconf 88' lang='lat' dir='ltr'><strong>quae</strong></span> <span class='ocrx_word' id='word_1_439' title='bbox 830 4181 947 4236; x_wconf 90' lang='lat' dir='ltr'><strong>Berczut</strong></span> <span class='ocrx_word' id='word_1_440' title='bbox 974 4182 1073 4236; x_wconf 92' lang='lat' dir='ltr'><strong>dicitur</strong></span> <span class='ocrx_word' id='word_1_441' title='bbox 1096 4189 1124 4236; x_wconf 94' lang='lat' dir='ltr'><strong>et</strong></span> <span class='ocrx_word' id='word_1_442' title='bbox 1147 4199 1195 4252; x_wconf 88' lang='lat' dir='ltr'><strong>per</strong></span> <span class='ocrx_word' id='word_1_443' title='bbox 1222 4182 1339 4237; x_wconf 87' lang='lat' dir='ltr'><strong>eandem</strong></span> <span class='ocrx_word' id='word_1_444' title='bbox 1364 4185 1437 4238; x_wconf 89' lang='lat' dir='ltr'><strong>viam</strong></span> <span class='ocrx_word' id='word_1_445' title='bbox 1461 4185 1537 4240; x_wconf 89' lang='lat' dir='ltr'><strong>vadit</strong></span> <span class='ocrx_word' id='word_1_446' title='bbox 1561 4187 1599 4242; x_wconf 91' lang='lat' dir='ltr'><strong>ad</strong></span> 
     </span>
     <span class='ocr_line' id='line_1_44' title="bbox 348 4266 1599 4337; baseline 0.006 -17"><span class='ocrx_word' id='word_1_447' title='bbox 348 4267 513 4337; x_wconf 84' lang='lat' dir='ltr'><strong>Zogenefria</strong></span> <span class='ocrx_word' id='word_1_448' title='bbox 533 4268 566 4334; x_wconf 72' lang='lat' dir='ltr'><strong>(ll</strong></span> <span class='ocrx_word' id='word_1_449' title='bbox 591 4273 619 4322; x_wconf 91' lang='lat' dir='ltr'><strong>et</strong></span> <span class='ocrx_word' id='word_1_450' title='bbox 636 4266 710 4322; x_wconf 88' lang='lat' dir='ltr'><strong>cadit</strong></span> <span class='ocrx_word' id='word_1_451' title='bbox 729 4268 756 4321; x_wconf 90' lang='lat' dir='ltr'><strong>in</strong></span> <span class='ocrx_word' id='word_1_452' title='bbox 777 4269 848 4322; x_wconf 86' lang='lat' dir='ltr'><strong>viam</strong></span> <span class='ocrx_word' id='word_1_453' title='bbox 872 4269 1019 4324; x_wconf 74' lang='lat' dir='ltr'><strong>Slobiduta</strong></span> <span class='ocrx_word' id='word_1_454' title='bbox 1044 4269 1092 4324; x_wconf 94' lang='lat' dir='ltr'><strong>ubi</strong></span> <span class='ocrx_word' id='word_1_455' title='bbox 1115 4269 1150 4323; x_wconf 88' lang='lat' dir='ltr'><strong>ab</strong></span> <span class='ocrx_word' id='word_1_456' title='bbox 1177 4271 1281 4324; x_wconf 89' lang='lat' dir='ltr'><strong>oriente</strong></span> <span class='ocrx_word' id='word_1_457' title='bbox 1307 4277 1349 4324; x_wconf 89' lang='lat' dir='ltr'><strong>est</strong></span> <span class='ocrx_word' id='word_1_458' title='bbox 1373 4277 1446 4326; x_wconf 91' lang='lat' dir='ltr'><strong>terra</strong></span> <span class='ocrx_word' id='word_1_459' title='bbox 1464 4272 1599 4328; x_wconf 84' lang='lat' dir='ltr'><strong>Vulchuk</strong></span> 
     </span>
     <span class='ocr_line' id='line_1_45' title="bbox 353 4356 1600 4425; baseline 0.005 -15"><span class='ocrx_word' id='word_1_460' title='bbox 353 4371 426 4425; x_wconf 86' lang='lat' dir='ltr'><strong>quae</strong></span> <span class='ocrx_word' id='word_1_461' title='bbox 444 4356 555 4424; x_wconf 86' lang='lat' dir='ltr'><strong>Zegene</strong></span> <span class='ocrx_word' id='word_1_462' title='bbox 573 4361 688 4409; x_wconf 90' lang='lat' dir='ltr'><strong>vocatur</strong></span> <span class='ocrx_word' id='word_1_463' title='bbox 706 4361 733 4410; x_wconf 92' lang='lat' dir='ltr'><strong>et</strong></span> <span class='ocrx_word' id='word_1_464' title='bbox 751 4371 767 4408; x_wconf 92' lang='lat' dir='ltr'><strong>a</strong></span> <span class='ocrx_word' id='word_1_465' title='bbox 787 4363 865 4425; x_wconf 88' lang='lat' dir='ltr'><strong>parte</strong></span> <span class='ocrx_word' id='word_1_466' title='bbox 884 4356 1055 4410; x_wconf 88' lang='lat' dir='ltr'><strong>meridionali</strong></span> <span class='ocrx_word' id='word_1_467' title='bbox 1075 4362 1116 4410; x_wconf 85' lang='lat' dir='ltr'><strong>est</strong></span> <span class='ocrx_word' id='word_1_468' title='bbox 1135 4363 1207 4411; x_wconf 89' lang='lat' dir='ltr'><strong>terra</strong></span> <span class='ocrx_word' id='word_1_469' title='bbox 1225 4357 1330 4412; x_wconf 84' lang='lat' dir='ltr'><strong>Bazina</strong></span> <span class='ocrx_word' id='word_1_470' title='bbox 1349 4363 1376 4412; x_wconf 91' lang='lat' dir='ltr'><strong>et</strong></span> <span class='ocrx_word' id='word_1_471' title='bbox 1395 4359 1422 4412; x_wconf 92' lang='lat' dir='ltr'><strong>in</strong></span> <span class='ocrx_word' id='word_1_472' title='bbox 1443 4359 1540 4416; x_wconf 82' lang='lat' dir='ltr'><strong>eadem</strong></span> <span class='ocrx_word' id='word_1_473' title='bbox 1553 4361 1600 4416; x_wconf 86' lang='lat' dir='ltr'><strong>via</strong></span> 
     </span>
     <span class='ocr_line' id='line_1_46' title="bbox 350 4442 1598 4514; baseline 0.006 -18"><span class='ocrx_word' id='word_1_474' title='bbox 350 4460 399 4514; x_wconf 91' lang='lat' dir='ltr'><strong>per</strong></span> <span class='ocrx_word' id='word_1_475' title='bbox 418 4443 504 4497; x_wconf 85' lang='lat' dir='ltr'><strong>Boron</strong></span> <span class='ocrx_word' id='word_1_476' title='bbox 515 4444 588 4497; x_wconf 87' lang='lat' dir='ltr'><strong>veuit</strong></span> <span class='ocrx_word' id='word_1_477' title='bbox 600 4442 635 4496; x_wconf 91' lang='lat' dir='ltr'><strong>ad</strong></span> <span class='ocrx_word' id='word_1_478' title='bbox 646 4443 754 4496; x_wconf 85' lang='lat' dir='ltr'><strong>vineam</strong></span> <span class='ocrx_word' id='word_1_479' title='bbox 773 4449 801 4497; x_wconf 91' lang='lat' dir='ltr'><strong>et</strong></span> <span class='ocrx_word' id='word_1_480' title='bbox 820 4444 956 4498; x_wconf 87' lang='lat' dir='ltr'><strong>transiens</strong></span> <span class='ocrx_word' id='word_1_481' title='bbox 967 4444 1040 4497; x_wconf 87' lang='lat' dir='ltr'><strong>viam</strong></span> <span class='ocrx_word' id='word_1_482' title='bbox 1053 4443 1194 4498; x_wconf 86' lang='lat' dir='ltr'><strong>descendit</strong></span> <span class='ocrx_word' id='word_1_483' title='bbox 1213 4443 1248 4498; x_wconf 93' lang='lat' dir='ltr'><strong>ad</strong></span> <span class='ocrx_word' id='word_1_484' title='bbox 1267 4443 1381 4499; x_wconf 83' lang='lat' dir='ltr'><strong>fluvium</strong></span> <span class='ocrx_word' id='word_1_485' title='bbox 1399 4445 1505 4502; x_wconf 81' lang='lat' dir='ltr'><strong>Rarius</strong></span> <span class='ocrx_word' id='word_1_486' title='bbox 1523 4455 1552 4503; x_wconf 92' lang='lat' dir='ltr'><strong>et</strong></span> <span class='ocrx_word' id='word_1_487' title='bbox 1570 4450 1598 4504; x_wconf 93' lang='lat' dir='ltr'><strong>in</strong></span> 
     </span>
     <span class='ocr_line' id='line_1_47' title="bbox 348 4530 1596 4602; baseline 0.006 -18"><span class='ocrx_word' id='word_1_488' title='bbox 348 4531 483 4585; x_wconf 91' lang='lat' dir='ltr'><strong>minorem</strong></span> <span class='ocrx_word' id='word_1_489' title='bbox 495 4531 638 4601; x_wconf 76' lang='lat' dir='ltr'><strong>Resinam,</strong></span> <span class='ocrx_word' id='word_1_490' title='bbox 657 4547 673 4584; x_wconf 87' lang='lat' dir='ltr'><strong>a</strong></span> <span class='ocrx_word' id='word_1_491' title='bbox 692 4537 769 4601; x_wconf 90' lang='lat' dir='ltr'><strong>parte</strong></span> <span class='ocrx_word' id='word_1_492' title='bbox 782 4530 954 4586; x_wconf 89' lang='lat' dir='ltr'><strong>meridionali</strong></span> <span class='ocrx_word' id='word_1_493' title='bbox 968 4537 1033 4586; x_wconf 88' lang='lat' dir='ltr'><strong>sunt</strong></span> <span class='ocrx_word' id='word_1_494' title='bbox 1046 4532 1209 4602; x_wconf 86' lang='lat' dir='ltr'><strong>jobagiones</strong></span> <span class='ocrx_word' id='word_1_495' title='bbox 1222 4533 1307 4586; x_wconf 86' lang='lat' dir='ltr'><strong>castri</strong></span> <span class='ocrx_word' id='word_1_496' title='bbox 1321 4533 1437 4590; x_wconf 87' lang='lat' dir='ltr'><strong>Grisien.</strong></span> <span class='ocrx_word' id='word_1_497' title='bbox 1456 4535 1596 4593; x_wconf 86' lang='lat' dir='ltr'><strong>Scibislov</strong></span> 
     </span>
     <span class='ocr_line' id='line_1_48' title="bbox 354 4618 1596 4691; baseline 0.006 -19"><span class='ocrx_word' id='word_1_498' title='bbox 354 4625 382 4672; x_wconf 91' lang='lat' dir='ltr'><strong>et</strong></span> <span class='ocrx_word' id='word_1_499' title='bbox 399 4621 510 4687; x_wconf 83' lang='lat' dir='ltr'><strong>cognati</strong></span> <span class='ocrx_word' id='word_1_500' title='bbox 529 4619 597 4685; x_wconf 87' lang='lat' dir='ltr'><strong>eius,</strong></span> <span class='ocrx_word' id='word_1_501' title='bbox 616 4627 643 4673; x_wconf 93' lang='lat' dir='ltr'><strong>et</strong></span> <span class='ocrx_word' id='word_1_502' title='bbox 662 4619 790 4688; x_wconf 86' lang='lat' dir='ltr'><strong>superius</strong></span> <span class='ocrx_word' id='word_1_503' title='bbox 817 4618 853 4672; x_wconf 87' lang='lat' dir='ltr'><strong>sd</strong></span> <span class='ocrx_word' id='word_1_504' title='bbox 878 4635 979 4688; x_wconf 87' lang='lat' dir='ltr'><strong>aquam</strong></span> <span class='ocrx_word' id='word_1_505' title='bbox 998 4619 1109 4690; x_wconf 84' lang='lat' dir='ltr'><strong>Wopalr</strong></span> <span class='ocrx_word' id='word_1_506' title='bbox 1136 4625 1163 4672; x_wconf 89' lang='lat' dir='ltr'><strong>et</strong></span> <span class='ocrx_word' id='word_1_507' title='bbox 1190 4620 1314 4674; x_wconf 86' lang='lat' dir='ltr'><strong>ascendit</strong></span> <span class='ocrx_word' id='word_1_508' title='bbox 1340 4620 1482 4691; x_wconf 90' lang='lat' dir='ltr'><strong>quendam</strong></span> <span class='ocrx_word' id='word_1_509' title='bbox 1511 4623 1596 4680; x_wconf 85' lang='lat' dir='ltr'><strong>Bercz</strong></span> 
     </span>
     <span class='ocr_line' id='line_1_49' title="bbox 349 4705 1597 4783; baseline 0.006 -23"><span class='ocrx_word' id='word_1_510' title='bbox 349 4705 438 4760; x_wconf 87' lang='lat' dir='ltr'><strong>tendit</strong></span> <span class='ocrx_word' id='word_1_511' title='bbox 456 4706 492 4761; x_wconf 89' lang='lat' dir='ltr'><strong>ad</strong></span> <span class='ocrx_word' id='word_1_512' title='bbox 510 4713 634 4762; x_wconf 91' lang='lat' dir='ltr'><strong>montem</strong></span> <span class='ocrx_word' id='word_1_513' title='bbox 654 4706 701 4760; x_wconf 92' lang='lat' dir='ltr'><strong>ubi</strong></span> <span class='ocrx_word' id='word_1_514' title='bbox 720 4713 762 4760; x_wconf 89' lang='lat' dir='ltr'><strong>est</strong></span> <span class='ocrx_word' id='word_1_515' title='bbox 780 4705 867 4762; x_wconf 90' lang='lat' dir='ltr'><strong>Holm</strong></span> <span class='ocrx_word' id='word_1_516' title='bbox 886 4707 914 4760; x_wconf 91' lang='lat' dir='ltr'><strong>in</strong></span> <span class='ocrx_word' id='word_1_517' title='bbox 933 4706 986 4761; x_wconf 88' lang='lat' dir='ltr'><strong>fine</strong></span> <span class='ocrx_word' id='word_1_518' title='bbox 1005 4706 1092 4777; x_wconf 88' lang='lat' dir='ltr'><strong>ipsius</strong></span> <span class='ocrx_word' id='word_1_519' title='bbox 1115 4707 1200 4760; x_wconf 85' lang='lat' dir='ltr'><strong>Bercn</strong></span> <span class='ocrx_word' id='word_1_520' title='bbox 1228 4707 1302 4763; x_wconf 92' lang='lat' dir='ltr'><strong>cadit</strong></span> <span class='ocrx_word' id='word_1_521' title='bbox 1319 4709 1347 4763; x_wconf 90' lang='lat' dir='ltr'><strong>in</strong></span> <span class='ocrx_word' id='word_1_522' title='bbox 1367 4709 1597 4783; x_wconf 85' lang='lat' dir='ltr'><strong>Linlrochpotolra</strong></span> 
     </span>
    </p>
   </div>
   <div class='ocr_carea' id='block_1_3' title="bbox 0 0 1748 5380">
    <p class='ocr_par' dir='ltr' id='par_1_3' title="bbox 0 0 1748 5380">
     <span class='ocr_line' id='line_1_50' title="bbox 0 0 1748 5380; baseline 0 3"><span class='ocrx_word' id='word_1_523' title='bbox 0 0 1748 5380; x_wconf 95' lang='lat' dir='ltr'><strong> </strong></span> 
     </span>
    </p>
   </div>
  </div>
 </body>
</html>
