3464 5382
378 383 440 446 122
876 403 897 444 1.
920 388 1120 460 assumsit,

374 567 410 624 de
428 584 514 640 regno
533 584 585 624 sno
603 569 646 624 vel
663 568 775 624 aliunde
793 585 856 626 eum
874 585 968 638 uxore,
987 569 1050 624 filiis
1068 575 1096 624 et
1107 567 1189 625 bonis
1201 567 1258 624 suis
1272 571 1384 640 propter
1396 567 1614 638 indignationem

374 658 478 727 regiam
508 655 544 712 ad
571 657 711 712 mutatam
738 657 900 728 contugerit,
927 657 1043 713 liberum
1070 657 1105 712 sit
1123 655 1230 713 civibus
1254 671 1318 711 eum
1335 661 1476 726 receptare
1494 669 1615 725 eumque

375 744 449 800 infra
466 745 587 816 spatium
605 751 711 816 septem
738 743 846 801 dierum
869 745 992 814 retinere,
1017 750 1082 816 poet
1105 759 1184 816 quos,
1208 744 1231 798 si
1250 744 1367 814 gretiam
1384 743 1488 813 regium
1505 743 1615 798 interim
1727 779 1728 802 r

376 833 517 903 acquirere
535 834 696 904 nequiverit,
723 833 841 888 liberum
869 834 905 888 eit
923 833 961 888 illi
978 850 1043 889 cum
1067 832 1194 888 omnibus
1219 831 1277 885 suis
1295 830 1379 885 rebus
1397 829 1490 896 abire;
1509 830 1614 900 siquis

375 938 411 976 ex
429 920 536 976 civibus
553 922 621 976 nlius
639 921 716 978 abire
734 922 857 990 voluerit,
882 937 976 976 secure
994 937 1059 976 oum
1076 919 1180 976 familia
1197 924 1225 974 et
1242 917 1324 972 rebus
1343 917 1523 990 permittatur.
1542 915 1616 971 Gon·

375 1008 467 1063 firmat
485 1009 568 1064 etiam
588 1009 752 1064 territorium
763 1009 879 1065 1111111111
891 1026 908 1063 a
920 1007 1056 1076 columna,
1074 1024 1147 1078 quae
1165 1005 1218 1060 sub
1236 1006 1338 1076 Ostrog
1356 1005 1447 1076 posita
1464 1009 1508 1060 est
1525 1019 1615 1075 usqne

376 1095 412 1150 ed
431 1096 525 1151 villam
544 1095 701 1167 Smoquiae.
720 1095 842 1152 Nomine
860 1103 953 1152 autem
972 1096 1098 1151 villarum
1117 1101 1145 1151 et
1161 1095 1286 1151 locorum
1303 1095 1331 1149 in
1349 1096 1402 1149 hoc
1420 1095 1537 1149 termino
1549 1099 1616 1148 sunt

376 1185 458 1240 hacc:
477 1187 676 1241 monesterium
694 1201 716 1239 s.
734 1185 809 1240 Petri
828 1185 863 1240 de
882 1184 1038 1252 Olobocisa,
1056 1183 1122 1239 villo
1140 1183 1224 1254 Biacy
1241 1199 1305 1238 cum
1322 1187 1381 1237 toto
1399 1182 1535 1238 territorio
1554 1197 1614 1250 suo,

376 1273 492 1328 ecclesia
510 1289 532 1328 s.
551 1273 661 1342 Vitalis,
680 1279 708 1328 et
726 1289 748 1327 s.
768 1272 888 1343 Georgii,
913 1289 1017 1344 pascus
1034 1271 1148 1342 Diuuly,
1174 1285 1289 1341 campus
1307 1269 1507 1340 i'raguriensis,
1524 1273 1616 1324 totum

376 1361 548 1416 Menolinnm
566 1377 655 1432 usque
673 1360 709 1416 ad
728 1361 884 1432 Smoquise.
903 1359 1087 1416 Extrsdmum
1106 1359 1159 1414 sub
1178 1373 1262 1413 sures
1280 1357 1356 1412 bulla
1374 1374 1424 1428 per
1440 1371 1540 1411 manus
1557 1373 1616 1411 ma·
1727 1377 1728 1384 ¹

375 1448 453 1518 gistri
472 1446 612 1503 Benedicti
631 1463 725 1518 praep.
736 1446 865 1514 albensis,
884 1448 966 1502 aulae
983 1446 1146 1508 cancellarii,
1165 1443 1362 1501 existentibus:
1382 1443 1525 1516 stephano
1543 1445 1616 1516 epis·

376 1551 447 1606 copo
465 1535 584 1606 regrum,
605 1534 741 1607 Dyonisio
760 1535 833 1591 bano
852 1534 1015 1590 Sclcvoniss
1033 1540 1061 1590 et
1078 1533 1276 1588 maritimarum
1294 1537 1345 1588 etc

438 1639 483 1694 Ec
511 1640 581 1696 libro
608 1639 866 1696 commemoriclium
897 1641 924 1693 Τ.
944 1639 993 1708 ΙΙ.,
1018 1656 1047 1710 p.
1067 1643 1123 1693 403
1148 1640 1180 1695 in
1206 1639 1319 1694 credito
1336 1638 1437 1694 Aulion
1460 1637 1616 1694 Viennensi.

381 1727 563 1795 chnb'eoid:
580 1729 674 1783 Borbc
692 1727 812 1784 Hrooto.
831 1729 862 1781 P.
884 1729 998 1782 76-78.

431 1883 611 1940 ccccxiv.
636 1885 780 1956 Trugurii,
805 1887 845 1938 18.
864 1884 967 1939 Martii
985 1887 1066 1938 1242.
1087 1883 1155 1939 Bela
1172 1883 1216 1938 IV
1233 1899 1282 1939 rex
1299 1883 1430 1952 notificat,
1456 1881 1532 1955 quod
1550 1883 1616 1939 'ire

379 1988 489 2043 guauns
508 1973 655 2044 episcopus
666 1971 866 2042 Traguricnsis,
885 1988 948 2026 curn
960 1977 1020 2027 tcto
1033 1987 1084 2027 suo
1096 1971 1177 2040 clero,
1196 1976 1224 2026 et
1237 1969 1326 2028 Cerne
1337 1971 1373 2027 de
1386 1971 1516 2027 Garbone
1528 1977 1619 2027 rector
1727 1963 1728 1982 ³

381 2065 409 2116 ct
427 2059 512 2116 iudex
530 2061 647 2116 civitalis
665 2075 728 2116 cum
746 2058 875 2114 omnibus
900 2058 1014 2126 civibus,
1038 2058 1179 2114 venientes
1197 2058 1226 2113 in
1244 2060 1304 2130 eius
1329 2059 1513 2130 praenuntiem
1532 2059 1618 2130 petie·

382 2147 445 2216 rint,
463 2153 495 2201 ut
513 2147 553 2201 eis
570 2146 746 2202 confirmaret
763 2147 936 2216 privilegium
955 2146 1027 2216 regis
1049 2151 1077 2201 et
1097 2143 1176 2200 ducis
1195 2143 1341 2202 Slavoniae
1355 2145 1508 2214 Golomani,
1526 2147 1619 2202 fratris

380 2236 449 2306 ejus,
467 2235 496 2290 in
515 2251 571 2306 quo
595 2235 649 2289 iliis
675 2234 817 2306 praedium
836 2234 914 2303 Drid‚
941 2239 1055 2306 epatre
1073 2251 1169 2289 eorum
1186 2250 1251 2304 rege
1269 2233 1381 2288 Andrea
1398 2234 1430 2288 II
1447 2249 1619 2303 conoessum,

381 2323 560 2386 confirmavit,
584 2321 619 2378 de
637 2339 710 2378 novo
728 2323 871 2394 privilegio
890 2338 941 2378 suo
960 2321 1142 2390 confirmaret,
1163 2338 1247 2392 quam
1266 2323 1383 2392 gratim
1400 2338 1450 2376 rex
1467 2321 1521 2376 illis
1540 2337 1619 2392 prae-

382 2411 458 2478 stitit,
485 2409 636 2466 inhibendo
654 2415 682 2464 et
700 2407 886 2479 extinguendo
914 2425 1025 2464 omnem
1049 2407 1269 2479 jurisdictionem
1294 2407 1436 2463 Budislavi
1463 2409 1572 2465 comitis
1590 2413 1619 2463 et

383 2497 508 2565 aliorum,
526 2495 727 2552 introducendo
745 2495 807 2552 illos
826 2501 854 2552 et
872 2497 1015 2552 ecclesiam
1026 2496 1239 2566 Traguriensem
1253 2497 1282 2550 in
1295 2496 1500 2567 possessiouem
1512 2495 1619 2566 praedii
1727 2569 1728 2574 ἵ

380 2601 430 2657 per
448 2585 577 2640 comitem
594 2584 715 2652 Petrum,
739 2585 903 2654 magistrum
925 2585 1128 2639 tovernicorum
1152 2582 1200 2638 filii
1225 2583 1421 2655 suiStephani
1439 2582 1526 2640 ducis.
1553 2583 1618 2639 Exi·

380 2677 470 2728 sternte
483 2671 646 2744 Stephano)
659 2671 791 2743 episcopo
804 2689 876 2743 sagr.
889 2672 1016 2727 Dionisio
1029 2671 1102 2726 bano
1115 2673 1201 2727 totius
1211 2670 1358 2727 Slavonine
1372 2677 1400 2725 et
1411 2671 1619 2726 maritimarum.

437 2779 552 2834 Lucius:
571 2778 703 2833 Memoris
721 2778 752 2833 cii
772 2777 855 2834 11111.
870 2795 901 2848 p.
921 2781 963 2833 41.
982 2777 1114 2834 Foricti:
1132 2777 1213 2848 Iiiyr.
1232 2775 1310 2832 Scor.
1331 2775 1429 2832 1117.
1446 2793 1475 2847 p.
1494 2779 1557 2832 340.

435 2935 596 2992 COOOXV.
620 2935 754 3008 Ragusii,
779 2939 822 2988 22.
841 2935 1044 3004 1111111212.
1068 2935 1103 2989 In
1128 2935 1284 3006 praesentis
1308 2933 1443 3006 Stephani
1467 2934 1618 2990 Juetiniani

380 3025 490 3080 comitis
508 3023 631 3094 Ragnsii,
658 3025 771 3078 Marcus
788 3023 966 3079 Dulcineneis
991 3023 1139 3094 episcopus
1157 3040 1213 3078 una
1231 3040 1294 3078 cum
1312 3023 1452 3078 canonicis
1471 3024 1536 3090 suis,
1561 3021 1620 3077 diu·

381 3129 451 3168 cono
470 3110 616 3167 Theodoro
635 3109 669 3166 de
687 3110 855 3182 Lampridio,
881 3110 999 3167 diacono
1017 3109 1130 3166 Andree
1148 3110 1183 3166 de
1201 3111 1299 3178 Maria,
1319 3109 1489 3167 subdiacono
1508 3109 1620 3166 Grobac

380 3201 488 3256 comitis
516 3201 591 3255 Petri
622 3198 789 3254 dulcinensis
820 3215 883 3254 oum
917 3198 1058 3255 nobilibus
1087 3199 1152 3254 viris
1182 3198 1399 3254 Dulcinensibus
1428 3198 1539 3252 Berissu
1573 3215 1619 3254 co-

380 3288 454 3342 mitis
471 3287 614 3343 Valentini
641 3291 669 3342 et
686 3286 769 3342 Petro
787 3285 823 3342 de
848 3285 988 3358 Goyslavo
1012 3288 1104 3342 iurant
1128 3287 1164 3342 sd
1191 3303 1212 3341 s.
1231 3287 1284 3342 Dei
1304 3285 1454 3356 evangelia,
1478 3284 1620 3356 quomodo
1727 3335 1728 3340 ,

380 3379 470 3430 totum
493 3373 564 3428 illud
588 3378 789 3444 pertractarunt
813 3379 841 3428 et
864 3374 1061 3428 confirmarunt
1085 3389 1148 3429 cum
1171 3373 1315 3445 Stephano
1339 3375 1439 3429 comite
1457 3373 1573 3444 Ragusii
1592 3377 1620 3428 et

381 3477 444 3516 cum
462 3461 585 3532 capitulo
603 3467 631 3515 et
649 3462 789 3516 communi
812 3461 926 3532 Ragusi,
952 3461 1023 3516 siout
1047 3461 1099 3516 fuit
1123 3462 1300 3518 commissum
1319 3479 1336 3516 a
1354 3461 1476 3532 Georgio
1495 3461 1620 3533 principe

381 3547 515 3614 Diooliae,
534 3547 591 3602 filio
610 3549 705 3619 iupsni
724 3548 848 3615 17111111,
874 3554 902 3603 st
919 3554 1007 3604 totum
1025 3547 1093 3608 illud
1113 3549 1188 3629 quod
1207 3567 1270 3605 cum
1288 3549 1503 3622 praenominatis
1521 3555 1620 3604 uana-

380 3641 487 3703 verunt
507 3641 535 3690 et
552 3636 627 3706 quod
647 3637 827 3692 aMiroslovo
846 3637 945 3692 comite
956 3636 1119 3692 Dulcinensi
1137 3643 1165 3692 et
1183 3655 1200 3692 a
1218 3643 1276 3692 toto
1295 3637 1417 3708 capitulo
1435 3641 1463 3691 et
1479 3635 1621 3691 communi

380 3723 543 3779 Dulcinensi
562 3742 611 3795 per
631 3725 821 3796 jurameutum
839 3725 878 3780 eis
897 3725 949 3780 suit
974 3725 1159 3781 commissum.
1184 3725 1222 3779 Et
1240 3741 1335 3780 omnes
1360 3723 1528 3796 infrascripti
1546 3723 1621 3778 bona

381 3811 436 3865 fide
454 3811 641 3865 conciliabunt
665 3817 692 3865 ct
711 3810 882 3867 adiuvabant
905 3811 1031 3867 homines
1050 3812 1165 3881 Regueii
1190 3813 1260 3868 sicut
1283 3812 1409 3868 homines
1427 3811 1613 3868 Dulcinenaes

381 3899 569 3953 salvatamen
588 3915 656 3969 pace
683 3895 788 3953 domini
805 3900 878 3969 regis
899 3898 1018 3954 Servioe.
1042 3899 1079 3954 Et
1096 3899 1131 3954 de
1149 3899 1203 3955 hoc
1227 3899 1317 3955 iactae
1341 3905 1406 3956 sunt
1430 3899 1503 3956 duae
1527 3907 1621 3956 cartae
1726 3929 1728 3952 f

382 3987 492 4041 similes.
520 3986 684 4056 signarunt:
711 3986 824 4041 Marcus
852 3987 1007 4058 epiecopus,
1036 3987 1179 4058 presbyter
1197 3987 1313 4043 Maurus
1340 3988 1458 4044 vicarius
1482 3988 1621 4044 Johcnnis

381 4075 518 4145 Ragusiui
541 4074 748 4146 archiepiscopi,
774 4075 918 4146 presbyter
941 4075 1089 4131 Mathaeus
1114 4075 1214 4144 Lucae,
1239 4076 1358 4131 vicarius
1383 4076 1507 4132 eiusdem
1531 4075 1622 4131 archi·

382 4162 512 4234 episcopi,
531 4161 675 4233 presbyter
692 4162 802 4218 Blasius
819 4162 957 4228 Johanpis
975 4164 1093 4220 vicarius
1119 4164 1245 4235 ejusdem
1273 4163 1480 4234 archiepiscopi,
1509 4163 1622 4218 subdia-

382 4265 469 4307 conus
480 4249 629 4305 Gervasius
643 4250 717 4305 Petri
730 4251 847 4306 vicarius
860 4251 991 4320 eiusdem,
1004 4251 1148 4323 presbyter
1160 4252 1245 4322 Elyes
1257 4250 1368 4306 viviani
1381 4249 1467 4316 testis,
1487 4249 1620 4304 diaconus

383 4339 530 4395 Methaeue
549 4337 672 4394 Teochili
689 4343 707 4392 t
726 4339 841 4394 clericus
861 4339 994 4394 Ursacius
1012 4339 1160 4394 Mathaeit
1181 4336 1346 4393 Theodorus
1363 4336 1498 4392 diaconus
1517 4343 1535 4392 t
1556 4337 1621 4391 sub·

382 4425 516 4482 diaconus
535 4425 661 4480 Andreas
685 4431 704 4480 t.
723 4426 911 4481 subdiaconus
930 4425 1024 4482 Grobc
1041 4431 1060 4480 1.
1080 4425 1208 4480 Clemens
1227 4425 1312 4482 Bersii
1328 4426 1382 4496 jur.
1397 4425 1487 4495 judex
1504 4425 1621 4496 ngnsii

383 4515 526 4570 Grubessa
550 4513 704 4569 Balislavae
724 4515 780 4585 jur.
802 4513 890 4586 judex
915 4515 983 4585 Rug.
1009 4513 1158 4583 Gojslevus
1183 4513 1321 4568 Theodori
1347 4511 1441 4568 Croesi
1463 4515 1517 4584 jur.
1532 4513 1621 4584 judex

383 4601 452 4670 ng.
472 4600 598 4656 Andreas
616 4601 732 4656 Ranane
747 4602 759 4672 j
796 4642 802 4655 .
817 4601 907 4671 judex
931 4601 1000 4672 Rog.
1020 4601 1118 4656 Petrus
1136 4601 1291 4656 Balislavae
1309 4600 1394 4668 testis
1421 4600 1533 4655 Velcius
1552 4600 1623 4656 Vlc-

383 4691 473 4746 dimiri
491 4696 511 4746 t.
530 4690 648 4745 Bnbeue
665 4689 739 4745 Petri
757 4695 777 4745 t.
790 4689 934 4746 Grubessa
947 4689 1095 4746 Gundulae
1106 4695 1127 4745 1.
1140 4689 1312 4747 Bonardicus
1325 4688 1483 4746 Osvslcabo
1495 4688 1622 4745 Venetus
