3376 5350
287 419 353 487 432
788 437 807 476 r.
829 423 1038 490 xuxuruavro,

341 612 451 668 MDIX.
471 617 546 668 1292.
565 618 607 668 26.
632 615 801 670 Notembris.
826 617 952 672 Andreas
975 617 1024 671 III.
1050 633 1097 672 rex
1122 623 1217 672 notum
1242 618 1321 686 iacit,
1341 618 1415 688 quod
1440 635 1542 674 comes

288 701 385 772 Ogyoz
404 701 518 768 (Ochus)
538 703 610 757 iilius
629 704 731 770 Buzad
751 721 813 758 cum
833 721 947 775 regnum
968 705 1129 775 Hungariae
1150 707 1240 775 primo
1264 705 1395 762 adivisset
1419 709 1481 760 eius
1505 724 1539 761 se

287 791 365 846 lateri
383 793 500 861 iungens
518 792 606 846 multa
624 794 647 846 ei
667 794 777 847 servitia
795 793 929 848 exhibuit
949 793 1068 848 Demum
1081 791 1183 864 adepto
1196 809 1282 863 regno
1295 811 1358 848 cum
1379 795 1539 848 exercitum

287 885 383 934 contra
401 879 472 934 filios
492 880 601 933 Herrici
618 881 681 935 bani
695 880 833 947 movisset,
845 880 919 935 idem
931 897 1025 935 comes
1037 879 1139 934 damna
1151 897 1206 935 non
1220 880 1328 936 modica
1340 880 1368 934 in
1385 883 1542 938 amissione

288 969 369 1021 castri
390 968 432 1023 sui
452 975 480 1022 et
498 967 685 1022 destructione
704 971 908 1040 possessionum
926 985 1047 1036 suarum,
1066 985 1137 1038 quae
1155 968 1191 1022 ad
1216 969 1337 1024 valorem
1361 969 1437 1024 mille
1463 987 1539 1024 mar·

289 1071 381 1109 carum
401 1055 596 1122 ascendebant,
616 1063 658 1110 est
676 1073 831 1126 perpessus,
850 1073 913 1110 cum
932 1056 1057 1112 etmulti
1077 1073 1112 1110 ex
1130 1058 1190 1111 eius
1203 1056 1385 1111 servientibus
1397 1057 1541 1112 vulnerati

287 1142 412 1196 inissent
433 1141 577 1198 Praeterea
595 1159 658 1197 cum
677 1144 808 1212 magister
824 1143 967 1200 Johanues
986 1145 1059 1198 filius
1077 1145 1187 1198 Herrici
1207 1145 1270 1200 bani
1284 1150 1367 1214 rupto
1380 1145 1458 1214 pacis
1479 1145 1541 1198 ioe-

288 1229 352 1284 dere
361 1229 432 1284 inter
445 1247 508 1284 eum
522 1236 550 1284 et
562 1247 654 1299 regem
667 1229 801 1294 ordinato,
815 1233 903 1302 ipsam
917 1248 1062 1302 personam
1077 1231 1180 1300 regiam
1189 1248 1259 1286 ausu
1269 1231 1414 1286 temerario
1427 1232 1540 1301 impen-

288 1317 408 1382 divisset,
427 1319 487 1388 ipse
506 1333 598 1372 cornea
618 1335 667 1388 pro
685 1319 847 1373 liberatione
866 1320 925 1374 eius
944 1320 1057 1374 unicum
1076 1320 1163 1374 lilium
1182 1336 1264 1374 suum
1290 1319 1380 1374 eidem
1400 1321 1541 1389 magistro

288 1403 401 1460 tradidit
420 1405 447 1460 in
466 1403 601 1460 obsidem.
621 1405 809 1460 Consideratis
827 1408 922 1476 itaque
940 1407 982 1461 bis
1001 1409 1126 1474 servitiis,
1145 1425 1193 1462 rex
1212 1409 1236 1462 ei
1255 1405 1335 1462 villas
1350 1423 1399 1460 seu
1418 1406 1541 1477 praedia

290 1491 422 1562 reginalia
440 1493 467 1546 in
487 1493 620 1548 comitatu
640 1493 674 1548 de
693 1493 848 1548 Wereuche
866 1494 1019 1561 existentia,
1038 1493 1163 1550 Luolrina
1175 1500 1203 1549 et
1218 1494 1367 1550 Wrihovch
1385 1501 1491 1560 vocata,
1506 1495 1538 1548 in

289 1587 453 1650 perpetuum
473 1579 590 1634 contulit
609 1581 784 1651 possidenda.
804 1581 908 1636 Datum
926 1598 976 1652 per
994 1600 1092 1638 manus
1111 1600 1147 1636 m.
1167 1582 1305 1636 Theodori
1325 1582 1474 1652 praepositi
1493 1581 1535 1636 al-

290 1668 382 1724 bensis
400 1667 481 1722 atriae
500 1668 724 1736 vicecancellarii,

342 1755 390 1808 Ec
407 1756 518 1810 archivo
538 1755 668 1810 corraercli
687 1755 811 1810 badensi.
835 1756 959 1810 ll'eneel:
980 1755 1045 1810 Cori.
1065 1755 1135 1826 dipl.
1154 1755 1254 1826 ,trpad
1280 1756 1351 1812 XII.
1370 1759 1429 1812 526.

341 1916 437 1970 leX.
456 1916 589 1986 Neapoli.
611 1919 685 1971 1251).
705 1921 728 1972 t.
743 1917 906 1971 Decembris.
927 1915 1043 1971 (larolus
1063 1913 1215 1980 llartellus
1241 1907 1288 1969 rex
1312 1915 1431 1980 Siciliae,
1451 1915 1538 1972 Hun-

288 2005 397 2073 gariae,
418 2003 517 2070 Dalm,
537 2005 670 2058 Croaciae
689 2011 748 2070 etc,
768 2021 831 2059 cum
850 2005 950 2058 nobilis
969 2005 1011 2057 vir
1029 2003 1175 2057 Racislaus
1187 2003 1277 2056 banus
1290 2001 1444 2069 Slavoniae,
1458 2009 1539 2058 certa

289 2093 363 2145 bona
381 2092 409 2144 in
428 2108 512 2162 regno
532 2092 671 2160 Ungariae
690 2093 741 2146 sibi
761 2091 868 2146 dudum
881 2109 898 2146 a
911 2091 998 2145 bonae
1012 2091 1159 2146 memoriae
1172 2089 1302 2144 Ladislao
1315 2105 1380 2160 rege
1393 2089 1539 2160 Ungariae

291 2177 501 2249 praedecessore
528 2185 556 2233 et
581 2179 719 2233 avunculo
745 2195 796 2233 suo
819 2179 917 2232 asserit
941 2179 1093 2234 donacione
1112 2194 1243 2232 concessa
1266 2177 1361 2242 fuisse,
1386 2177 1537 2234 coufirmat

289 2266 378 2320 eidem
398 2265 472 2320 dicta
491 2266 564 2321 bona
583 2282 647 2320 cum
666 2282 716 2320 suo
736 2266 886 2336 privilegio.

342 2355 430 2409 Arlciv
448 2370 482 2408 ro
501 2354 573 2424 pooj.
588 2354 692 2424 juposl.
715 2355 779 2408 VII.
799 2371 825 2424 p.
844 2355 897 2407 21Γ

343 2497 454 2552 lllDXl.
474 2497 646 2571 Zaflnbiae.
665 2499 743 2549 1292.
760 2499 804 2549 26.
823 2495 987 2549 Decembris.
1007 2494 1133 2548 Andreas
1158 2493 1209 2546 Ill.
1229 2511 1276 2548 rex
1296 2493 1441 2563 significat,
1460 2494 1539 2563 quod

289 2586 436 2641 attendens
455 2585 547 2640 tidelia
565 2585 675 2639 servitia
693 2583 768 2638 Petri
788 2581 878 2637 Sclavi
898 2583 1011 2637 device
1031 2583 1192 2637 Latinorum
1217 2581 1360 2636 servientis
1385 2581 1428 2634 sui
1455 2579 1541 2636 duxit

290 2676 314 2730 ei
333 2675 449 2742 gratiam
468 2673 565 2738 facere,
585 2671 660 2742 quod
678 2671 772 2725 nullus
790 2673 879 2726 banus
891 2670 934 2725 vel
947 2669 1074 2725 officialis
1092 2671 1152 2724 eius
1170 2685 1219 2723 seu
1239 2668 1401 2724 collectores
1419 2669 1487 2738 regii
1507 2669 1537 2722 in

291 2763 465 2832 possessione
485 2760 550 2816 dicti
569 2760 653 2827 Petri,
671 2759 738 2814 Ivan
758 2759 806 2813 filii
824 2759 945 2823 Martini,
959 2759 1068 2828 cognati
1087 2758 1183 2827 ipsius,
1202 2762 1230 2810 et
1248 2756 1399 2810 llomoldin
1415 2756 1538 2826 proximi

291 2848 449 2916 eorundem,
468 2849 496 2903 in
518 2849 691 2919 possessione
710 2865 804 2902 corum
830 2845 985 2918 Soepnicha
1009 2843 1111 2900 audeat
1140 2843 1296 2914 aliqualiter
1320 2843 1469 2898 molestare
1493 2844 1541 2898 vel

291 2937 407 2992 turbare.

345 3023 474 3078 l'tatc'ie:
493 3025 572 3078 Mon.
592 3023 669 3077 Hist.
693 3023 720 3077 Τ.
740 3024 765 3076 Ι.
780 3039 810 3090 p.
827 3023 889 3076 230.

345 3181 472 3235 MDXll.
492 3185 567 3234 1292.
587 3180 713 3236 Andreas
731 3180 783 3234 111.
807 3197 864 3247 rex,
890 3179 1066 3235 considerans
1091 3177 1262 3232 servitiorum
1290 3175 1388 3230 merita
1412 3175 1541 3242 megistri

294 3269 427 3323 Durualai
455 3269 489 3322 de
514 3267 587 3322 Rum
613 3269 731 3334 (Romal,
751 3285 821 3338 quae
846 3269 874 3321 in
898 3268 1012 3322 diversis
1035 3265 1258 3336 expeditionibus
1282 3264 1368 3330 regni,
1392 3277 1448 3315 non
1475 3261 1538 3315 sine

293 3359 398 3412 cruoris
416 3358 459 3410 sui
479 3357 611 3410 effusione
629 3358 657 3410 in
677 3357 807 3410 conflictu
826 3356 959 3421 exhibuit,
983 3361 1066 3425 prout
1085 3371 1119 3407 ex
1139 3351 1271 3406 relatione
1289 3349 1424 3403 baronum
1443 3356 1470 3403 et
1490 3366 1543 3403 no·

295 3445 391 3500 bilium
412 3446 503 3499 extitit
522 3443 708 3508 manifestum,
726 3444 882 3514 specialiter
894 3459 927 3497 eo
940 3451 1070 3512 tempore,
1085 3457 1148 3494 eurn
1162 3440 1293 3508 magister
1304 3437 1321 3492 J
1325 3437 1448 3491 ohannes
1460 3437 1539 3490 iilius

292 3533 406 3588 Henrici
426 3534 490 3588 bani
509 3548 578 3586 arrsu
598 3533 744 3586 temerario
763 3547 856 3602 regem
875 3531 1063 3602 impediverat,
1090 3528 1164 3582 idem
1188 3525 1345 3580 Duruslsus
1369 3531 1483 3594 propter
1505 3523 1538 3578 li·

292 3623 427 3675 bertatem
443 3621 515 3689 regis
534 3619 671 3672 continuis
684 3618 868 3688 legationibus
881 3617 1022 3688 fatigatus,
1036 3617 1123 3670 filium
1136 3631 1217 3668 suum
1232 3613 1346 3668 dederat
1358 3613 1386 3666 in
1399 3609 1538 3666 obsidem.

293 3707 416 3777 Cupiens
435 3723 501 3776 ergo
514 3711 640 3776 respectu
653 3707 824 3759 servitiorum
839 3723 952 3760 suorum
965 3721 1027 3760 eum
1041 3717 1215 3757 renumerare
1229 3700 1339 3754 donauit
1352 3700 1377 3753 ci
1391 3697 1536 3768 quandam

292 3805 392 3851 terram
413 3806 477 3858 tnon
496 3795 683 3856 nominatam).
703 3793 806 3847 Datum
826 3809 875 3862 per
894 3809 992 3846 manus
1011 3791 1134 3859 magistri
1160 3787 1296 3842 Theodori
1315 3786 1436 3842 albensis
1456 3801 1536 3856 prae·

292 3885 375 3954 positi
395 3883 473 3937 atilae
492 3881 716 3937 vicecancellarii.

345 3971 445 4039 Fejer:
466 3969 531 4025 coe.
551 3969 620 4040 dipl.
642 3970 671 4024 T.
695 3969 743 4023 VI.
763 3969 812 4022 ool.
833 3969 857 4022 I.
877 3985 903 4038 p.
922 3972 981 4020 204.

347 4129 489 4184 llDXIll.
518 4133 594 4184 1292.
622 4128 749 4183 Andreas
776 4127 829 4182 Ill.
857 4145 905 4182 rex
934 4127 1040 4182 conicrt
1068 4128 1200 4196 magistro
1228 4123 1352 4179 Duruzlo
1380 4119 1541 4190 (Daroslav)

293 4217 433 4289 quandam
453 4227 553 4272 terram
567 4217 763 4287 jaculatorum,
781 4215 883 4285 lgrichi
903 4221 1035 4280 vocatam,
1056 4232 1105 4284 pro
1119 4231 1159 4278 eo,
1173 4211 1247 4282 quod
1266 4211 1293 4265 in
1313 4210 1443 4264 conflictu
1462 4209 1537 4264 Teu-

294 4308 447 4360 tonieorum
466 4304 560 4358 tidelia
578 4303 732 4358 exhibuerit
751 4305 869 4369 servitia,
888 4321 921 4358 eo
941 4311 1064 4372 ternpore
1083 4319 1145 4356 cerm
1161 4302 1291 4368 magister
1303 4297 1446 4353 lohannes
1460 4297 1538 4352 filius

294 4395 403 4448 Herrici
432 4393 495 4448 bani
521 4409 590 4446 ausu
615 4392 760 4445 temerario
784 4393 887 4460 regiam
914 4391 1089 4444 ltlaiestatern
1113 4388 1293 4458 impediverat
1311 4385 1385 4440 idem
1405 4385 1541 4454 magister

294 4489 406 4551 propter
424 4480 626 4534 libertationem
644 4480 717 4548 regis
741 4479 878 4533 coutinuis
902 4478 1087 4547 legationibus
1112 4477 1253 4546 latigatus,
1278 4475 1366 4528 tilium
1385 4489 1467 4526 suum
1488 4489 1542 4544 pro

295 4587 359 4636 rege
378 4567 492 4622 tradidit
509 4569 537 4620 in
556 4567 689 4621 obsidem.

354 4655 476 4712 ll'ensel:
498 4655 563 4708 ilud.
582 4655 651 4728 «tint.
671 4653 778 4726 rtrprrcl.
800 4653 870 4706 XII.
890 4657 948 4708 530.
