3480 5356
725 417 870 460 mouera,
925 481 928 488 ⁴
1352 393 1415 457 311

170 579 244 636 tilius
261 578 363 647 Torta,
382 579 483 636 Petrus
502 579 575 634 tilius
593 578 715 648 Rodolti,
739 577 840 651 Koyau
859 579 933 635 filius
952 579 1092 652 Zabialay,
1109 579 1198 636 Jacov
1216 581 1290 634 tilius
1309 579 1417 636 (lordo-

168 667 231 734 slai,
249 664 364 722 Ohabut
387 665 462 720 tilius
490 665 637 722 Prodanch
661 666 695 721 de
719 666 876 736 Bomouch,
902 665 1028 722 Jacobus
1056 667 1129 721 tilius
1156 665 1290 736 Berislay,
1312 666 1416 722 Martin

169 754 243 810 lilius
262 753 361 810 Wltsa
375 752 492 824 jobagio
510 753 620 834 abbatis
640 753 815 825 Topliceusis
833 771 884 826 pro
903 771 933 810 se
952 760 980 810 et
998 753 1112 810 domino
1131 770 1192 810 suo.

223 843 268 896 Es
286 841 399 898 archivo
418 841 550 896 camerali
573 841 707 896 Budensi.
730 841 852 896 Wcusci:
875 841 940 897 (lod.
959 841 1028 910 dipl.
1048 841 1147 911 Arpad
1166 840 1231 896 VII.
1250 845 1310 897 389.

223 963 631 1036 MXLll.Zaprabiae.1271.
654 967 696 1018 21.
720 964 849 1034 Aupuati.
872 963 1029 1020 Iwachinus
1055 964 1144 1018 banus
1163 965 1249 1020 totius
1267 963 1415 1020 Slavoniae

168 1051 301 1120 notificat,
320 1050 397 1121 quod
415 1050 540 1121 Heruoy,
556 1049 766 1118 Obrad,Jscus,
779 1050 934 1122 Stepchech
946 1050 996 1104 lilii
1009 1051 1105 1123 Stepl,
1120 1051 1252 1108 Gordona
1265 1058 1292 1108 et
1306 1051 1414 1122 Oheplr,

169 1138 243 1192 tilius
270 1137 403 1204 eiusdem,
430 1137 564 1205 lacobus,
591 1136 737 1204 Yronlaus,
758 1136 956 1208 Ohornogadu,
985 1137 1059 1194 June
1085 1139 1135 1193 filii
1156 1139 1246 1195 Jacor
1269 1137 1304 1194 de
1326 1139 1416 1210 Blyna

169 1224 291 1296 agebant
315 1225 392 1280 litem
414 1230 511 1280 contra
538 1224 632 1280 Endre
657 1229 685 1280 et
707 1224 827 1293 Irrauus,
855 1225 926 1280 tilios
950 1226 1074 1296 magistri
1098 1225 1259 1297 Stepkouis,
1277 1225 1414 1282 diceutes:

170 1312 247 1383 quod
265 1311 351 1367 iidem
369 1312 418 1366 filii
437 1311 588 1382 Stephonis
608 1311 748 1383 quandam
768 1312 933 1382 particulam
951 1317 1040 1368 terrae
1065 1329 1132 1368 suae
1156 1311 1416 1385 Stepchinaloncha,

168 1403 302 1470 quaeest
319 1400 389 1455 inter
414 1415 516 1469 aquam
540 1397 649 1454 Sarrum
674 1404 702 1454 et
726 1399 824 1454 silvam
842 1398 993 1470 Stepchina
1017 1407 1209 1471 occupassent.
1233 1401 1277 1455 Ex
1299 1400 1416 1457 adverso

137 1473 143 1484 ’
168 1487 218 1542 lilii
237 1485 385 1558 Stepconia
402 1485 614 1556 responderunt,
640 1485 715 1556 quod
734 1485 832 1540 eadem
858 1490 931 1542 terra
954 1503 1051 1542 eorum
1079 1493 1153 1544 esset
1180 1488 1305 1559 emptitia
1331 1505 1416 1558 quam

170 1573 315 1645 privilegio
333 1573 406 1644 regis
427 1571 546 1628 condam
568 1573 652 1628 Belae
675 1572 862 1644 possiderunt,
887 1573 1072 1644 producentes
1097 1575 1126 1629 in
1150 1576 1268 1630 termino
1292 1575 1417 1646 praefixo

171 1661 264 1732 ipsum
283 1660 468 1734 privilegium,
486 1660 514 1714 in
532 1675 589 1730 quo
606 1661 678 1715 inter
695 1665 784 1715 metas
808 1660 870 1731 ipsa
892 1667 967 1716 terra
991 1661 1194 1717 continebatur.
1218 1661 1417 1718 Produxcrunt

173 1749 257 1804 etiam
275 1748 449 1818 privilegium
472 1746 595 1802 Ladislai
618 1746 737 1802 condam
761 1747 827 1802 bani
851 1764 902 1820 pro
926 1748 1114 1817 Blineusibus,
1136 1748 1311 1805 concordans
1335 1750 1417 1820 priri-

168 1833 242 1905 lcgio
259 1835 340 1904 regis.
359 1833 442 1890 Unde
462 1834 551 1888 banus
569 1851 626 1889 uua
644 1850 707 1888 cum
725 1833 868 1890 nobilibus
885 1837 972 1906 regni,
991 1851 1110 1906 quorum
1128 1835 1277 1892 multitudo
1302 1837 1417 1907 copiosa

168 1921 266 1988 adfuit,
284 1920 469 1988 decernendo,
487 1921 577 1992 ipsam
595 1927 697 1976 terram
716 1921 828 1994 reliquit
852 1921 945 1978 Endre
969 1929 998 1978 et
1021 1923 1131 1978 luanus
1154 1922 1328 1994 supradictis,
1353 1923 1415 1994 Bly-

168 2009 301 2064 neuaibus
319 2013 413 2064 autem
432 2014 598 2080 perpetuum
617 2009 755 2064 silentium
775 2010 916 2081 imposuit.

224 2095 299 2165 Θήρ.
316 2111 393 2165 perp.
411 2096 443 2150 iu
461 2111 522 2150 meu
540 2096 707 2153 collectione.

219 2199 360 2255 MXLIII.
378 2199 497 2270 Bichep.
522 2202 601 2254 1271.
626 2203 671 2252 21.
695 2202 824 2270 Augusti
849 2201 1010 2272 Stephanus
1033 2218 1082 2258 rex
1105 2203 1238 2274 notificat,
1263 2205 1339 2274 quod
1364 2222 1416 2276 pro

172 2286 338 2359 quibusdam
363 2286 564 2358 Jobsgionibus
590 2287 676 2342 castri
698 2287 817 2358 Zagrab.
842 2287 978 2359 Stauyssa
1001 2288 1157 2344 exhibuerit
1180 2291 1286 2346 litterae
1309 2291 1416 2362 privile·

170 2373 415 2445 gialesdoachimi
432 2374 498 2429 bani
516 2375 602 2429 totius
620 2375 769 2430 Slaroniae
794 2392 845 2446 pro
872 2376 1090 2444 confirmatione,
1114 2378 1143 2431 iu
1169 2377 1271 2448 quibus
1295 2379 1417 2434 contiue-

169 2461 261 2531 batur,
277 2461 354 2532 quod
372 2477 435 2517 cum
453 2461 602 2516 casualiter
620 2462 649 2515 in
667 2463 827 2532 praesentia
844 2463 928 2518 Belee
946 2463 1026 2518 ducis
1042 2469 1165 2519 astarem
1184 2481 1269 2536 super
1291 2464 1414 2534 quodam

170 2566 222 2605 suo
240 2549 352 2620 negotio
374 2550 518 2604 tractaturi
543 2566 593 2620 per
617 2549 800 2605 odendioaam
828 2555 856 2604 et
883 2551 1007 2621 ineptam
1034 2551 1244 2622 responsionem
1271 2552 1355 2606 unius
1381 2569 1416 2607 ex

169 2637 238 2708 ipsis
256 2637 284 2690 in
303 2635 459 2691 delaturam
481 2636 621 2704 lignorum
645 2653 695 2690 seu
719 2636 863 2706 ligniieroa
885 2637 1104 2694 conditionarios
1128 2639 1296 2706 incidissent,
1321 2645 1348 2694 et
1370 2655 1417 2694 ex·

169 2723 233 2779 inde
251 2724 278 2778 in
297 2729 463 2778 cestrenses.
481 2722 607 2778 Auditis:
635 2723 770 2794 episcopo
788 2723 907 2794 Zagrab.
926 2725 1081 2793 Timotheo,
1099 2726 1223 2796 capitulo
1241 2726 1358 2795 Zagrsb.
1377 2727 1417 2782 M.

172 2811 274 2866 abbate
291 2810 459 2881 Toplioensi,
474 2811 615 2879 magistris
629 2811 837 2881 templariorum
856 2817 884 2865 et
901 2811 1114 2882 hospitaliorum
1133 2817 1161 2867 et
1178 2812 1314 2868 nobilium
1331 2813 1417 2882 regni,

169 2898 307 2954 concessit
324 2897 364 2952 eis
382 2913 431 2952 rex
450 2903 482 2952 ut
499 2897 582 2952 titulo
597 2897 797 2968 jobagionatus
823 2899 908 2952 castri
925 2898 1045 2968 Zagrab.
1063 2899 1178 2970 pacifice
1197 2899 1382 2969 pertruantur.

221 2986 270 3040 En
287 2984 369 3040 vaide
386 2986 481 3053 inepto
499 2990 676 3053 transumpto
695 2987 777 3053 copiu
795 2985 826 3039 iu
844 3000 904 3040 meu
923 2987 1088 3041 collectione.

226 3105 364 3162 MXLIV.
382 3107 499 3178 Vsplse.
519 3110 597 3161 1271.
616 3109 657 3161 12.
676 3105 850 3175 Septembris.
870 3107 990 3179 Sprecca
1007 3107 1043 3163 de
1062 3107 1211 3163 Dominico
1229 3109 1375 3164 confirmat
1388 3115 1416 3164 et

174 3197 302 3266 aoceth
319 3199 515 3249 testamentum
534 3209 617 3249 suum
635 3194 741 3248 iactum
765 3211 814 3265 per
837 3195 1001 3264 magistrum
1026 3195 1179 3249 Martinum
1203 3194 1239 3250 de
1260 3195 1355 3251 Brixia
1377 3197 1418 3252 13.

170 3281 313 3336 Februarii
332 3281 409 3335 1271.
427 3280 547 3351 Insuper
565 3279 694 3335 adiunxit
712 3279 770 3334 dari
789 3282 912 3352 capitulo
922 3279 1067 3352 Vegliensi
1085 3282 1209 3337 medium
1233 3289 1417 3339 romanatum.

168 3367 277 3423 Deinde
295 3366 456 3438 presbytero
476 3366 624 3422 Manfredo
643 3366 748 3422 solidos
769 3369 1001 3436 tenementis
1024 3368 1054 3424 S.
1078 3367 1232 3436 Michaelis,
1256 3370 1285 3426 S.
1311 3371 1418 3426 Mariae

171 3455 206 3510 ds
225 3455 404 3523 castellione,
423 3454 452 3511 S.
471 3455 614 3510 Laurentii
639 3460 667 3510 et
691 3453 720 3510 S.
745 3454 884 3510 iohannis
909 3455 1014 3511 solidos
1038 3457 1169 3527 quinque.
1194 3457 1302 3512 Deinde
1326 3458 1419 3528 primi·

174 3543 247 3598 cerio
277 3558 329 3598 auo
361 3547 476 3612 paterno
503 3541 625 3597 medium
651 3543 796 3598 romanati.
825 3542 969 3598 Fratribus
999 3543 1152 3599 minoribus
1180 3542 1302 3598 medium
1328 3561 1418 3600 roma·

172 3635 277 3696 natum,
305 3629 474 3684 monasterio
493 3627 521 3684 S.
540 3627 686 3684 Michaelis
710 3627 829 3686 dimissit
852 3633 960 3700 partem
984 3635 1118 3684 terrarum
1143 3646 1257 3684 suarum
1281 3629 1316 3685 ds
1341 3631 1418 3686 Dou-

173 3715 262 3786 drugo
281 3721 309 3772 et
326 3721 416 3770 totum
435 3716 537 3771 lectum
562 3731 653 3770 snum.
681 3715 753 3770 ltem
776 3715 886 3772 tertiam
911 3719 1019 3786 partem
1042 3717 1128 3770 totius
1152 3716 1208 3770 vini
1232 3722 1260 3771 et
1284 3715 1359 3771 bladi
1383 3715 1419 3772 de

169 3803 308 3874 praesenti
333 3818 408 3858 auno
426 3809 455 3857 et
475 3806 567 3857 vestes
590 3818 656 3856 suas
681 3803 739 3857 sive
762 3801 933 3870 indumenta,
952 3807 984 3856 ut
1001 3802 1149 3858 Dominica
1173 3802 1230 3858 filia
1254 3819 1306 3859 sua
1328 3803 1418 3858 distri·

167 3891 237 3946 buat
254 3905 304 3961 pro
323 3889 416 3944 anima
434 3905 494 3944 sua.
514 3889 610 3944 Βοηαο
628 3889 762 3945 servitrici
781 3905 849 3944 suae
867 3889 979 3958 reliquit
1000 3905 1088 3944 uuum
1105 3890 1234 3959 cogcium
1254 3893 1277 3946 1.
1296 3891 1417 3958 feltrum,

168 3979 193 4034 1.
219 3976 356 4048 galiciam,
381 3978 405 4031 1.
431 3976 601 4046 regeticlam.
627 3975 740 4031 Brattae
768 3975 826 4031 tilio
854 3991 906 4030 suo
934 3974 1030 4030 decem
1056 3980 1226 4032 romanatos.
1254 3977 1418 4031 Dominicae

170 4065 244 4119 tiliae
262 4079 330 4118 suae
348 4061 468 4118 dimissit
486 4079 583 4118 omnes
601 4068 693 4120 vestm
711 4068 740 4118 et
757 4063 845 4118 lectos
864 4077 932 4118 suos
945 4068 973 4117 et
986 4078 1083 4118 omues
1095 4063 1211 4118 colonos
1231 4068 1259 4118 et
1276 4063 1418 4134 portiones

167 4167 234 4206 suas
252 4157 280 4206 et
297 4149 363 4206 fecit
380 4151 456 4204 illam
482 4151 697 4220 procuratricem
717 4156 745 4205 et
762 4149 1047 4206 fideicommissariam
1068 4167 1156 4207 suam.
1175 4151 1232 4206 Res
1250 4167 1320 4222 quas
1339 4150 1416 4206 dedit

166 4237 317 4294 Debborae
327 4237 468 4308 quondam
481 4237 554 4292 tiliae
567 4254 636 4294 suae
648 4243 808 4294 remaneant
820 4253 907 4309 penes
925 4238 1013 4292 virum
1027 4238 1086 4292 eius
1099 4239 1198 4294 Dessa.
1212 4239 1314 4293 Actum
1324 4255 1417 4294 coram

169 4325 281 4382 Andrea
301 4325 457 4396 primicerio
479 4324 613 4394 Veglensi
632 4331 660 4380 et
677 4342 771 4380 coram
790 4324 908 4381 testibus
931 4325 1064 4395 magistro
1085 4325 1219 4394 Lucieno,
1242 4325 1364 4396 Georgio
1382 4326 1417 4380 de

68 4433 76 4446 ·
166 4413 271 4483 Ingiso,
288 4411 419 4468 Johanne
438 4412 495 4468 lilio
513 4411 604 4466 Stasie
626 4411 660 4466 de
681 4411 801 4468 Tuterc.
822 4413 919 4468 Petrus
941 4411 1076 4467 diaconus
1099 4418 1127 4468 et
1148 4413 1272 4467 notarius
1295 4412 1413 4485 scripsit.

224 4502 258 4554 ln
277 4498 436 4554 collectione
454 4498 634 4554 Aceadentae
652 4499 833 4554 scientiarum
851 4498 972 4568 Zaprub.

220 4617 344 4675 MXLV.
370 4623 450 4674 1271.
470 4623 511 4676 24.
531 4619 705 4689 Septembris.
730 4620 890 4692 Stephanus
908 4620 943 4676 V.
962 4637 1012 4676 rex
1030 4625 1129 4676 uotum
1152 4619 1226 4687 facit,
1249 4621 1326 4690 quod
1351 4637 1418 4676 oum

171 4707 294 4779 populus
322 4705 455 4762 ecclesiae
481 4706 600 4776 Zagrab.
628 4723 678 4778 per
701 4708 848 4764 continuas
875 4709 1035 4764 tentiones
1055 4713 1082 4763 et
1100 4706 1232 4762 descetus
1249 4708 1419 4779 multiplices
