3480 5356
668 427 672 437 .
716 391 862 438 stoma.
1343 375 1408 442 281

167 553 202 614 de
224 553 363 628 Battyna
385 553 509 612 mittut
526 559 552 612 et
571 555 676 613 laeuo
699 556 834 614 seditioso
858 558 1006 616 comitatus
1028 559 1224 617 Verasds'eoeis
1244 576 1299 630 pre
1323 563 1411 620 Bene-

167 641 244 699 diete
255 641 321 714 filie
339 641 425 700 Pauli
442 641 477 698 de
493 642 608 712 Kener,
625 643 781 714 mucosis
805 644 923 701 Wemel:
944 645 1010 702 Oed»
1029 647 1098 716 dipl.
1117 649 1189 718 ΔΨ.
1206 647 1287 704 VIII.
1307 653 1367 707 170.

195 799 200 804 ·
219 781 369 838 buxum
388 786 469 840 1267.
487 783 556 838 Bels
574 783 626 840 IV.
645 798 694 839 rex
712 783 879 854 manifestat,
898 784 974 857 qncd
992 801 1057 842 oum
1069 792 1134 858 post
1145 787 1248 844 multas
1260 789 1324 846 lites
1338 806 1410 860 quae

165 870 237 926 inter
254 867 423 938 Kemlniunr,
441 868 612 926 Reinoldom
629 875 658 926 et
674 869 732 927 Jat
750 871 823 926 filios
842 871 921 928 Ebcd
939 887 975 928 ex
993 889 1049 928 una
1067 878 1146 944 parte
1158 879 1186 930 et
1198 875 1309 946 Ponyth
1322 877 1410 932 tilium

165 954 284 1014 Amoldi
302 971 337 1014 ex
354 957 441 1014 alters
458 957 609 1014 amouere
626 957 752 1026 luissent,
772 962 865 1028 partes
882 959 911 1014 in
929 960 1087 1030 praesentia
1106 961 1236 1032 Philippi,
1249 961 1410 1034 archiepisc.

165 1041 374 1113 strigoniensis,
392 1042 514 1100 Rolami
532 1049 598 1100 tunc
617 1043 681 1100 bani
704 1047 790 1102 totius
814 1044 963 1101 slavonice
981 1051 1010 1100 et
1027 1046 1150 1102 Mauritii
1173 1049 1298 1119 magistri
1322 1055 1411 1106 taver-

164 1129 292 1189 nieorurn
315 1146 350 1186 su
374 1135 453 1202 parte
479 1131 561 1200 regis,
585 1132 673 1202 patris
696 1131 843 1202 Smersgdi
868 1131 1070 1204 archiepiscopi
1094 1132 1266 1204 Coloceusis,
1290 1134 1415 1193 Lodislai

165 1216 301 1274 soivcdas
318 1217 493 1274 Transilrani
512 1223 540 1274 et
557 1219 682 1288 magistri
700 1217 777 1274 Voss
801 1233 835 1275 ex
862 1223 940 1289 parte
964 1219 1015 1274 lilii
1038 1221 1111 1290 regis
1136 1220 1271 1294 Stephani
1298 1221 1415 1294 deputa-

164 1307 266 1373 torum,
284 1309 377 1362 esseut
395 1304 572 1373 constitutae,
591 1304 665 1361 idem
685 1305 795 1376 Pouytb
813 1321 908 1362 coram
926 1305 1031 1363 eisdem
1049 1306 1189 1364 iudicibus
1203 1311 1347 1366 convietus
1362 1311 1416 1366 soit

164 1389 200 1446 de
218 1391 357 1448 calumnia
374 1391 530 1460 mouera,
555 1393 687 1462 quocirca
710 1391 777 1447 dicti
801 1391 906 1448 iudices
930 1393 1086 1464 portionem
1110 1399 1199 1450 terrae
1216 1394 1283 1450 dicti
1303 1396 1413 1468 Ponytb

163 1477 192 1534 in
211 1475 297 1550 syth
315 1477 438 1548 (Nyoki)
456 1477 651 1534 adiudicarunt
669 1478 734 1534 liliis
752 1477 841 1535 Ebed.
860 1479 921 1534 Rex
940 1484 1033 1535 tamen
1051 1496 1136 1551 super
1153 1481 1294 1537 buismodi
1321 1499 1413 1554 poena

165 1565 322 1624 wnruuiae
346 1564 435 1621 eidem
462 1565 565 1622 Ponitb
584 1565 734 1638 inflIgenda
752 1565 970 1624 misericordium
987 1567 1091 1622 secerni
1107 1567 1161 1624 hcc
1179 1567 1264 1624 medo
1283 1575 1315 1624 ut
1337 1569 1412 1625 idem

165 1651 276 1708 dietam
286 1657 388 1708 terram
405 1669 423 1707 a
440 1651 504 1708 fillis
521 1651 603 1708 Ebsd
620 1668 765 1723 nimquam
782 1657 907 1724 repetere
920 1652 1029 1720 audeat,
1042 1652 1118 1724 quod
1137 1655 1160 1709 si
1178 1654 1282 1711 faceret
1295 1671 1331 1710 ex
1347 1661 1413 1712 tuno

162 1741 298 1810 tanquam
319 1737 484 1796 manusco·
508 1739 692 1796 calumniator
715 1739 775 1795 siue
799 1739 857 1798 ulla
882 1739 1078 1796 misereeordia
1100 1741 1252 1810 puniretur.
1271 1741 1328 1810 Qui
1349 1759 1412 1798 eum

162 1831 263 1897 postea
280 1824 315 1884 de
332 1825 408 1882 dieta
424 1829 498 1884 terra
515 1825 606 1882 dictos
624 1825 698 1883 filios
715 1825 795 1882 Ebed
814 1826 900 1882 semel
913 1832 947 1884 et
964 1826 1087 1883 secundo
1106 1828 1259 1898 expulisset
1279 1821 1312 1884 ¹et
1329 1828 1413 1886 iidem

163 1912 214 1968 lilii
232 1928 327 1970 ceram
344 1927 412 1983 rege
428 1914 573 1983 conquesti
601 1912 727 1980 luissent,
753 1912 874 1970 decrevit
891 1929 941 1968 rex
958 1929 1023 1970 eum
1041 1919 1109 1970 nota
1133 1915 1288 1972 salamim
1312 1917 1413 1988 puniri.

164 1998 223 2056 Sed
242 2003 356 2072 propter
374 2000 472 2056 merita
488 2000 570 2056 Obak
598 2001 663 2055 bani
686 1999 794 2057 comitia
819 1999 992 2056 Salodiensls
1015 1999 1177 2058 dilationem
1199 2002 1225 2057 ei
1250 2002 1354 2059 iecerat
1381 2009 1413 2058 ut

162 2086 344 2158 personaliter
360 2093 542 2158 compareret
561 2086 617 2143 Sed
636 2103 702 2142 cum
718 2085 765 2142 ille
783 2103 838 2143 non
857 2088 1014 2158 comparuit
1032 2103 1082 2144 rex
1100 2105 1151 2159 pro
1164 2087 1296 2144 tribunali
1311 2089 1411 2146 sedens

162 2189 227 2230 cum
251 2173 403 2230 baronibus
421 2173 546 2229 Henrico
565 2173 638 2230 bano
656 2173 743 2230 totius
761 2172 916 2238 Slavoniae,
935 2174 1084 2230 laurentio
1104 2175 1232 2232 Palatino
1250 2176 1351 2231 comite
1367 2175 1411 2232 Si·

164 2260 293 2330 migiensi
311 2259 401 2318 Panlo
418 2261 551 2332 episeopo
569 2259 772 2332 Vesprlmiensl
790 2265 818 2316 et
835 2259 999 2316 cancellario
1021 2261 1132 2331 reginae
1154 2261 1248 2332 Erney
1271 2261 1345 2319 banc
1362 2263 1409 2332 ju-

162 2345 224 2402 dice
247 2347 330 2414 curie,
359 2346 439 2402 Obsk
463 2345 537 2402 bano
564 2347 665 2402 comite
691 2345 847 2402 Saladicnsi
866 2347 949 2404 fratre
967 2346 1092 2402 eiusdem
1110 2348 1221 2420 Ponytb
1239 2353 1291 2406 ete.
1312 2364 1410 2406 omnes

163 2433 357 2505 possessiones
374 2432 502 2504 ejusdem
518 2433 629 2504 Ponytb
647 2432 817 2493 adiudioavit
834 2433 900 2490 fillis
917 2432 1006 2499 Ebed,
1025 2451 1076 2490 nec
1094 2449 1151 2490 non
1169 2436 1252 2490 etiam
1274 2434 1410 2506 Gregorio

162 2525 192 2577 et
209 2519 334 2576 Martius
357 2519 393 2576 de
417 2519 571 2591 Ond,1sep
595 2523 623 2575 et
646 2519 741 2574 Keues
764 2519 799 2576 de
824 2519 969 2577 Succurcd
986 2527 1083 2577 ocnba
1107 2537 1178 2592 quos
1203 2522 1327 2578 similiter
1345 2539 1409 2578 eon·

163 2607 255 2663 vietus
272 2605 370 2663 iuerat
393 2606 599 2664 Proclamatum
617 2606 670 2662 fuit
686 2606 799 2662 insimul
817 2611 849 2662 ut
866 2605 1034 2677 ubicumque
1054 2607 1146 2664 dictus
1163 2607 1274 2680 Ponyth
1294 2609 1411 2664 inveniri

163 2694 273 2764 poterit,
292 2692 329 2749 ad
346 2694 452 2749 oudam
464 2693 570 2764 regiam
582 2691 683 2748 adduci
693 2691 795 2748 debeat
808 2697 838 2748 ut
851 2692 939 2749 eidem
958 2710 1010 2764 pro
1028 2694 1094 2750 vitio
1112 2695 1269 2750 οιιὶιιιιιιιίιθ
1288 2701 1411 2752 carectm

162 2781 345 2852 imprimetur,
362 2781 411 2851 qui
429 2781 507 2836 iuxta
525 2781 603 2851 regni
620 2779 846 2836 consuetudinem
858 2780 1105 2837 calumniatoribus
1117 2781 1238 2854 imprimi
1256 2783 1409 2839 consuevit.

216 2885 311 2954 Peior.-
331 2885 397 2942 (iod
416 2885 484 2956 dipl.
507 2887 536 2941 Τ.
555 2889 574 2939 1
578 2885 606 2940 V.
624 2884 677 2940 col.
695 2885 752 2942 111.
772 2887 833 2939 384.

218 3039 380 3098 cubam.
399 3045 478 3098 1267.
500 3041 568 3098 Bcla
585 3039 639 3098 1v.
656 3058 706 3098 rex
723 3041 855 3109 notificat,
875 3041 950 3113 quod
969 3041 1099 3114 magister
1117 3043 1192 3098 blois
1209 3059 1303 3099 eomes
1327 3041 1408 3098 Simi-

165 3127 268 3198 glensls
296 3127 372 3184 etde
391 3128 559 3188 Wcrcadino
582 3129 766 3200 personaliter
789 3146 884 3186 cerem
906 3146 940 3186 eo
962 3131 1137 3198 constitutus,
1162 3129 1324 3186 Alexandro
1348 3129 1407 3185 filio

165 3213 320 3270 Alexandri
343 3216 427 3272 fratre
445 3232 497 3272 sno
516 3221 664 3288 praesente
682 3221 710 3272 et
728 3217 911 3288 permittente,
934 3218 1019 3272 talem
1043 3216 1254 3286 dispositionem
1278 3216 1314 3271 de
1341 3232 1406 3287 pos·

165 3301 337 3358 susionlbns
356 3303 413 3359 sois
432 3303 541 3359 lecerit:
560 3303 644 3372 Quod
662 3305 691 3360 in
709 3305 842 3362 comitutu
866 3303 1024 3373 simigiensi
1048 3301 1177 3358 dominae
1195 3302 1276 3358 uxori
1294 3317 1362 3358 suae
1380 3306 1408 3358 et

164 3387 224 3444 sois
243 3387 355 3446 filiabus
373 3390 450 3448 dedit
468 3392 661 3462 possessiones
685 3389 989 3461 1gol,etdnasvillas
1014 3388 1128 3444 Posonii
1150 3389 1217 3444 item
1240 3388 1355 3454 Burbud
1380 3393 1409 3444 et

164 3471 251 3530 Valar
269 3475 336 3532 item
354 3477 381 3530 in
400 3477 546 3534 Derekobe
567 3477 722 3548 portionem
747 3491 834 3542 susm,
862 3475 927 3530 item
953 3475 1026 3530 ultra
1049 3473 1179 3531 Drowam
1202 3475 1409 3546 possessionem

164 3561 258 3618 Baoba
276 3578 341 3619 cnm
359 3563 489 3619 omnibus
515 3563 687 3636 pertinentiis
706 3567 815 3618 etcum
833 3562 938 3634 Sudyn,
958 3563 1072 3618 bissina
1090 3566 1118 3618 et
1134 3561 1239 3630 Bokvs,
1257 3562 1323 3617 item
1344 3577 1406 3633 pos·
1486 3565 1490 3574 “
1559 3605 1574 3628 .

164 3649 318 3706 radonem
337 3665 417 3706 suam
436 3649 565 3720 Izdencb,
584 3651 623 3706 ita
640 3654 733 3706 umen
758 3651 781 3706 sl
803 3650 935 3720 magister
949 3649 1024 3705 Meis
1046 3647 1192 3706 decederet
1210 3647 1270 3703 sine
1288 3647 1408 3703 haerede

164 3737 298 3793 masculo.
330 3737 423 3808 Quam
449 3737 660 3810 dispositionem
686 3753 736 3794 rex
762 3737 915 3793 confirmat.
946 3735 1052 3790 Datum
1078 3752 1128 3806 per
1153 3751 1253 3792 manus
1281 3735 1408 3806 magistri

165 3821 294 3916 Farcasii·
308 3824 462 3896 praepositi
479 3824 610 3882 Albensis
634 3824 716 3880 aulae
733 3821 957 3880 vicecancellarii.

223 3929 345 3988 Vmor:
366 3925 433 3986 ded.
450 3929 520 4000 dipl.
539 3929 647 4000 Aspcd
665 3930 716 3984 n.
732 3945 763 3999 p.
782 3932 842 3985 586.

218 4087 382 4144 cuxmv.
401 4092 483 4144 1267.
503 4087 662 4159 Stephanus
680 4104 729 4144 rex
747 4087 837 4142 iunior
855 4085 953 4156 Huug.
972 4085 1030 4140 dux
1048 4084 1256 4140 Transilvaniae
1275 4084 1406 4154 notificat,

165 4175 243 4247 qued
260 4175 409 4232 abandons
429 4174 577 4231 fidelitates
596 4179 624 4230 ot
641 4174 741 4232 merita
760 4173 847 4229 Marci
866 4171 958 4228 fratris
976 4170 1116 4228 Dominioi
1136 4170 1235 4226 Graeci
1247 4187 1321 4241 quae
1333 4169 1407 4226 idem

154 4253 183 4320 'a
200 4265 326 4334 tempere
343 4261 478 4334 pueritiae
501 4261 575 4331 regis
594 4265 622 4316 et
639 4275 708 4316 sose
730 4261 762 4315 in
783 4260 911 4331 pluribus
935 4257 1162 4332 expeditionibus
1186 4255 1318 4324 exhibuit,
1343 4273 1406 4312 corn

165 4347 303 4406 effusione
320 4349 463 4420 aaumdnis
481 4346 582 4404 Graeci
594 4347 733 4402 Dominioi
759 4346 850 4402 fratris
868 4347 912 4402 sui
926 4347 975 4417 qui
1000 4345 1053 4401 sub
1071 4345 1140 4400 tibia
1157 4347 1186 4399 in
1205 4347 1296 4399 outre
1314 4343 1406 4415 Kyns·

165 4436 234 4508 berg
261 4451 311 4508 per
338 4436 468 4508 sagittam
494 4435 659 4490 vulneratus
685 4435 770 4489 vitam
797 4433 897 4489 elausit
923 4432 1096 4504 dimicando,
1124 4430 1284 4503 supradicto
1311 4429 1407 4486 Marco

165 4528 256 4582 unas
268 4524 353 4580 orosi
367 4523 528 4580 Bwbiensis
542 4522 651 4592 Horlay
670 4525 697 4577 et
714 4521 789 4576 Reor
806 4519 886 4575 duxit
903 4519 1107 4576 conferreudas.
1131 4515 1293 4573 Praedictae
1311 4521 1405 4573 autam

164 4615 256 4668 utrae
273 4609 403 4668 iacebunt
419 4610 498 4666 iuxta
515 4613 619 4666 terram
635 4609 725 4679 ipsius
745 4607 834 4663 lldarcl
859 4605 1073 4662 haereditariam
1094 4605 1144 4674 lrg
1166 4603 1247 4674 (Irig)
1271 4609 1407 4670 rocstam,
