3464 5382
356 347 398 412 88
854 369 875 408 1.
899 353 1095 420 mxumnvrd,

408 532 442 585 In
461 531 559 586 eodem
576 531 674 586 merito
693 530 786 584 scribit
802 529 876 584 idem
894 546 968 600 papa
987 531 1027 584 17.
1047 529 1166 585 octobris
1185 529 1338 584 Colomano
1356 529 1419 584 duci
1448 535 1476 584 et
1493 531 1592 585 iterato

357 635 426 688 aagr
449 624 476 672 et
495 618 625 672 besuensi
644 617 790 688 episcopis.

410 705 542 760 Tbeiuer:
560 706 634 758 Mon.
654 704 749 773 Hane.
768 705 799 772 1.,
814 719 844 772 p.
864 705 1009 770 129.,130.

410 842 517 898 GOOV.
550 846 584 898 A.
603 847 679 898 1234.
718 842 807 897 Keled
826 843 986 898 vice-banus
1013 848 1041 898 et
1067 859 1158 898 comes
1185 842 1370 912 zagrabieusis
1399 849 1496 897 notum
1523 843 1596 905 iacit.

357 931 432 1000 quod
450 931 567 997 Juuosa‚
587 935 700 1000 accepto
719 928 861 1000 pristaldo,
886 929 1064 984 Obrahouum
1079 946 1162 1000 super
1180 935 1252 983 terra
1270 929 1441 984 Mosochana
1459 930 1543 984 traxit
1561 929 1596 984 ad

359 1033 438 1072 suam
457 1017 650 1088 praesentiam,
669 1023 696 1070 et
709 1016 862 1086 proposuit,
880 1015 956 1084 quod
967 1015 1145 1069 Obrechonus
1158 1022 1338 1070 memoratam
1355 1023 1457 1070 terram
1474 1017 1501 1070 vi
1519 1032 1598 1070 usur·

358 1111 462 1174 passet,
481 1103 607 1172 quamvis
626 1103 651 1157 ei
665 1102 729 1172 jure
746 1101 929 1156 haereditario
948 1102 1102 1171 pertineret.
1120 1102 1192 1156 Cum
1210 1101 1325 1156 diversis
1342 1102 1433 1156 modis
1450 1102 1515 1158 hinc
1533 1103 1597 1157 inde

357 1195 504 1244 tractatum
522 1189 627 1255 fuisset,
646 1188 795 1243 vicebauus
814 1205 877 1242 cum
895 1187 1034 1242 nobilibus
1053 1195 1149 1254 terrae,
1168 1189 1216 1258 qui
1235 1188 1357 1253 ederant,
1384 1189 1488 1243 scilicet
1506 1187 1596 1256 Petro,

356 1276 486 1330 Jaroslav
504 1282 532 1330 et
549 1275 609 1329 aliis
628 1273 729 1341 multis,
749 1274 942 1344 probationem
960 1273 1058 1328 indixit
1075 1275 1128 1329 hoc
1141 1274 1233 1341 modo,
1252 1279 1284 1328 ut
1295 1275 1355 1344 ipse
1367 1274 1537 1344 (Ohraehon)
1550 1275 1598 1330 ad·

356 1363 450 1418 bibitis
469 1379 563 1418 aecum
581 1361 704 1431 quinque
722 1361 839 1416 testibus
857 1360 963 1415 idoneis
982 1368 1010 1414 et
1027 1361 1160 1431 praestito
1171 1367 1343 1416 sacramento
1356 1361 1517 1415 iustificaret
1535 1361 1596 1428 sibi,

358 1466 431 1519 quae
449 1448 662 1519 impetebantur.
682 1447 810 1502 Termino
829 1447 864 1502 ad
882 1447 936 1502 hoc
947 1447 1081 1518 deputato
1093 1447 1183 1502 dictus
1197 1447 1358 1502 Crachonus
1370 1447 1473 1501 viribus
1485 1449 1597 1502 testium

357 1537 469 1590 omnino
487 1535 619 1590 deficiens
640 1533 827 1590 ediudicatam
848 1535 901 1588 sibi
920 1534 1114 1606 probeoiouem
1127 1534 1257 1589 exhibere
1270 1551 1325 1589 non
1339 1535 1437 1604 potuit.
1455 1535 1597 1590 Judicium

356 1623 441 1693 igitur
459 1639 523 1678 eum
541 1622 697 1676 convictum
715 1637 776 1675 esse
794 1621 945 1676 decernens
967 1627 1089 1676 actorem
1107 1621 1183 1674 misit
1200 1621 1228 1674 in
1247 1621 1444 1691 possesionem.
1471 1620 1524 1675 Cui
1543 1621 1597 1691 pri-

357 1709 463 1764 etaldus
482 1707 616 1763 Vidomer
631 1707 721 1772 datus,
744 1707 792 1776 qui
814 1713 902 1762 metes
925 1708 1137 1761 circumvelavit.
1162 1707 1254 1762 Prima
1277 1707 1374 1776 incipit
1391 1708 1427 1761 ab
1445 1725 1519 1777 aqua
1536 1707 1598 1761 Mo-

358 1795 488 1860 sochana,
507 1792 571 1848 inde
590 1810 686 1848 versus
703 1793 845 1848 meridiem
864 1811 913 1864 per
931 1794 1004 1847 viam
1022 1810 1093 1863 quae
1111 1793 1211 1848 dicitur
1228 1793 1336 1847 Borchi.
1352 1793 1423 1847 iude
1442 1794 1597 1864 pervarias

358 1887 446 1936 metas
464 1880 607 1935 descendit
624 1881 652 1933 in
671 1880 771 1934 vallem
787 1879 904 1934 Jazinne
923 1885 950 1934 et
968 1897 1017 1950 per
1035 1897 1136 1950 aquam
1155 1881 1327 1934 Mosocliaua
1345 1879 1421 1934 veuit
1433 1879 1468 1934 ad
1481 1881 1597 1950 primam

358 1973 467 2022 metam.
496 1969 566 2022 Acta
589 1972 654 2021 sunt
676 1967 747 2022 haec
770 1966 884 2021 domino
908 1965 1061 2022 Colomeno
1085 1983 1150 2038 rege
1175 1972 1203 2022 et
1229 1965 1300 2021 duce
1319 1966 1467 2021 Slavoniae
1485 1972 1513 2022 et
1530 1966 1598 2020 Jula

358 2054 431 2109 bauo
447 2053 632 2114 existentibus

417 2139 535 2196 Wensel:
556 2140 621 2195 God.
640 2140 718 2210 Dipl.
737 2143 805 2209 Arp.
824 2143 890 2194 XII.
911 2143 969 2194 681.

412 2298 537 2352 couvi
557 2301 590 2352 A.
609 2302 680 2354 1234
716 2298 876 2368 Capitulum
895 2297 1026 2352 ecclesiae
1045 2297 1239 2367 Zagrabiensis
1263 2298 1393 2362 notificat,
1422 2297 1496 2367 quod
1522 2299 1598 2351 Elias

357 2384 498 2454 etSymon
515 2385 599 2439 frater
617 2385 685 2455 ejus,
704 2385 752 2438 lilii
761 2384 843 2450 Petri,
861 2384 983 2440 Johanni
1001 2384 1157 2450 duellatori,
1178 2384 1234 2440 lilio
1254 2383 1357 2452 Rados,
1377 2385 1442 2453 quia
1461 2401 1512 2455 pro
1531 2385 1598 2455 ipsis

357 2488 437 2525 suam
457 2489 605 2542 personam
623 2471 745 2541 periculo
769 2471 853 2526 duelli
878 2476 1053 2541 exposuerat,
1078 2471 1107 2524 in
1132 2472 1254 2540 precium
1272 2471 1356 2540 hujus
1374 2471 1478 2526 laboris
1497 2478 1598 2525 terrem

357 2557 504 2624 Budiudol‚
524 2575 608 2628 quam
627 2559 692 2613 olim
711 2565 789 2629 pater
805 2557 963 2612 duellatoris
976 2558 1047 2628 patri
1060 2557 1184 2628 ipsorum
1196 2557 1363 2624 vendiderat,
1379 2558 1442 2628 jure
1462 2563 1597 2628 perpetuo

355 2644 525 2700 reddiderint
547 2644 752 2716 possidendam.
792 2645 954 2698 Destinatus
979 2662 1028 2714 per
1049 2644 1189 2700 hominem
1214 2645 1327 2715 capituli
1345 2651 1449 2700 metae:
1474 2662 1593 2714 quarum

357 2732 446 2802 prima
463 2731 558 2802 incipit
582 2731 657 2802 apud
682 2732 800 2785 rivulum
825 2731 972 2796 Melnioha,
997 2748 1080 2800 quem
1102 2732 1201 2786 transit
1217 2731 1270 2798 via,
1295 2732 1447 2803 procedens
1467 2749 1516 2802 per
1534 2749 1596 2786 eam

356 2835 452 2872 versus
470 2819 603 2874 orientem
621 2819 695 2873 venit
713 2817 748 2872 ad
767 2817 906 2888 quendam
925 2823 1046 2872 montem
1070 2818 1117 2870 ubi
1140 2817 1214 2872 dicta
1237 2819 1281 2872 via
1305 2819 1428 2888 iungitur
1449 2836 1513 2873 cum
1532 2819 1596 2885 alia,

356 2903 420 2958 iude
438 2921 533 2958 versus
552 2906 709 2975 aquilonem
728 2904 763 2958 ad
782 2911 904 2959 montem
920 2904 1061 2970 Jazoviue,
1082 2909 1109 2958 et
1126 2923 1144 2958 a
1162 2905 1250 2975 prima
1267 2921 1356 2974 usque
1374 2905 1429 2959 huc
1442 2906 1532 2960 vicina
1553 2913 1595 2960 est

357 2997 430 3046 terra
448 2989 589 3046 Guerdiue
615 2991 663 3046 lilii
686 2989 788 3045 Ledise
807 2997 834 3045 et
851 2989 966 3044 fratrum
994 2990 1061 3044 eius.
1090 2991 1158 3045 Post
1183 2991 1256 3045 latus
1284 2991 1408 3047 eiusdem
1435 2993 1536 3046 montis
1561 2991 1598 3046 ad

358 3078 491 3134 orientem
509 3079 583 3132 venit
602 3077 637 3132 ed
656 3078 775 3132 rivulum
793 3075 904 3142 Ribnilr,
923 3077 999 3147 apud
1018 3093 1101 3146 quern
1119 3083 1161 3131 est
1178 3077 1240 3132 fons
1259 3085 1287 3132 et
1303 3077 1377 3133 duae
1391 3085 1481 3133 metae
1500 3085 1596 3134 terrae.

356 3163 481 3219 Indead
501 3163 607 3230 vallem,
626 3163 654 3217 in
673 3180 729 3233 qne
753 3162 911 3234 proceditur
934 3163 970 3217 ad
997 3162 1145 3232 Crapinam
1164 3170 1193 3218 et
1215 3180 1304 3233 usque
1321 3165 1376 3218 huo
1393 3181 1411 3218 a
1428 3170 1530 3232 moute,
1549 3166 1597 3235 qui

357 3250 492 3306 Jaaoviua
511 3249 620 3316 dieitur,
637 3251 726 3304 vicina
745 3256 788 3304 est
806 3255 878 3304 terra
898 3248 1008 3302 Turdae
1029 3250 1143 3303 comitis.
1172 3250 1241 3305 Inde
1259 3251 1338 3305 iuxta
1356 3250 1506 3321 Crapinam
1523 3253 1598 3306 venit

357 3337 392 3392 ad
411 3337 529 3392 rivulum
549 3336 661 3402 Riutna,
688 3337 736 3406 qui
763 3337 887 3405 iungitur
906 3352 968 3389 cum
988 3335 1109 3405 Crapina
1136 3343 1164 3390 et
1190 3337 1261 3391 ultra
1289 3337 1438 3407 Orapinam
1462 3339 1597 3394 vicinatus

356 3429 444 3478 terroe
462 3424 541 3478 Eliae
559 3430 587 3478 et
605 3423 732 3490 Oosmae,
751 3430 778 3478 et
796 3439 858 3477 oum
877 3423 939 3492 ipsa
958 3423 1079 3492 Crapine
1098 3424 1171 3478 venit
1188 3422 1224 3476 ad
1242 3423 1431 3478 molendinum
1443 3424 1598 3494 Domorlay

358 3515 385 3564 et
403 3510 474 3564 ultra
493 3527 555 3564 eam
578 3510 684 3565 accedit
708 3517 797 3564 terrae
821 3509 1003 3576 Hraschinae,
1029 3510 1102 3564 venit
1126 3509 1161 3563 ed
1185 3517 1270 3580 eaput
1292 3511 1371 3566 rivuli
1395 3512 1496 3566 Ribiue
1515 3513 1595 3567 etad

357 3597 526 3652 Melnicham
553 3600 577 3651 A
598 3595 719 3668 Orapina
738 3603 831 3651 autem
850 3603 877 3650 et
895 3597 1034 3650 Melnicha
1052 3597 1141 3650 meina
1153 3601 1196 3651 est
1207 3601 1280 3650 terra
1290 3595 1310 3651 J
1312 3598 1428 3652 ohannis
1441 3604 1470 3654 et
1481 3599 1596 3653 fratrum

358 3699 479 3738 suorum.
506 3713 539 3724 -
560 3683 775 3738 Fideiussoriam
801 3683 957 3737 cautionem
982 3682 1118 3752 praestitit
1141 3683 1229 3737 Jacov
1253 3683 1326 3736 filius
1352 3685 1473 3751 Martini,
1499 3685 1596 3740 Hraue

356 3769 428 3823 filius
452 3769 488 3824 de
509 3770 608 3839 Ragos.
627 3769 771 3826 Existeute
790 3769 913 3825 secundo
932 3769 1075 3839 Stephano
1097 3769 1205 3838 zagrab.
1231 3769 1370 3840 episcopo,
1390 3770 1497 3826 Mathia
1516 3790 1594 3842 prae·

356 3857 455 3926 posito,
474 3857 605 3926 magistro
624 3857 776 3926 Pangracio
795 3855 988 3912 archidiacono
1006 3861 1034 3910 et
1052 3861 1172 3920 cantore,
1190 3855 1323 3924 magistro
1339 3855 1469 3912 Johnuue
1486 3859 1595 3926 lectore,

357 3943 486 3999 Cornelio
503 3943 618 4011 decano,
638 3943 772 4014 Gregorio
791 3943 913 3998 custode.

414 4031 533 4085 Wensel:
554 4030 619 4085 God.
639 4031 716 4099 Dipl.
735 4031 837 4099 Arpcd
869 4031 924 4099 VI,
939 4047 969 4099 p.
988 4033 1047 4085 558.
1069 4029 1179 4100 XI.,1c.
1201 4023 1265 4084 272.

409 4170 550 4226 coovu.
568 4171 603 4226 A.
622 4174 700 4226 1234.
718 4171 857 4241 Uguliuus
870 4172 1094 4244 archiepiscopus
1106 4173 1258 4227 colocensis
1276 4178 1304 4226 et
1321 4172 1411 4226 Aulae
1429 4172 1521 4240 regiae
1534 4189 1594 4226 ceu·

356 4259 483 4313 cellarius
500 4258 654 4326 innotescit,
673 4257 749 4328 quod
767 4276 830 4314 cum
848 4260 969 4330 Hozuga
987 4258 1074 4313 abbas
1095 4258 1130 4314 de
1152 4258 1228 4313 Grab
1245 4265 1272 4313 et
1285 4259 1395 4314 Bertolo
1407 4259 1594 4314 ministerialis

357 4345 482 4402 eiusdem
500 4345 631 4400 ecelesiae
654 4346 847 4402 convenissent
865 4347 893 4400 in
921 4347 981 4401 mus
1005 4347 1190 4416 praesentiam
1208 4345 1345 4400 Ivaulram
1368 4345 1456 4400 filium
1474 4346 1597 4400 Abraem

356 4433 392 4488 de
411 4433 516 4499 Suden,
537 4441 738 4502 conquerentes
766 4435 801 4489 de
828 4435 898 4505 ipso,
927 4433 1002 4503 quod
1029 4441 1131 4488 terram
1158 4433 1247 4488 dictae
1274 4433 1405 4488 ecclesiae
1423 4432 1597 4488 Zelbarovna

358 4521 437 4574 sitam
456 4520 491 4574 ad
502 4521 621 4576 Orevam
640 4539 689 4592 per
707 4522 866 4578 violentiam
884 4527 1048 4591 occupatam
1058 4520 1199 4588 detineret,
1217 4519 1391 4590 responderit
1407 4520 1522 4586 Ivanlra,
1540 4537 1597 4574 nou

358 4607 490 4662 volienter
508 4605 558 4660 sed
581 4609 640 4664 iure
668 4609 827 4680 cmptionali
851 4609 878 4662 in
903 4607 1107 4679 possessionem
1132 4607 1255 4662 eiusdem
1280 4623 1310 4661 se
1334 4607 1449 4661 venisse.
1477 4605 1522 4660 Ad
1545 4605 1599 4660 hoc
