3464 5382
648 433 793 479 aaunna.
1276 415 1335 478 151

102 598 227 672 epiceopi
241 598 393 654 colocenaia
410 597 491 654 aulae
513 597 675 654 centenarii
697 597 774 656 Inter
797 598 935 672 praelatua
953 603 981 654 et
997 605 1155 670 magnatem
1177 599 1338 672 Stephanus

103 685 252 758 episcopua
274 685 469 758 mgrabienaia,
491 683 638 742 Ladialm
662 685 753 742 banna
776 689 804 742 at
826 684 886 742 dux
903 685 991 743 totiua
1014 684 1168 756 Slavoniae
1187 685 1337 760 Bogomiro

102 773 206 830 comite
222 772 259 828 da
276 771 345 828 Zela
362 777 413 829 ate.

153 859 1200 931 Buadiaamuiorcta'uol'eutiaaauutluuiltm.1tol.lt13.

152 999 207 1056 DL
223 1000 369 1074 lnupduni,
389 1003 431 1058 22.
448 999 604 1056 umore
621 1003 698 1056 1245.
715 999 894 1057 Innocentius
911 999 955 1055 IV
971 1017 1046 1073 papa
1058 1000 1233 1056 commendat
1252 1000 1338 1056 archi-

102 1087 236 1160 episcopo
254 1093 282 1144 et
298 1087 372 1144 oleru
391 1087 515 1160 jadrensi
532 1085 630 1144 nanu
655 1087 758 1144 ordinia
777 1085 1006 1160 praedicaturum,
1025 1088 1074 1159 qui
1090 1087 1195 1145 Jadree
1212 1087 1338 1144 nondum

101 1175 195 1231 locum
213 1191 347 1248 congrum
365 1179 515 1248 potuerant
531 1175 663 1232 obtinere.

153 1279 288 1338 Farloti:
307 1280 389 1352 rupa.
407 1296 477 1338 auu.
498 1282 527 1336 T.
550 1279 581 1337 V.
598 1297 627 1350 p.
649 1285 692 1336 76.

153 1417 224 1476 DII.
241 1419 332 1476 Juxta
348 1421 425 1478 Bura
440 1435 524 1489 ευμεν
540 1421 681 1490 (lanum
699 1422 774 1476 1245.
793 1419 860 1474 Bela
877 1417 921 1474 Ν
939 1435 989 1474 rex
1005 1417 1136 1486 notificat
1148 1417 1223 1489 quod
1242 1435 1337 1475 cumea

102 1505 272 1580 Stephanae,
296 1505 378 1562 aulae
400 1507 493 1578 regiae
516 1506 608 1575 iudex,
633 1524 651 1562 a
672 1512 798 1578 tempora
820 1503 912 1562 adhuc
935 1505 1070 1578 pueritiae
1093 1521 1161 1561 uuae
1184 1505 1256 1578 patri
1278 1506 1338 1562 eiua

102 1593 233 1650 Andreae
249 1593 308 1664 regi
332 1599 361 1650 et
383 1593 460 1649 tratri
484 1592 612 1650 Andreae
634 1591 698 1649 duci
722 1592 849 1662 Gallitae,
866 1608 900 1648 ac
917 1591 971 1664 lpei
995 1591 1054 1663 regi
1070 1591 1156 1664 digna
1172 1591 1340 1665 impenderit

102 1681 239 1754 obsequie
255 1687 313 1738 tam
329 1681 358 1737 in
378 1681 510 1753 peutileru
532 1681 711 1737 Tmtarurum
734 1679 856 1738 advema
879 1681 952 1737 cuca
968 1685 1062 1752 partae
1079 1681 1230 1737 maritimae
1253 1697 1338 1753 quam

102 1768 207 1841 ubique
224 1767 348 1825 locorum
373 1783 460 1840 panea
483 1784 585 1840 regem,
609 1767 788 1840 exhibuitque
813 1784 844 1824 ae
867 1766 985 1837 fidelem,
1010 1773 1123 1840 proptor
1146 1785 1218 1840 quae
1235 1769 1265 1824 in
1282 1785 1339 1824 ma·

102 1857 220 1927 ςὶιιηιω
238 1857 402 1928 Apuonum
419 1861 448 1912 at
464 1872 539 1912 auno
555 1857 584 1914 iu
596 1855 715 1914 iudicem
727 1855 808 1912 aulae
819 1855 935 1928 provehi
946 1856 1061 1923 meruit;
1078 1857 1106 1912 in
1119 1856 1232 1928 plenam
1243 1863 1339 1914 autem

101 1943 387 2016 recompanaationem
404 1943 577 2000 aervitiorum
594 1941 702 2000 confert
719 1943 746 1998 ai
762 1952 863 2000 terram
882 1941 995 2012 Halata,
1013 1943 1062 1998 ubi
1074 1942 1216 2015 quondam
1228 1942 1340 2000 luerem

101 2031 186 2088 caatri
203 2030 363 2102 piscatores,
387 2035 488 2088 terram
515 2045 597 2102 porro
622 2029 717 2086 Timor
734 2034 763 2088 et
785 2045 916 2100 magnam
940 2029 1040 2100 villam,
1059 2047 1076 2086 a
1093 2035 1184 2088 cantro
1201 2029 1340 2088 saobolch

103 2123 256 2190 exemptae.

159 2223 279 2280 Wmal:
301 2222 366 2279 coe
385 2222 454 2293 dipl.
472 2221 581 2292 Arpod.
602 2223 630 2278 T.
653 2221 715 2278 Vll.
731 2239 762 2292 p.
781 2225 842 2279 tet.

151 2363 236 2420 um.
260 2363 296 2420 A
314 2366 396 2418 1245.
413 2361 572 2434 Stephanus
596 2363 744 2436 aplaoupua
768 2364 954 2435 aagrabieuaia
978 2363 1014 2418 ad
1038 2361 1199 2435 petitionem
1223 2363 1339 2435 capituli

102 2449 273 2506 chaameuaia
296 2450 394 2506 atatuit
415 2449 538 2518 tirmiter,
562 2455 594 2506 ut
616 2451 741 2508 mnuuici
759 2449 825 2506 dieti
842 2449 963 2522 capituli.
990 2451 1047 2506 aiae
1064 2450 1133 2518 aeni,
1151 2450 1209 2505 aiva
1226 2451 1255 2505 ln
1273 2451 1337 2506 arti·

101 2537 164 2593 oulo
181 2537 288 2606 nortia,
305 2541 470 2594 tentamento
489 2537 605 2592 liberam
621 2535 657 2592 de
675 2537 733 2592 auia
756 2535 935 2594 facultatibus
954 2541 982 2594 et
998 2535 1082 2592 rebua
1100 2536 1222 2592 habeant
1238 2535 1331 2608 diapo-

101 2623 184 2679 uendi
202 2623 376 2693 lacmutem
395 2625 418 2680 ai
435 2631 528 2682 tamen
546 2624 646 2697 aliquia
658 2625 804 2681 intentatur
816 2623 972 2694 deceaaerit,
984 2623 1073 2696 ipaiua
1093 2639 1138 2680 rea
1150 2629 1179 2680 et
1191 2623 1337 2680 facultates

101 2711 128 2765 in
146 2711 271 2784 epiaeupi
289 2711 391 2768 cedunt
403 2711 627 2784 diapoaitiunem;
645 2711 769 2770 redditue
782 2713 865 2769 etiam
877 2711 984 2769 deoeaai
996 2711 1128 2778 canonici,
1148 2712 1196 2783 qui
1207 2709 1280 2766 infra
1291 2711 1337 2766 tri-

100 2797 176 2868 ginta
193 2797 254 2854 dica
273 2799 378 2872 percipi
401 2797 510 2866 debent,
536 2799 571 2854 ad
594 2815 677 2854 naum
703 2797 825 2856 familiae
842 2798 966 2856 atuadem
984 2798 1020 2855 de
1037 2798 1130 2854 medio
1149 2797 1250 2854 aublati
1268 2799 1337 2854 inte-

102 2885 214 2954 graliter
231 2885 464 2943 administrentur.

153 2971 182 3026 Ε
197 2977 373 3044 nummulo
398 2979 423 3030 ct
446 2975 655 3042 mutrmmioaa
672 2974 771 3030 Jocodi
799 2973 921 3044 episcopt
939 2973 973 3030 de
990 2991 1016 3029 u
1034 2977 1114 3030 1346.
1133 2977 1158 3028 et
1176 2971 1337 3029 Eterltcrdi

102 3059 225 3131 epiceopi
243 3077 269 3116 a
288 3064 363 3118 1101.
382 3063 419 3117 lu
436 3061 549 3118 cualliae
567 3061 687 3132 capituli
704 3061 870 3118 diaeum
891 3061 1054 3118 Varoadiai.

151 3198 234 3256 DIV.
251 3201 287 3256 A.
306 3204 384 3256 1245.
404 3201 563 3274 Stephanus
574 3201 687 3274 Pakoay
699 3201 801 3258 latetur
811 3218 905 3259 curem
917 3200 1038 3273 capitulo
1057 3199 1332 3272 quinqueeelaaienai.

102 3286 377 3432 commeandum
400 3288 608 3361 iobaggioualee
631 3289 661 3346 iu
684 3289 860 3362 poaaeaeioue
887 3287 980 3360 Ujlati
1004 3287 1088 3358 (not)
1106 3288 1210 3344 Joauui
1239 3285 1336 3359 Vardy

152 3482 188 3536 la
205 3480 320 3538 arctim
336 3482 465 3538 mltum
482 3483 643 3540 Drulltooit.
661 3486 740 3540 Foco.
759 3481 858 3538 ffll.
877 3485 928 3538 Na.
946 3485 969 3537 1.

150 3612 217 3670 DV.
239 3613 275 3670 A.
293 3617 369 3670 1245.
392 3614 461 3672 Bela
483 3613 527 3670 1v
544 3631 602 3685 rex,
620 3613 655 3670 ad
673 3613 832 3669 instantiam
850 3611 967 3670 Arnoldi
988 3611 1114 3682 magistri
1131 3609 1231 3666 domue
1251 3625 1273 3666 a.
1293 3626 1334 3666 ae·

102 3699 207 3770 pulchri
233 3699 269 3756 de
292 3700 463 3773 Glogonoha,
487 3701 632 3759 confirmat
653 3700 844 3758 donatioualee
867 3701 973 3756 litterae
1001 3697 1129 3753 Andreae
1146 3697 1177 3752 11
1195 3698 1269 3769 regia
1296 3696 1331 3753 de

101 3803 124 3841 ι
143 3787 212 3843 1223
229 3787 358 3860 dargim
375 3787 506 3844 fratribus
524 3803 546 3843 a
565 3787 702 3860 sepulchri
719 3786 755 3844 de
772 3785 890 3845 Polouia
907 3801 992 3858 anper
1009 3789 1083 3842 terra
1100 3785 1179 3856 Lago
1196 3785 1330 3854 (lidae),

102 3873 128 3929 in
145 3873 287 3944 Statonia,
307 3875 535 3948 pertinentiiaque
552 3875 636 3930 caatri
653 3875 734 3931 Kriaa
751 3876 812 3931 alta

152 3965 188 4018 lu
206 3962 278 4019 actu
294 3978 347 4020 aaa.
365 3962 432 4020 Jcaa
449 3962 542 4034 collap.
560 3977 636 4034 supr.
655 3963 733 4019 Fauo.
756 3961 844 4018 Vm..
863 3965 894 4016 N
908 3965 930 4017 1.

151 4094 232 4152 DVL
257 4097 338 4150 1246.
362 4097 403 4148 15.
429 4093 573 4150 Ianuarii.
597 4093 666 4150 Bela
682 4091 792 4148 1v101
809 4093 940 4160 notificat,
959 4091 1035 4164 quod
1056 4090 1188 4162 magister
1210 4090 1286 4145 Iuau
1304 4093 1332 4144 et

102 4181 184 4253 Lytar
200 4181 274 4236 filine
291 4179 377 4253 Lyter
400 4198 418 4237 a
440 4182 589 4254 primaevia
613 4181 746 4255 pueritiae
770 4195 838 4236 auae
862 4185 891 4235 at
912 4177 985 4250 regia
1009 4176 1181 4250 temporibus
1199 4175 1335 4232 fideliaei

102 4283 186 4341 opera
200 4265 393 4342 impenderint,
411 4269 583 4325 marinaeo
601 4275 732 4340 tempore,
757 4283 814 4339 quo
832 4265 939 4322 Tartari
957 4281 1074 4337 ragnum
1097 4263 1195 4324 acerbe
1213 4263 1333 4332 flagella·

102 4361 170 4424 runt,
189 4355 370 4413 adhaerentee
382 4361 448 4412 tuno
460 4354 609 4412 Benedicta
622 4355 828 4426 archiepiscopo
846 4353 985 4410 colocensi
1004 4359 1031 4408 et
1050 4351 1132 4408 aulae
1153 4349 1334 4417 cancellarlo;

103 4443 259 4514 procedenti
276 4443 360 4500 etiam
377 4442 436 4513 regi
453 4457 549 4498 veraua
575 4447 668 4515 partea
685 4443 837 4498 maritimae
854 4441 933 4512 regni
951 4439 1150 4512 praestiterunt
1167 4437 1260 4494 fidelia
1277 4451 1333 4492 aer·

102 4531 172 4599 uitln,
191 4529 320 4602 quocirca
336 4530 413 4602 ipaia‚
431 4546 496 4586 oum
513 4531 623 4602 copiam
640 4535 729 4586 tarrae
747 4547 803 4586 non
820 4529 963 4598 haberent,
981 4527 1157 4584 medietatem
1168 4529 1258 4581 tarrae
1272 4541 1335 4598 ape·

103 4617 254 4674 udatorum
271 4616 344 4688 regia
362 4615 398 4672 da
416 4617 540 4686 Wulcuv,
558 4633 630 4688 qnae
648 4615 744 4672 Mihali
763 4615 927 4688 appellatur,
945 4615 974 4670 in
992 4620 1158 4687 perpaulum
1175 4611 1290 4680 cunlmt,
1307 4617 1336 4667 at

103 4719 149 4774 per
167 4703 332 4761 Eduardum
350 4704 480 4760 comitem
497 4702 533 4760 de
550 4703 674 4773 Wolcou‚
692 4703 721 4759 in
739 4703 944 4776 pommdunem
961 4701 1099 4758 introduci
1117 4699 1190 4758 tacit
1209 4700 1338 4756 (tomma-
