3488 5380
694 425 838 468 auersas.
1314 407 1378 473 235

188 585 420 644 DOOLXXXII.
440 592 518 644 1259.
539 588 606 644 Bela
623 587 675 646 IV.
696 607 745 646 rea
764 590 909 662 significat,
922 589 997 662 quod
1010 608 1075 648 cum
1087 593 1220 650 Perainus
1232 597 1384 668 requireret

133 692 151 730 a
179 675 287 730 civibus
308 674 343 731 de
370 683 465 732 moute
492 675 583 732 Grsolr
610 675 645 732 de
668 677 808 748 Zagrabia
838 685 940 735 terram
964 680 1124 738 Ambrosioi
1148 681 1260 738 duobus
1287 685 1385 740 aratris

130 762 320 820 sufficientem
345 769 374 818 et
396 763 518 834 quedam
540 765 723 820 iustrumenta
747 782 832 836 super
855 766 953 822 eadem
975 767 1126 840 exhiberet,
1150 771 1224 826 cives
1248 777 1341 827 autem
1367 789 1383 827 e

133 866 270 906 converso
289 851 481 908 exhibuissent
493 852 667 924 privilegium
685 855 759 926 regis
778 853 854 909 bulla
867 871 953 911 aurea
964 855 1134 925 roboratum,
1153 873 1202 914 rex
1212 859 1308 914 voleus
1326 861 1380 932 pri-

133 937 269 1009 vilegium
287 955 378 1006 suum,
398 941 560 1012 praesertim
578 957 642 996 oum
660 941 721 1012 ipsa
739 947 812 997 terra
831 943 866 997 sit
883 943 955 999 intar
974 949 1063 1000 metas
1076 951 1244 1002 memoratae
1259 947 1379 1002 civitatis

133 1041 308 1094 conservare,
327 1025 431 1082 dimisit
449 1027 567 1084 eandem
586 1033 687 1086 terram
705 1029 865 1086 Ambrosini
884 1031 953 1102 ipsis
970 1031 1077 1088 civibus
1096 1033 1124 1087 in
1144 1039 1317 1106 perpetuum.

187 1131 238 1186 Ec
255 1147 315 1188 asco
333 1134 453 1204 antiqua
471 1134 636 1191 collectione.

188 1290 536 1352 Docuxxx111.1259.
556 1295 760 1366 Mariaregius
785 1295 948 1367 Hungariae
973 1296 1105 1366 notificat,
1131 1297 1206 1369 quod
1230 1313 1294 1354 cnm
1317 1315 1382 1372 pos-

134 1379 290 1436 sessionem
319 1382 435 1451 Pucyna
461 1382 510 1437 filii
537 1381 642 1450 Urban,
665 1383 759 1438 Lobor
784 1389 918 1451 vocatam,
942 1400 1005 1440 cum
1029 1389 1120 1440 castro
1143 1386 1171 1440 in
1194 1383 1291 1442 eadem
1315 1404 1379 1444 con-

134 1469 242 1536 stituto,
267 1471 360 1526 comiti
382 1469 513 1527 Michaeli
540 1469 618 1526 fratri
644 1470 739 1526 Bunad
757 1471 817 1526 eius
835 1487 949 1527 consors
967 1471 1036 1526 Bela
1054 1489 1102 1527 rex
1121 1473 1291 1542 contuliaaet,
1305 1480 1381 1546 pcat-

134 1556 252 1612 modum
270 1557 358 1628 Oheh,
376 1557 450 1614 filius
468 1557 593 1613 eiusdem
612 1559 733 1630 Pucyna,
752 1557 855 1614 dictam
873 1557 1080 1630 possessionem
1098 1558 1194 1616 chor
1213 1565 1241 1616 at
1257 1567 1379 1616 castrum

134 1661 152 1698 a
171 1649 251 1715 patre
270 1661 321 1700 sno
339 1643 464 1700 ablatum
483 1643 605 1700 indebite
623 1645 765 1700 asserebat
778 1653 806 1700 et
818 1645 871 1700 sibi
883 1645 990 1701 restitui
1004 1647 1171 1716 postulabat.
1185 1647 1299 1714 Verum,
1312 1650 1379 1718 quia

135 1731 252 1787 donatio
266 1732 360 1788 comiti
373 1732 504 1788 Michasli
519 1733 600 1802 lacta,
615 1749 664 1804 per
673 1750 765 1804 regam
779 1751 834 1788 non
847 1733 900 1788 luit
912 1737 1048 1802 revocata,
1060 1733 1156 1804 regina
1167 1735 1313 1790 attendens
1326 1753 1380 1791 ser-

137 1819 205 1874 vitia
215 1819 341 1874 eiusdem
361 1819 440 1876 cheu
453 1837 526 1890 quae
539 1821 566 1874 in
580 1835 666 1890 regno
679 1827 706 1874 et
718 1827 796 1876 extra
808 1837 924 1891 reguum
937 1821 965 1875 in
977 1819 1164 1890 legationibus
1177 1823 1235 1876 suis
1247 1822 1379 1892 exhibuit,

137 1914 239 1963 terram
258 1907 397 1963 Dobouch
417 1909 499 1963 sitam
514 1909 544 1962 in
563 1907 673 1967 Poeaus
697 1925 761 1963 oum
780 1908 849 1962 silva
866 1907 1013 1963 Zoaberla
1031 1908 1059 1961 iu
1077 1909 1269 1964 concambium
1292 1915 1381 1965 terrae

136 1995 234 2051 Lobor
251 2001 280 2050 et
296 1997 382 2052 casui
406 1994 480 2051 dicto
500 1995 578 2050 ouen
597 1997 715 2052 contulit
732 1998 759 2050 in
778 2001 915 2068 perpetuo
928 1994 1135 2066 possidendam.
1154 1996 1300 2052 Praeterea
1318 2013 1382 2052 eum

137 2085 210 2138 inter
228 2084 321 2154 ipsum
341 2083 419 2139 Cheh
438 2090 466 2138 et
484 2083 673 2138 Elisabetham
691 2085 814 2139 relictam
832 2083 966 2139 Demetrii
985 2083 1147 2138 familiarem
1165 2084 1269 2139 sociam
1287 2085 1381 2140 uxoris

135 2169 276 2226 Johannis
294 2171 406 2242 cognati
424 2171 536 2242 reginae
555 2171 762 2226 matrimonium
778 2170 948 2226 celebratam
966 2171 1018 2226 fuit
1035 2169 1172 2226 efficiente
1190 2171 1293 2240 regina,
1310 2171 1382 2226 hauc

136 2258 219 2312 duxit
238 2259 264 2312 ai
281 2259 398 2330 gratiam
418 2257 582 2326 faciendam,
600 2257 675 2330 quod
695 2259 718 2312 si
736 2259 829 2330 ipsum
849 2258 927 2314 Oheh
945 2257 1051 2328 absque
1069 2255 1188 2313 haerede
1207 2258 1284 2329 prius
1296 2275 1380 2330 quam

136 2346 241 2402 dictam
260 2363 376 2402 nxomm
394 2347 463 2402 mori
481 2347 661 2417 contingeret,
680 2363 715 2402 ex
734 2353 800 2402 tuno
818 2345 892 2402 diota
910 2345 970 2416 ejus
991 2361 1106 2401 consors
1125 2351 1225 2400 terram
1243 2345 1381 2401 Dobouch

136 2433 289 2506 possideat,
308 2434 402 2504 quoad
420 2435 526 2502 vixerit,
546 2441 610 2506 post
628 2434 735 2491 obitum
753 2441 847 2491 autem
860 2433 896 2489 ad
909 2433 1116 2505 generationem
1127 2433 1194 2489 dicti
1207 2431 1284 2488 cuch
1298 2433 1380 2504 plano

138 2523 199 2578 iure
216 2521 387 2578 devolvatur.
400 2523 494 2578 Motae
505 2529 599 2580 autam
613 2539 662 2594 por
673 2522 835 2596 Philippum
847 2522 977 2578 comitem
989 2521 1024 2576 dc
1037 2519 1147 2591 Possga
1159 2520 1381 2592 circumscriptae

136 2609 208 2666 tales
224 2615 304 2665 sunt:
322 2610 415 2666 Prima
427 2611 524 2682 incipit
541 2610 578 2666 ab
596 2611 700 2666 oriente
719 2611 746 2665 in
765 2609 858 2666 radice
869 2610 972 2664 montis
989 2607 1116 2680 lapidosi,
1136 2607 1183 2662 ubi
1197 2608 1382 2678 coniuguutur

138 2697 268 2769 Oroycha
286 2703 315 2754 ot
332 2698 475 2770 Lypoueh,
494 2699 558 2754 inde
577 2715 672 2755 remus
690 2697 833 2754 meridiem
850 2699 878 2753 in
895 2696 1037 2768 quoddam
1049 2695 1137 2752 Berch
1150 2711 1199 2766 per
1211 2695 1324 2750 fluvium
1337 2697 1382 2750 Li-

137 2786 230 2856 pouch
249 2785 285 2840 ad
304 2791 426 2841 montem
444 2787 472 2841 in
490 2787 571 2857 cujas
589 2787 732 2842 cacumine
751 2791 792 2840 est
804 2791 891 2851 meta;
911 2783 975 2840 iudo
988 2799 1084 2838 versus
1097 2784 1229 2838 orientem
1242 2784 1270 2836 io
1284 2783 1382 2838 vallem

137 2873 174 2928 ad
187 2874 302 2929 fluvium
314 2873 483 2946 Bregomnik
496 2891 585 2946 usque
597 2881 699 2930 terram
710 2874 825 2938 Bitoco,
839 2871 968 2943 Oroycha
980 2877 1115 2927 vocamus.
1125 2871 1179 2924 Per
1192 2869 1280 2924 varias
1294 2875 1381 2924 metus

138 2961 214 3016 cadit
227 2962 256 3016 in
270 2962 358 3033 potok
371 2961 461 3028 Zuioi,
475 2961 523 3016 abi
543 2968 584 3016 eat
601 2967 809 3017 commetaueas
821 2960 895 3014 Dras
913 2965 941 3013 et
958 2975 1054 3013 versus
1067 2956 1195 3028 Oroychs
1213 2961 1255 3010 eat
1272 2956 1350 3011 locus
1369 2973 1386 3010 a

139 3055 219 3121 parte
239 3049 385 3106 Nadoalak
404 3050 544 3120 pertinens
556 3049 590 3104 ad
605 3048 751 3104 Dobouoh.
770 3048 803 3102 Iu
821 3047 946 3116 mergiue
964 3046 1048 3101 silvae
1067 3050 1133 3100 sunt
1149 3044 1201 3098 tria
1219 3043 1281 3097 loca
1303 3043 1384 3113 perti·

138 3139 234 3192 nentia
247 3136 282 3191 ad
295 3136 448 3193 Dobcuch:
461 3135 614 3206 Bogdasss,
624 3135 727 3190 Velika
739 3135 889 3205 Boboycha
901 3139 928 3188 et
939 3132 1076 3188 Kerekiaz
1085 3132 1175 3186 vicina
1186 3129 1290 3184 domini
1302 3130 1385 3184 Dras.

138 3225 193 3280 Per
210 3231 334 3280 montem
352 3223 495 3280 descendit
506 3223 541 3278 ad
556 3223 643 3296 potolr
661 3222 791 3290 Kuhuek‚
810 3221 911 3278 dando
923 3220 958 3276 ad
972 3219 1059 3292 potoir
1078 3219 1189 3282 Zkorin‚
1203 3218 1251 3288 qui
1263 3216 1336 3272 cadit
1348 3216 1383 3271 ad

140 3313 228 3383 potck
240 3312 388 3368 Dobouoh.
410 3313 463 3368 Per
475 3312 564 3368 varias
577 3315 665 3366 metas
684 3309 759 3366 vadit
775 3311 853 3364 iuxta
864 3314 965 3363 terram
979 3307 1050 3362 Pose
1063 3312 1091 3361 et
1103 3305 1189 3376 potok
1202 3302 1384 3374 Stopchonilr

139 3399 205 3455 iude
223 3399 259 3454 ad
277 3399 365 3470 potck
382 3397 554 3454 Pokolasnik
573 3398 636 3454 iude
654 3397 690 3452 ad
710 3397 802 3452 villam
824 3397 974 3450 Mortunus
996 3393 1154 3466 jobagionis
1172 3391 1254 3446 castri
1273 3390 1385 3446 inferior

139 3487 220 3543 Vrba
238 3493 373 3544 vocamm.
391 3487 425 3542 Iu
444 3503 547 3558 magno
572 3486 663 3558 spatio
683 3484 758 3540 vadit
775 3484 810 3540 ad
830 3485 935 3540 fontem
947 3480 1119 3538 Poiolasnil
1137 3479 1185 3534 ubi
1203 3479 1261 3534 exit
1278 3477 1313 3532 ad
1333 3477 1385 3532 Oa·

140 3577 247 3642 liatam;
269 3576 413 3630 revertitur
431 3573 466 3629 ad
485 3591 588 3646 aquam
606 3574 744 3629 Dobouch
763 3573 812 3628 ubi
829 3571 913 3626 Kolin
932 3575 975 3626 cst
993 3573 1208 3625 commatanaus.
1227 3567 1280 3621 Per
1298 3565 1386 3620 Berch

142 3663 219 3720 vadit
243 3663 279 3718 ad
304 3662 424 3718 radicem
443 3664 544 3717 montis
562 3661 684 3716 Trihuch
702 3659 766 3715 iuda
784 3659 820 3714 ad
839 3663 962 3712 montem
987 3655 1120 3711 Oalistam
1138 3653 1202 3710 inde
1226 3653 1262 3708 ad
1286 3659 1387 3708 terram

140 3752 245 3808 Ivanoe
268 3751 316 3806 lilii
340 3750 443 3806 Drusk.
471 3751 524 3805 Per
541 3750 655 3819 longum
682 3746 757 3804 vadit
775 3746 811 3801 ad
829 3746 921 3800 villam
948 3744 1060 3800 Zoohan
1086 3749 1113 3798 et
1135 3760 1169 3798 ex
1194 3747 1271 3814 parte
1298 3747 1387 3796 terrae

142 3837 315 3894 Zkrabatnilr
340 3838 485 3894 revertitur
502 3835 537 3892 ad
557 3837 674 3910 primam
696 3839 806 3890 metam.
824 3835 912 3888 Extra
929 3839 1018 3888 metas
1036 3832 1121 3886 habet
1137 3831 1227 3885 dictus
1247 3829 1340 3885 Ohech
1359 3830 1386 3882 iu

142 3943 217 3998 aqua
236 3925 379 3982 Oherneoh
399 3927 460 3981 loca
479 3925 642 3995 piscaturae,
662 3940 747 3978 unam
765 3923 793 3976 in
813 3921 866 3976 line
884 3921 975 3992 campi
996 3920 1134 3988 Unuhlev‚
1152 3919 1267 3974 alteram
1285 3918 1312 3970 in
1332 3916 1388 3970 Ka·

144 4013 265 4086 poniclaa
283 4019 311 4068 at
328 4014 486 4068 clausuram
503 4013 531 4066 iu
549 4029 623 4082 aqua
643 4011 801 4066 Kneznioha
819 4015 847 4064 et
865 4010 1033 4080 piscaturam
1051 4009 1079 4061 in
1097 4023 1170 4077 aqua
1191 4005 1274 4059 Lulri.

200 4121 247 4176 Ec
265 4122 337 4176 actu
354 4135 368 4174 s
386 4120 464 4190 repsi
482 4118 595 4174 arctico
609 4133 662 4186 per
686 4117 789 4173 tonum
812 4113 1092 4182 Kissa-Hedercctry
1117 4111 1228 4165 ablotis.
1246 4113 1279 4164 N.
1299 4107 1334 4165 R.
1352 4109 1387 4164 A.

143 4210 227 4266 Fuso.
247 4212 325 4265 1502.
344 4209 381 4264 N.
401 4211 426 4263 2.

195 4347 439 4406 DCOLXXXIV.
460 4351 538 4403 1259.
558 4347 718 4418 Stephanus
736 4345 794 4400 dux
813 4347 851 4412 (et
867 4343 1028 4414 capitaneus
1047 4341 1165 4410 Styriaa)
1185 4339 1292 4394 confert
1307 4336 1387 4390 Clrak

146 4441 282 4510 magistro
300 4439 491 4510 pincernarum
516 4453 630 4490 suorum
648 4451 699 4506 pro
719 4434 776 4487 suis
796 4432 912 4486 servitiis
936 4435 1057 4484 castrum
1075 4428 1168 4496 Horig
1185 4432 1213 4480 et
1230 4441 1294 4480 cum
1312 4440 1388 4494 apec-

146 4529 273 4584 tautibus
291 4527 371 4581 terris
398 4524 434 4580 ad
463 4523 658 4596 Myltumberg,
686 4538 748 4576 cum
777 4520 842 4574 villa
869 4515 1032 4574 Saxumfeld
1061 4521 1144 4586 prout
1173 4512 1325 4568 ilorsulius
1352 4510 1388 4564 de

146 4617 239 4670 Treun
259 4616 350 4686 ipsam
369 4611 546 4684 possedisset.

204 4719 325 4776 Wscscl:
343 4719 409 4775 Ood.
427 4719 497 4787 dipl.
516 4717 625 4786 Arpcd.
644 4718 694 4770 XI.
710 4731 740 4786 p.
758 4719 820 4768 463.
