3488 5380
365 320 430 386 214
869 341 888 380 1.
909 328 1106 400 annonario,

365 508 526 582 captivitate
544 524 594 578 per
611 507 741 562 abbatem
760 505 964 576 Toplicensem,
987 521 1072 574 quam
1095 509 1195 560 terram
1220 505 1399 576 postmodum
1421 505 1512 560 dictus
1540 509 1611 563 vice-

365 597 456 651 banus
474 594 633 651 Alexander
650 594 803 650 secundum
822 592 994 664 privilegium
1007 592 1166 648 Salomonis
1182 593 1247 647 bani
1266 597 1401 648 statuerat
1419 593 1493 649 dicte
1510 593 1531 650 J
1533 611 1611 650 acor.

367 683 448 738 Unde
466 683 567 738 Pautin
586 687 615 736 et
632 681 768 752 Vagrissa
785 681 969 748 condemnati,
987 685 1060 734 terra
1083 685 1175 735 autem
1205 680 1388 735 Grabrosselo
1415 680 1490 736 dicto
1521 680 1611 737 Jacov

365 769 544 825 audiudioata
562 773 619 836 est;
637 775 712 825 terra
728 769 797 824 haec
815 767 1030 823 conterminatur
1048 773 1136 822 terrae
1148 767 1268 838 Gurqys,
1280 768 1410 822 Wrstech
1424 767 1566 823 Gordislai
1584 776 1612 824 et

365 858 504 928 Dragsan,
524 863 612 912 terrae
631 857 772 922 ll'nratha,
790 861 879 910 terrae
899 855 1040 926 Halapeni
1059 861 1087 910 et
1105 855 1188 910 fluvio
1209 853 1387 910 Granschech

360 993 367 1004 ·
416 963 465 1018 Ec
483 962 595 1018 erebioo
615 961 746 1017 carcerali
765 960 899 1016 Badeosi.
923 960 1043 1014 Wensel:
1064 959 1129 1015 Cod.
1148 960 1216 1028 dipl.
1235 960 1328 1029 crpcd
1353 959 1412 1014 Vll.
1429 977 1458 1030 p.
1478 964 1540 1013 139.

417 1101 674 1158 DCCXIX.125⁶.
699 1101 860 1172 Capitulum
887 1101 1018 1156 ecelesiae
1040 1100 1071 1154 B.
1091 1101 1163 1154 Petri
1186 1099 1221 1154 de
1245 1101 1355 1170 Posega
1379 1101 1512 1168 notificat,
1533 1103 1610 1172 quod

365 1194 465 1244 terram
484 1195 582 1246 tenens
599 1189 699 1260 Byleta
717 1189 791 1244 lilius
812 1187 883 1242 Bolk
901 1204 935 1243 ex
955 1204 1010 1242 una
1028 1193 1115 1258 parte,
1134 1203 1168 1241 ex
1187 1187 1274 1242 altera
1286 1203 1351 1243 vero
1363 1188 1523 1242 Demetrius
1536 1189 1612 1243 filius

364 1276 496 1347 Predrag,
515 1277 640 1346 Dragota
667 1277 741 1331 filius
767 1276 881 1346 Dragan
900 1277 928 1328 in
947 1291 1043 1330 eorum
1061 1275 1244 1346 praesentiam
1269 1275 1451 1345 pervenerint,
1478 1281 1506 1330 et
1532 1277 1610 1348 qnod

366 1365 468 1434 Byleta
490 1364 644 1419 centiessos
663 1365 699 1418 sit
717 1380 746 1418 so
764 1369 865 1418 terram
883 1379 963 1418 snam
981 1361 1076 1416 Lusan
1094 1369 1283 1434 comparatam
1309 1362 1344 1416 dc
1370 1363 1505 1418 Wullrcta
1527 1364 1611 1436 J'oba·

365 1452 448 1522 gione
466 1453 558 1519 castri,
571 1467 656 1522 quam
673 1450 744 1506 idem
757 1449 883 1504 Vulkotc
894 1456 958 1505 anto
972 1448 1120 1504 adventum
1132 1450 1310 1518 Tartarerum
1328 1449 1487 1506 obtinuerat
1504 1457 1533 1506 et
1544 1469 1612 1507 cen·

366 1555 449 1594 sensu
467 1539 551 1594 Belac
569 1538 661 1593 fratris
680 1539 722 1593 sui
741 1543 769 1592 et
786 1539 928 1592 voluntate
944 1537 1083 1592 Vulcetae
1101 1536 1267 1608 supradictis
1286 1538 1429 1592 Demetrio
1442 1541 1470 1592 et
1483 1537 1613 1608 Dragota

365 1625 536 1681 vendidisset
554 1641 605 1695 pro
623 1626 735 1695 triginta
753 1624 841 1680 tribus
865 1625 957 1694 pensis
976 1623 1012 1678 ad
1031 1631 1191 1695 compotum
1215 1625 1414 1680 Frisaticorum
1432 1625 1460 1678 in
1485 1632 1611 1695 argente,

365 1719 393 1769 st
411 1715 489 1784 equis
508 1719 535 1768 et
554 1711 644 1768 bobus
662 1713 831 1783 integraliter
850 1709 1005 1781 persolutis.
1026 1710 1115 1781 (injus
1132 1716 1222 1766 terrae
1240 1715 1314 1768 meta
1332 1711 1429 1782 incipit
1449 1711 1486 1766 ab
1506 1713 1612 1770 Oriaua

366 1799 402 1856 de
420 1805 493 1855 terra
505 1801 627 1855 Remeat
639 1815 736 1854 versus
747 1798 914 1868 aquilonem,
933 1805 961 1851 et
978 1797 1079 1852 abinde
1097 1799 1125 1852 in
1144 1797 1240 1854 Scclca
1253 1803 1280 1852 et
1294 1800 1418 1868 pervenit
1429 1797 1464 1853 ad
1478 1815 1612 1869 magnam

366 1893 482 1942 stratam
499 1887 620 1957 regalem
639 1891 667 1941 et
684 1886 783 1940 transit
799 1885 888 1955 ipsam
908 1901 1002 1940 versus
1021 1883 1163 1939 meridiem
1181 1885 1209 1938 in
1228 1885 1282 1938 fine
1300 1884 1446 1940 cuiusdam
1471 1885 1612 1956 planicici,

366 1975 489 2045 pervenit
507 1974 606 2030 iterum
624 1974 652 2026 in
671 1973 774 2029 Oriaua
791 1971 828 2026 ad
845 1973 964 2043 priorem
981 1977 1083 2026 metam
1102 1970 1150 2025 ubi
1169 1976 1210 2026 est
1228 1971 1338 2026 Nenina
1359 1972 1460 2028 mlalra.

424 2079 542 2133 Wenacl:
562 2077 628 2133 Ood.
646 2077 715 2145 dipl.
734 2077 834 2144 erpod.
859 2075 923 2131 1⁷11.
944 2079 1005 2130 443.

418 2216 563 2272 DOOXX.
590 2219 669 2269 1256.
697 2216 858 2286 Capitulum
885 2215 1016 2271 ccclesiae
1040 2215 1234 2284 Zagrabiensis
1257 2216 1389 2284 notificat,
1415 2215 1492 2285 quod
1510 2217 1610 2274 Gerbo

367 2305 441 2360 filine
468 2303 565 2359 Achuz
583 2302 725 2374 quendam
743 2303 808 2358 bani
826 2302 863 2358 ab
882 2319 938 2357 una
955 2307 1042 2373 parte,
1061 2319 1095 2356 ex
1113 2303 1199 2357 altera
1223 2308 1316 2358 autem
1341 2303 1459 2374 Egidins
1484 2305 1612 2360 officialis

367 2392 475 2446 comitis
494 2390 640 2446 Michaelis
659 2390 745 2460 patris
771 2389 867 2458 Magni
886 2388 989 2454 Buaad,
1010 2405 1059 2459 pre
1078 2390 1140 2459 ipse
1159 2389 1303 2456 Michaele,
1328 2390 1402 2445 idem
1425 2407 1489 2446 cnm
1513 2393 1613 2448 litteris

367 2477 427 2532 eius
445 2477 596 2542 astruebat,
614 2483 716 2530 terram
742 2475 868 2530 Zebuscc
892 2492 956 2530 cum
983 2483 1045 2531 octo
1064 2475 1143 2542 villis,
1168 2492 1252 2546 quam
1271 2478 1393 2533 Michael
1410 2485 1554 2550 receperat
1577 2480 1613 2536 de

367 2581 468 2635 genero
497 2581 550 2619 sue
576 2563 650 2618 dicte
679 2563 759 2618 Gurlr
781 2564 809 2616 in
834 2562 1026 2617 concambium
1051 2579 1101 2633 pro
1125 2568 1198 2618 terra
1223 2563 1375 2620 Nedeliche
1400 2581 1464 2620 cum
1488 2567 1612 2637 quinque

368 2651 448 2718 villis,
467 2651 533 2706 item
551 2649 644 2704 villam
664 2651 760 2717 Talae,
779 2655 880 2704 terram
899 2649 927 2704 S.
947 2649 1045 2704 Crucis
1063 2666 1125 2704 cum
1138 2649 1226 2704 tribus
1241 2651 1319 2716 villis,
1338 2668 1422 2720 quam
1440 2669 1457 2706 a
1476 2652 1613 2709 Gurlrone

368 2745 480 2806 emerat,
498 2738 642 2794 confessus
661 2743 703 2792 est
721 2737 811 2792 eidem
823 2736 984 2800 reddidisse,
1004 2737 1032 2789 in
1051 2737 1214 2790 concambio
1227 2753 1278 2807 pro
1291 2747 1410 2806 quatuor
1423 2739 1494 2794 villis
1508 2739 1613 2795 Oomor

369 2825 423 2879 sub
442 2841 498 2880 nna
516 2831 590 2880 meta
608 2824 774 2890 constitutis,
793 2831 821 2878 et
839 2823 914 2893 quod
933 2822 1023 2877 eidem
1043 2822 1122 2877 Gurlr
1136 2841 1170 2878 ex
1182 2823 1328 2879 dilectione
1347 2823 1500 2881 addidisset
1518 2826 1612 2882 adbuc

368 2912 519 2980 nonaginta
547 2917 574 2966 et
601 2916 720 2982 quatuor
746 2927 861 2977 marcas,
889 2910 964 2980 quod
993 2909 1184 2965 concambium
1211 2911 1285 2966 idem
1312 2911 1410 2968 Gurlro
1437 2913 1611 2984 approbavit.

367 2999 473 3052 Datum
491 3015 541 3069 per
558 3015 657 3052 manus
676 2998 800 3068 magistri
818 2997 962 3052 Michaelis
981 2998 1091 3052 lectoris
1108 2997 1240 3052 ccclesiae
1253 2997 1456 3068 Zagrabiensis.

421 3086 465 3138 Ee
483 3085 596 3141 archivo
614 3084 746 3140 camerali
764 3085 897 3140 Budensi.
922 3085 1040 3139 Weaacl:
1062 3086 1126 3140 Ceri.
1146 3086 1215 3154 dipl.
1234 3087 1341 3154 Arpeot.
1360 3086 1441 3152 VIII,
1462 3090 1524 3140 44⁶.

419 3224 580 3280 DCOXXI.
599 3228 676 3280 1256.
696 3224 798 3282 comes
818 3224 938 3278 Michael
957 3223 1102 3293 significat,
1121 3223 1196 3293 qnod
1215 3241 1279 3278 cum
1297 3225 1440 3281 carissime
1459 3232 1538 3298 patre
1559 3246 1612 3283 sno

368 3311 505 3366 Lancreto
531 3311 586 3366 tale
611 3311 723 3366 fecisset
746 3310 948 3377 concambium,
971 3311 1046 3380 quod
1066 3311 1112 3365 ille
1138 3310 1246 3366 dederit
1270 3310 1361 3367 eidem
1379 3319 1499 3382 quatuor
1524 3321 1613 3369 terras

370 3396 474 3453 Comor
491 3397 545 3452 sub
564 3414 619 3452 una
636 3403 712 3452 meto
729 3399 901 3465 constitutas,
921 3405 948 3453 et
966 3397 1036 3452 duas
1055 3404 1141 3453 terras
1153 3399 1261 3454 Welika
1279 3400 1362 3453 etiam
1380 3399 1434 3454 sub
1453 3417 1509 3455 una
1526 3409 1610 3470 meta,

370 3501 442 3555 quas
460 3501 557 3539 omnes
574 3483 735 3540 a·Jurlrene
754 3485 810 3540 filie
830 3485 924 3540 Ochuz
947 3484 1011 3539 bani
1027 3501 1128 3555 genere
1141 3501 1193 3540 suo
1206 3501 1256 3556 pro
1269 3485 1431 3542 concambio
1444 3487 1612 3558 optinuerat,

370 3578 398 3627 et
416 3579 516 3628 terram
536 3571 683 3642 Pyancove
703 3588 735 3626 ac
752 3577 853 3626 terram
870 3571 975 3626 Bikenc
989 3573 1053 3643 jure
1072 3577 1206 3643 perpetue
1226 3571 1416 3642 possidendas,
1434 3574 1487 3628 hac
1506 3574 1612 3644 obliga·

371 3659 461 3714 tione:
481 3657 557 3729 quod
576 3659 599 3711 si
618 3675 667 3728 per
685 3659 806 3729 aliquam
825 3660 997 3729 questionem
1016 3658 1050 3714 de
1069 3660 1148 3716 terris
1167 3659 1315 3714 nominatis
1334 3660 1422 3714 amitti
1441 3661 1614 3732 contingeret

372 3751 481 3800 tantum
500 3745 535 3800 de
553 3745 608 3800 alia
626 3750 699 3800 terra
717 3761 768 3800 sua
785 3746 942 3816 ubicunque
961 3763 995 3800 ex
1014 3747 1067 3800 ista
1080 3752 1157 3818 parte
1176 3747 1292 3802 Drawae
1305 3754 1413 3817 praetor
1431 3752 1552 3802 castrum
1568 3767 1613 3804 su·

370 3848 418 3886 um
436 3832 557 3900 habebit,
575 3837 684 3887 tenetur
702 3834 791 3887 eidem
811 3833 869 3887 sine
887 3833 933 3888 lite
961 3839 1122 3888 restaurare.
1141 3834 1172 3890 Si
1191 3835 1272 3888 etiam
1292 3851 1355 3889 enm
1382 3835 1450 3889 mori
1469 3838 1614 3906 contingat

370 3918 444 3972 lilius
463 3919 522 3973 eius
541 3936 654 3974 cansam
674 3937 729 3974 nen
748 3919 831 3974 debet
848 3935 998 3990 prerogare
1017 3919 1065 3974 sed
1093 3920 1214 3990 suplcbit
1238 3921 1468 3990 compositionem
1491 3922 1613 3978 antedie-

370 4021 424 4072 am,
444 4008 516 4062 sicut
533 4008 560 4060 in
579 4007 676 4060 litteris
695 4005 823 4060 Andreae
842 4012 907 4060 tunc
925 4007 1033 4062 comitis
1059 4007 1262 4062 Warosdiensis
1290 4009 1453 4075 continetur,
1472 4011 1520 4078 qui
1542 4010 1614 4065 inter

371 4109 436 4148 cum
455 4111 490 4148 ex
509 4093 621 4164 speciali
641 4093 772 4149 mandato
789 4095 873 4149 Belae
897 4095 970 4164 regis
989 4110 1072 4164 super
1090 4095 1152 4164 ipse
1170 4095 1332 4149 concambio
1351 4096 1441 4150 extitit
1459 4095 1612 4152 ordinatus.

424 4199 469 4252 Ex
487 4198 601 4254 archivo
619 4200 753 4254 1111111111·
770 4199 902 4254 Budensi.
928 4199 1048 4252 Werrrel:
1073 4199 1138 4253 Oed.
1157 4199 1226 4268 dipl.
1246 4199 1353 4266 arpen.
1379 4199 1440 4254 VH.
1461 4204 1525 4255 447.

423 4337 599 4393 DCOXXll.
628 4342 706 4393 1256.
730 4339 798 4393 Bela
817 4337 867 4393 VI.
886 4355 935 4393 rex
952 4337 1125 4393 readindicat
1149 4355 1197 4393 sex
1220 4339 1445 4408 generationibus
1470 4338 1505 4394 de
1529 4343 1614 4396 comi·
1730 4349 1736 4382 1

371 4431 430 4480 tatu
448 4425 484 4480 dc
504 4424 579 4480 Gora
597 4431 683 4480 terras
702 4427 824 4498 ipserum
843 4443 893 4497 per
910 4426 1023 4481 eosdem
1046 4431 1110 4496 post
1128 4427 1281 4480 discessum
1299 4443 1410 4496 quoqne
1434 4426 1614 4482 Tartarerem

371 4529 406 4567 ex
424 4513 477 4568 hoc
494 4528 580 4583 regno
597 4518 688 4569 tentas
706 4519 734 4569 et
751 4528 905 4584 possessas.

423 4615 524 4686 Fq'er:
545 4618 612 4676 (lod.
630 4618 701 4689 dipl.
719 4617 771 4674 cel.
788 4617 830 4672 11.
846 4633 876 4688 p.
894 4619 953 4673 413.
