3480 5356
681 435 826 480 anama.
1309 415 1376 484 365

110 605 386 662 walamerem
405 615 522 661 aaaron
540 599 697 661 vendidisse
714 601 789 660 dieto
802 601 934 674 optumo
946 607 975 660 et
986 603 1121 666 eooleaiu
1132 620 1200 662 auae
1212 621 1264 678 pro
1274 605 1372 677 viginti

109 688 416 746 mareiadenariornm
427 687 654 761 Zagrabiaasiam
665 690 1374 764 quorumquinquepenaaetunotemporiaasaaeam

108 776 277 844 faciebant,
295 793 360 833 eum
378 776 507 833 omnibus
526 777 698 848 pertinentiis
711 794 762 833 nee
780 795 836 834 non
855 779 1028 849 pertinentiis
1040 779 1103 836 aliis
1114 795 1188 850 quae
1205 781 1290 850 vulgo
1303 780 1373 836 Sou-

107 863 216 920 akuth
234 870 438 936 nuncupantur.
456 865 646 921 Interluernnt
662 871 757 922 autem
771 866 835 922 huia
848 865 998 922 venditioni
1023 867 1142 922 Pothola
1160 873 1187 922 et
1204 867 1305 924 Petrus
1325 867 1374 922 lilii

106 951 220 1007 Borolr
238 951 275 1007 de
295 967 395 1024 genere
414 952 574 1022 eorundem,
592 953 640 1024 qni
658 969 710 1024 pro
728 969 758 1008 se
776 957 804 1008 et
821 957 881 1008 tota
904 955 1082 1023 generatione
1101 969 1153 1010 aua
1171 955 1285 1026 plenum
1309 971 1374 1010 oon·

104 1055 243 1096 senam
265 1039 429 1096 nituerunt
447 1039 667 1096 Introduxerunt
678 1044 772 1096 autem
784 1041 930 1096 eeclesiam
945 1041 973 1094 in
986 1041 1191 1113 possessionem
1204 1047 1294 1098 terrae
1307 1047 1373 1098 Gre-

105 1127 223 1198 gorius
252 1127 402 1183 eanonlona
421 1131 449 1184 at
466 1127 677 1184 arohidiaoonna
696 1127 731 1184 de
749 1127 836 1184 Dexin
855 1133 885 1184 et
902 1129 994 1184 ldlatk
1012 1128 1120 1184 villicus
1144 1127 1180 1185 de
1204 1129 1373 1186 Ohuohurla.

105 1215 222 1271 Prima
241 1220 317 1272 meta
334 1215 430 1286 inalpit
444 1231 473 1271 'a
496 1217 694 1286 septemtrione
713 1215 797 1286 juxte
820 1231 951 1287 magnam
973 1215 1046 1272 dam
1070 1231 1143 1286 quaa
1165 1217 1256 1272 tendit
1276 1231 1373 1272 versus

107 1301 280 1358 Worosdin
299 1307 327 1358 et
348 1319 397 1376 per
420 1303 511 1358 varlas
533 1307 622 1358 metas
646 1302 785 1371 arboreae,
810 1303 902 1370 silvae,
931 1307 1041 1359 montes
1067 1309 1096 1358 et
1122 1303 1209 1360 vallea
1236 1305 1311 1360 venit
1337 1303 1373 1360 ad

109 1389 279 1462 quemdam
297 1389 411 1446 durium
429 1395 582 1446 currentem
601 1391 630 1444 in
648 1395 765 1462 ruptura
788 1407 878 1461 aquae
895 1390 1033 1462 phrvialis,
1052 1396 1080 1446 et
1096 1391 1132 1447 ad
1156 1391 1241 1446 alium
1258 1391 1372 1448 lineium

109 1493 264 1549 magnum
282 1483 437 1534 ourrentem
456 1493 505 1550 par
522 1478 646 1534 medium
663 1478 752 1546 vallia,
771 1483 799 1533 et
812 1479 866 1548 'per
883 1479 975 1534 varias
993 1485 1082 1535 metas
1100 1479 1201 1546 eundo,
1219 1478 1372 1536 ascendens

110 1565 254 1637 pervenit
271 1563 307 1620 ad
325 1565 435 1621 eulmen
453 1567 556 1622 montis
575 1565 611 1620 ad
629 1566 702 1621 eiam
723 1581 853 1636 magnam
877 1566 926 1622 nbi
944 1572 987 1623 eat
1004 1567 1087 1624 arbor
1110 1573 1257 1624 eastaneae
1281 1573 1310 1623 et
1331 1568 1371 1622 lbi

113 1657 315 1710 commetatur
333 1657 421 1709 terrae
439 1655 547 1710 comitia
566 1653 690 1710 Badlalai
709 1653 758 1709 lilii
782 1651 926 1726 Stephani.
950 1655 1021 1711 Inde
1044 1671 1094 1728 per
1117 1656 1234 1712 eandem
1252 1657 1329 1712 alant
1343 1657 1371 1711 in

110 1741 247 1798 eulmine
265 1741 367 1798 montis
385 1747 413 1796 et
429 1757 447 1798 a
464 1746 542 1814 parte
561 1742 778 1814 septemtrionali
795 1743 874 1797 iuxta
891 1747 991 1798 terram
1007 1743 1116 1799 comitis
1134 1742 1269 1816 Dadlalay
1281 1749 1309 1800 et
1321 1760 1371 1816 per

112 1829 219 1884 variam
237 1833 326 1884 metas
344 1828 437 1884 eundo
454 1831 637 1885 commetatur
654 1833 744 1885 terrae
768 1829 865 1886 Ditriei
893 1831 942 1885 lilii
960 1829 1089 1886 Wlolrirm
1112 1829 1148 1887 de
1171 1847 1272 1902 genere
1290 1831 1369 1886 Aelia

114 1923 146 1973 et
168 1931 225 1988 per
241 1916 333 1972 variae
350 1922 438 1972 metas
456 1915 628 1974 descendens
646 1917 674 1972 in
692 1917 793 1974 vallem
812 1919 937 1989 pervenit
963 1917 1000 1974 ad
1023 1933 1155 1989 magnam
1177 1919 1258 1986 viam,
1286 1933 1371 1990 qnam

113 2005 266 2059 transiens
284 2003 462 2076 pervenitad
481 2011 567 2078 eaput
584 2005 668 2061 tontis
688 2004 788 2072 Caena,
808 2003 909 2061 abinde
933 2007 1035 2075 regirat
1056 2007 1214 2078 peripsam
1240 2023 1371 2078 magnam

113 2093 198 2147 viam
217 2105 315 2146 versus
332 2091 474 2148 meridiem
492 2108 565 2162 quae
576 2093 621 2147 vla
639 2097 681 2148 eat
699 2107 750 2164 pro
768 2097 849 2160 meta,
862 2109 975 2148 cuneus
988 2093 1091 2150 direote
1109 2095 1293 2166 perlongum
1308 2112 1369 2167 epa·

113 2179 194 2235 tium
214 2177 250 2233 ad
269 2179 386 2252 primam
404 2183 516 2236 metam.

176 2283 258 2356 Θήρ.
273 2300 349 2358 perp.
367 2285 399 2341 iu
416 2301 476 2342 meo
497 2285 663 2343 uelum.

176 2441 338 2500 MOOLIV.
357 2447 434 2501 1278.
453 2443 615 2518 Capitulum
629 2445 762 2502 eeclesiae
774 2443 969 2514 Zagrnbiensis
984 2449 1081 2500 notum
1093 2443 1167 2512 laoit,
1179 2443 1255 2514 quod
1271 2442 1371 2500 Ghuok

117 2533 199 2589 illius
218 2531 338 2588 Humerl
357 2549 408 2605 pro
425 2533 509 2590 tratre
530 2533 662 2590 Mathaeo
687 2533 788 2590 abbate
806 2531 841 2588 de
859 2533 975 2604 Toplioa
993 2537 1021 2588 et
1038 2537 1176 2588 conventu
1190 2531 1315 2604 ejusdem
1334 2548 1370 2588 ax

117 2638 180 2678 una
200 2627 280 2692 parte
298 2625 327 2676 et
344 2621 490 2692 Wlkowoy
501 2621 575 2678 filius
588 2621 743 2693 Dragaoha,
756 2621 902 2678 Dobroteh
915 2621 989 2676 lilius
1003 2619 1148 2688 Oherbioh,
1161 2618 1278 2692 Bogdan
1295 2619 1369 2676 filius

121 2710 165 2766 Zo
180 2747 187 2764 .
203 2747 232 2765 ..
251 2713 279 2764 et
296 2708 373 2765 Beok
390 2709 463 2765 iilius
476 2709 604 2766 Nadanei
617 2709 651 2764 de
664 2709 842 2780 generatione
854 2709 953 2766 Bathei
972 2708 1007 2764 de
1025 2709 1090 2764 villa
1107 2709 1217 2780 Mayay.
1228 2708 1265 2764 ab
1282 2708 1369 2764 altera

118 2813 220 2854 eoram
238 2796 390 2866 constituti,
408 2797 482 2858 idem
500 2796 640 2868 Wlkovoy
659 2803 688 2854 et
705 2799 806 2857 caeteri
818 2797 860 2874 'de
878 2801 955 2870 parte
974 2813 1026 2852 sua
1044 2796 1165 2852 eonteasi
1184 2801 1250 2854 sunt
1265 2803 1368 2852 terram

121 2901 224 2942 eorum
242 2885 361 2943 vicinam
378 2886 511 2958 grangiae
529 2885 653 2944 alumenu
671 2885 783 2942 abbatia
799 2885 938 2942 Breohina
955 2889 1141 2956 nuncupatae,
1158 2884 1237 2952 iuxta
1253 2883 1368 2942 fluvium

122 2972 262 3031 Adulnak
279 2973 452 3041 ansanum,
470 2989 555 3046 saper
580 2990 637 3044 qua
660 2973 731 3030 inter
754 2971 852 3028 ambas
875 2976 968 3043 partes
992 2971 1027 3030 lia
1050 2979 1079 3028 et
1101 2972 1290 3032 controversia
1313 2971 1368 3033 iam

120 3059 233 3120 dudum
250 3059 347 3118 habita
370 3059 461 3116 suerat
485 3077 536 3132 pro
559 3059 633 3116 bono
657 3060 742 3132 paula,
767 3057 842 3116 dioto
865 3057 960 3116 abbati
984 3065 1013 3116 et
1035 3059 1205 3121 monasterio
1223 3075 1275 3132 pro
1298 3059 1367 3120 (luo-

122 3145 216 3204 decim
233 3148 327 3220 penaia
344 3147 483 3204 dimisisse
501 3149 530 3204 in
549 3151 723 3219 perpetuum.

179 3252 308 3312 fautu:
325 3255 401 3310 una.
417 3252 482 3310 aaa
502 3255 530 3306 u.
548 3254 573 3310 1.
587 3269 618 3322 p.
636 3257 697 3308 191.

181 3411 324 3468 MGOLV.
342 3417 424 3467 1278.
443 3412 604 3484 Capitulum
617 3411 811 3484 Zagrabienaia
823 3411 955 3467 ecelesiae
966 3416 1064 3466 notum
1076 3409 1149 3478 fauit,
1162 3409 1238 3482 quod
1250 3409 1368 3482 Budvoy

124 3501 200 3558 filius
219 3499 329 3566 Budilo,
349 3500 475 3556 Wleheta
494 3501 568 3556 lilius
585 3500 695 3568 Brittan,
715 3499 826 3556 Wllaeta
844 3499 918 3554 filius
938 3498 1088 3566 Mladioha,
1107 3496 1199 3569 Gerga
1217 3495 1290 3552 lilius
1308 3497 1367 3552 Pri-

124 3589 206 3656 bialo,
225 3587 385 3660 Stephanus
404 3589 478 3644 filius
496 3589 627 3660 Wlkoyn,
646 3589 749 3644 Zlaven
768 3587 840 3642 filius
859 3585 993 3657 Radialay
1006 3585 1232 3656 degeneratione
1250 3583 1367 3640 Pouona

125 3677 247 3734 confessi
265 3682 331 3732 sunt
349 3693 379 3732 ae
397 3675 555 3734 vendidisse
573 3675 704 3732 Mathaeo
732 3674 826 3730 abbati
852 3673 888 3730 de
915 3673 1030 3746 Topliea
1057 3677 1085 3728 et
1111 3673 1172 3742 ejus
1190 3671 1366 3739 monasterio,

125 3763 318 3834 poaseaaionea
346 3763 470 3835 ipsorum
497 3763 612 3820 Povona
638 3767 759 3829 vomtae,
783 3777 834 3816 nee
860 3777 917 3819 non
944 3760 1064 3816 inaulam
1082 3759 1194 3816 Wllom
1216 3775 1280 3814 eum
1304 3758 1366 3814 aliis

126 3851 219 3920 parvis
236 3850 335 3906 insulis
353 3851 382 3906 in
400 3851 484 3906 fluvio
502 3850 574 3908 Wen
592 3849 775 3908 existentibus
794 3853 975 3920 prouentum
993 3855 1024 3904 nt
1042 3847 1152 3904 duabus
1170 3847 1270 3907 marola
1282 3846 1365 3907 deua-

125 3937 229 3993 riorum
247 3937 399 4008 banaiam,
417 3955 536 4009 quorum
563 3938 689 4010 singulae
711 3937 834 4010 quinqua
861 3951 964 4008 pensae
991 3943 1057 3992 tune
1084 3935 1218 4006 temporie
1243 3949 1365 3992 maroam

125 4025 271 4082 iaciebant.
289 4027 384 4082 Melae
401 4031 495 4082 autem
518 4041 567 4098 per
591 4026 754 4096 magistrum
776 4023 956 4080 Manfredum
979 4022 1223 4079 archidiaconoum
1249 4020 1284 4078 de
1309 4023 1364 4076 Gu-

127 4112 206 4170 erolre
224 4113 378 4170 destinatae
396 4113 508 4170 luerunt
526 4114 608 4170 haee:
631 4114 725 4169 Prima
747 4113 784 4168 ab
802 4114 908 4169 oriente
930 4113 958 4167 in
983 4111 1096 4168 flumine
1113 4110 1185 4166 Wen
1209 4109 1293 4182 (Una)
1316 4109 1365 4164 nbi

126 4199 200 4258 eadit
216 4202 322 4258 rivulus
340 4200 492 4270 Mutnieha,
510 4219 528 4256 a
545 4218 602 4273 quo
620 4200 746 4256 aseendit
763 4200 798 4256 ad
817 4201 930 4282 sonum,
957 4198 1021 4256 inde
1045 4197 1081 4254 ad
1105 4213 1238 4258 mauman
1262 4197 1365 4254 muntia

127 4289 203 4346 iuxta
220 4305 351 4358 mgnum
369 4289 450 4346 viam
472 4289 581 4345 Deinde
599 4306 648 4361 per
665 4289 788 4346 medium
811 4289 913 4346 montis
937 4289 966 4343 in
989 4287 1087 4344 eadem
1105 4287 1149 4344 via
1167 4288 1245 4344 iuxta
1262 4290 1363 4350 terram

127 4376 246 4434 filiorum
263 4377 431 4434 Henaoonia.
457 4377 565 4433 Deinde
583 4395 633 4449 per
650 4377 768 4436 eandem
786 4379 858 4434 vum
876 4376 912 4432 ad
930 4393 1014 4434 unam
1032 4377 1168 4434 semitam
1195 4373 1303 4432 Deinde
1326 4373 1362 4431 ad

129 4479 212 4520 unum
233 4465 424 4534 monticulum,
442 4465 478 4521 de
496 4483 553 4537 quo
570 4465 714 4522 deseendit
737 4466 774 4521 ad
797 4466 915 4522 rivulum
937 4466 1095 4536 Merooayn·
1118 4461 1227 4520 Deinde
1250 4461 1287 4518 ad
1309 4462 1364 4518 ori-

127 4557 214 4607 entem
234 4555 416 4626 perlongum
437 4554 558 4625 spatium
583 4553 632 4610 ubi
654 4553 730 4610 idem
752 4555 859 4610 rivolm
880 4553 955 4610 eadit
980 4553 1009 4608 in
1035 4551 1155 4610 rivulum
1176 4549 1309 4622 iarorelg
1334 4555 1364 4612 et

129 4653 219 4696 aeram
238 4640 380 4698 meridiem
399 4641 582 4712 perlongum
607 4643 731 4713 spatium
754 4641 829 4698 eadit
845 4643 874 4698 in
891 4642 1006 4698 flauum
1029 4639 1188 4712 Syranioha,
1205 4655 1299 4712 aque
1316 4637 1364 4699 de·

130 4727 232 4787 aoandit
249 4745 299 4800 per
316 4729 469 4792 maalmam
493 4730 618 4804 spadium
636 4731 664 4792 in
683 4730 798 4788 linaium
815 4730 983 4786 Woumnam
1002 4742 1099 4784 versus
1116 4728 1250 4786 manum
1267 4726 1303 4784 ad
1323 4727 1363 4793 in·

563 4827 570 4852 “
1224 4837 1258 4893 26
