3480 5356
299 389 365 455 354
800 415 820 455 1.
841 399 1038 463 resumunt,

300 580 406 636 fossata
425 595 522 634 verens
540 578 683 647 orientem,
697 577 823 634 ascendit
842 577 877 633 ad
896 578 1024 634 verticem
1042 576 1152 645 montis,
1170 577 1246 632 venit
1262 575 1297 631 ad
1316 575 1396 643 dam,
1414 591 1487 646 quae
1499 579 1543 630 est

299 668 328 722 in
346 668 490 723 cacumine
508 667 621 734 montis,
639 667 675 721 ad
694 666 765 721 duas
791 673 880 721 metas
901 665 1107 736 distinguentes
1130 671 1230 720 terram
1253 665 1366 736 capituli
1390 663 1426 720 de
1449 663 1544 719 Caena

299 761 328 812 et
344 754 505 826 Wydchech
523 753 571 809 filii
589 755 702 810 Martini
720 755 881 828 jobagionis
907 754 989 810 castri
1007 753 1117 824 nagrab.
1135 753 1189 809 Per
1207 755 1279 810 viam
1297 753 1352 808 itur
1369 752 1405 808 ad
1423 758 1543 824 septem·

300 843 418 898 trionem
437 846 465 897 et
483 841 559 896 venit
576 840 614 896 ad
634 841 732 913 pedem
751 843 866 898 atterius
884 843 995 910 montis,
1014 842 1062 896 ubi
1081 841 1219 898 divertens
1242 841 1279 896 ab
1302 841 1350 895 illa
1375 841 1419 895 via
1441 856 1544 909 magna

301 929 375 986 venit
393 929 428 984 ad
447 929 578 1000 antiquas
597 933 695 986 metas.
714 929 823 986 Deinde
842 931 954 986 veniens
966 931 995 984 in
1009 928 1167 1000 saepedicta
1185 929 1230 984 via
1247 929 1275 983 in
1293 929 1424 984 verticem
1441 927 1543 982 montis

301 1017 350 1073 ubi
367 1024 411 1074 est
427 1023 500 1072 terra
525 1016 620 1072 rubea.
639 1018 673 1072 ln
691 1017 789 1072 eadem
807 1019 852 1073 via
870 1036 920 1090 per
939 1017 1056 1072 eandem
1080 1016 1196 1072 rubeam
1219 1021 1321 1071 terram
1344 1015 1420 1071 venit
1442 1014 1478 1070 ad
1501 1013 1541 1070 fo·

300 1123 379 1161 veam
397 1105 558 1176 palustrem,
578 1111 606 1159 et
625 1104 800 1174 procedendo
825 1123 874 1176 per
898 1107 970 1160 viam
994 1104 1030 1160 ad
1056 1104 1281 1175 septemtrionem
1299 1103 1435 1174 incipiunt
1451 1107 1541 1157 metae

224 1183 225 1188 ἵ
301 1208 432 1264 separare
450 1199 551 1246 terram
569 1192 668 1247 Potela
686 1192 734 1246 filii
752 1191 850 1248 Boroh.
872 1193 981 1248 Deinde
999 1191 1143 1247 de÷cendit
1160 1192 1195 1246 ad
1215 1192 1334 1246 rivulum
1353 1191 1446 1246 Caena
1463 1191 1540 1246 iuxta

300 1281 411 1335 alveum
429 1279 510 1334 rivuli
528 1280 576 1350 qui
594 1285 709 1335 vocatur
727 1279 835 1351 Zopath
848 1282 875 1334 in
889 1297 945 1350 quo
957 1280 1047 1334 rivtrlo
1058 1279 1230 1335 descendens
1242 1278 1368 1336 ascendit
1379 1279 1415 1334 ad
1427 1279 1540 1346 sentem,

302 1369 350 1439 qui
369 1373 412 1422 eet
429 1383 517 1438 prope
536 1369 616 1435 dam,
640 1367 774 1438 incipiens
798 1367 900 1422 hahere
926 1386 944 1424 a
971 1367 1166 1439 septemtrione
1193 1371 1410 1422 commetaneam
1438 1373 1540 1421 terram

300 1455 505 1512 Oruciiercrurn
524 1471 546 1510 s.
565 1455 712 1526 Sepulchri
731 1455 766 1510 de
785 1472 806 1510 e.
825 1455 956 1526 Georgio.
978 1454 1086 1510 Deinde
1105 1471 1154 1525 per
1172 1455 1262 1510 varias
1280 1460 1369 1510 metae
1387 1459 1415 1510 et
1432 1471 1481 1526 per
1498 1470 1540 1508 se-

299 1543 422 1600 cundum
441 1548 469 1598 et
486 1543 598 1598 tertium
616 1559 723 1597 ramum
748 1544 828 1598 rivuli
853 1543 947 1598 Ossna
971 1543 1006 1598 ad
1031 1549 1133 1598 terram
1157 1543 1277 1596 filiorum
1301 1541 1488 1609 Mladochuet,
1513 1551 1541 1596 et

299 1631 357 1686 exit
374 1629 408 1685 de
426 1631 489 1702 ipso
507 1630 592 1685 fluvio
618 1632 655 1686 ad
678 1647 762 1686 unarn
787 1637 901 1686 stratam
925 1646 1022 1686 sersus
1047 1630 1140 1684 villam
1165 1629 1258 1684 Oasna
1280 1629 1374 1685 eundo
1397 1629 1541 1684 revertitur

298 1718 334 1774 ad
353 1719 470 1789 primam
488 1723 600 1774 metam.

354 1805 480 1860 l’lruldit:
499 1807 572 1860 Mon.
591 1805 657 1861 hist.
678 1807 705 1862 T.
727 1808 748 1860 I.
765 1823 793 1875 p.
813 1811 873 1862 183.

355 1945 508 2002 nocvss.
537 1950 676 2004 1277.17.
695 1947 807 2002 Martii.
835 1945 996 2018 Capitulum
1024 1946 1202 2002 Ohasmensis
1229 1947 1361 2002 ecclesiae
1386 1951 1539 2016 atmstatnr,

211 2051 213 2056 ’
298 2033 375 2106 qnod
393 2033 484 2090 Tolila
511 2039 540 2088 et
562 2034 703 2112 Godealay
730 2035 793 2090 filiis
820 2035 942 2102 Martini,
968 2035 1117 2090 Wllrmano
1144 2033 1178 2090 ed
1205 2035 1299 2088 Drask
1326 2035 1390 2088 tiliis
1418 2034 1540 2103 Ghomk‚

300 2124 401 2193 Woyn,
419 2121 494 2177 Peck
513 2127 540 2176 et
559 2121 680 2193 Wlkyna
700 2122 764 2178 filiis
788 2122 887 2190 stobi,
913 2121 987 2176 Rath
1012 2122 1069 2177 filio
1089 2121 1225 2190 Wisebor,
1244 2139 1295 2194 pro
1313 2139 1343 2178 ee
1361 2127 1389 2177 ct
1407 2121 1540 2193 Grobyna

297 2210 382 2266 fratre
400 2225 451 2264 sua
468 2225 502 2264 ac
520 2209 609 2265 Paulo
627 2209 685 2264 filio
703 2209 812 2265 Marsllr
836 2209 1036 2282 jobagionibue
1059 2209 1142 2265 castri
1167 2209 1313 2266 liriniensis
1338 2225 1354 2264 a
1381 2215 1459 2281 parte
1483 2226 1541 2265 una

299 2304 327 2354 et
345 2296 459 2352 Matheo
487 2295 545 2350 filio
572 2295 647 2351 Pezk
672 2297 780 2352 comitis
803 2314 837 2352 ex
860 2297 948 2353 altera
972 2313 1065 2354 coram
1089 2314 1121 2352 eo
1146 2298 1312 2365 constitutis,
1334 2297 1417 2374 iidem
1441 2297 1540 2363 Tolila,

300 2385 442 2442 Godealas
460 2402 493 2440 ac
511 2384 595 2439 ceteri
613 2401 663 2456 pro
682 2391 759 2456 parte
777 2402 880 2452 eorum,
905 2386 1060 2457 portionem
1085 2389 1174 2440 terrae
1192 2401 1288 2456 eprum
1305 2386 1334 2440 in
1352 2385 1459 2442 Polona
1476 2403 1540 2442 cum

301 2472 431 2530 omnibus
449 2471 630 2544 pertinentiis,
649 2473 790 2542 quondam
807 2491 824 2529 a
842 2473 984 2542 Gordoba,
1002 2472 1127 2544 Gordon,
1139 2473 1292 2539 Benchcch,
1305 2473 1425 2541 Zmortu,
1438 2473 1540 2542 Iwano,

300 2567 328 2616 et
345 2560 471 2631 cognatis
490 2576 587 2616 eorum
605 2559 634 2614 in
652 2561 779 2616 ommino
806 2561 892 2617 duelli
914 2569 942 2618 et
966 2579 1030 2616 area
1053 2563 1210 2617 certaminis
1233 2562 1315 2631 (sicut
1341 2562 1369 2615 in
1396 2561 1540 2632 privilegio

301 2648 389 2721 Edyae
406 2647 516 2702 comitis
535 2647 683 2703 Grisiensis
701 2649 873 2718 continetur),
893 2650 1049 2720 aquisitam,
1068 2665 1118 2720 pro
1137 2655 1243 2719 septem
1261 2647 1368 2704 marcis.
1381 2649 1454 2704 Item
1466 2648 1541 2704 Rath

300 2743 328 2792 et
346 2735 481 2808 Grcbyna
499 2735 584 2791 frater
603 2736 672 2806 ejus,
687 2737 735 2806 qui
753 2741 859 2806 partem
872 2753 953 2794 suam
971 2737 999 2790 in
1017 2737 1125 2792 Polona
1138 2753 1200 2792 cum
1220 2736 1288 2791 silva
1306 2735 1448 2791 Dobowch
1467 2735 1541 2790 simi·

303 2825 366 2880 liter
384 2841 435 2895 pro
462 2829 569 2895 septem
594 2823 707 2890 marcis;
732 2825 798 2878 item
823 2824 954 2892 Wllronu,
977 2823 1072 2880 Drask
1096 2829 1124 2879 et
1146 2825 1251 2878 Paulus
1273 2823 1437 2894 particulam
1460 2839 1541 2878 suam

259 2927 261 2932 ’
302 2928 354 2983 pro
372 2911 483 2967 duabus
510 2914 611 2967 marcis
629 2911 820 2968 vendidissent
836 2912 925 2968 eidem
948 2911 1070 2968 Matheo.
1094 2911 1234 2967 Moturum
1252 2917 1346 2966 autem
1368 2915 1457 2966 tarrae
1481 2927 1540 2983 pre

305 2999 396 3055 dictae
415 2999 512 3070 incipit
530 2999 619 3070 prima
636 3016 654 3054 a
672 3005 750 3072 parte
769 2999 881 3056 orientis
900 3001 927 3054 in
945 2999 1044 3054 arbore
1068 2999 1155 3056 cerasi
1179 3000 1379 3070 crucesignata,
1402 2999 1469 3054 item
1492 3015 1541 3069 per

301 3088 391 3145 varias
410 3093 498 3143 metas
517 3087 648 3142 arboreas
666 3087 701 3142 ad
720 3088 793 3142 viam
818 3103 890 3158 quaa
914 3086 1002 3142 tendit
1019 3089 1053 3143 de
1072 3089 1179 3143 Polona
1203 3105 1299 3144 versus
1324 3087 1439 3143 domum
1462 3103 1541 3158 prae·

300 3176 366 3231 dicti
383 3175 486 3244 Tolila;
505 3176 571 3232 item
589 3175 746 3246 pervarias
764 3181 854 3230 metas
871 3175 908 3231 ad
925 3177 1041 3232 domum
1060 3177 1208 3232 Monorou.
1227 3175 1350 3232 Indead
1368 3177 1461 3233 lacum
1480 3177 1541 3231 Ma·

302 3265 392 3330 chela,
410 3263 476 3317 inde
495 3263 531 3318 ad
549 3279 648 3318 nemus
666 3263 742 3318 Znoa
760 3269 897 3319 vocatum.
915 3265 1005 3320 Penes
1022 3264 1136 3322 domum
1149 3265 1240 3320 Polila
1258 3265 1334 3320 venit
1350 3264 1386 3321 ad
1405 3265 1540 3322 fossatum

302 3351 362 3406 Ark
380 3351 529 3420 vulgariter
548 3351 651 3406 dictum
671 3357 699 3407 et
716 3351 790 3407 cadit
803 3352 830 3406 in
843 3353 957 3408 fluvium
976 3352 1140 3424 Glogoncha
1159 3359 1186 3408 et
1203 3353 1231 3408 in
1249 3353 1341 3410 littore
1352 3355 1441 3426 ipsius
1452 3370 1540 3426 prope

305 3437 495 3494 molendinum
513 3438 588 3494 Petri
607 3439 655 3494 filii
673 3440 768 3494 Prelse
786 3445 814 3495 et
831 3441 906 3495 venit
923 3439 958 3496 ad
977 3457 1106 3511 magnam
1127 3441 1200 3496 viam
1224 3459 1295 3514 quac
1319 3441 1407 3498 tendit
1429 3441 1464 3497 de
1487 3443 1540 3498 Po·

301 3528 368 3582 lona
385 3541 481 3590 versus
500 3525 621 3581 Gricium
640 3531 667 3582 et
685 3543 768 3598 super
786 3533 898 3598 pontem
926 3529 1036 3599 Zopoth
1061 3529 1097 3584 ad
1120 3535 1221 3585 terram
1249 3531 1336 3586 sancti
1364 3529 1478 3600 Georgii
1504 3528 1539 3584 ad

301 3614 430 3670 comitem
448 3613 630 3669 Laurentium
642 3621 670 3668 et
682 3631 731 3685 per
746 3615 836 3670 varim
848 3620 936 3672 metas
949 3615 986 3671 ab
997 3617 1114 3672 ecclesia
1126 3635 1148 3672 s.
1161 3617 1274 3687 Georgii
1287 3633 1382 3672 versus
1395 3617 1540 3672 Polonam.

357 3701 432 3771 θήρ.
448 3717 526 3772 perp.
544 3703 577 3756 tc
595 3717 654 3756 mec
672 3702 837 3759 collectione.

354 3841 518 3899 uccvm.
546 3844 582 3897 Ia
609 3841 732 3901 Oronon
765 3847 845 3899 1277.
871 3849 915 3901 21.
937 3844 1050 3900 Martii.
1075 3843 1222 3900 Ladialaus
1246 3845 1298 3902 1v.
1322 3862 1371 3902 rex
1395 3847 1541 3904 attondens

301 3929 421 4001 plurima
439 3931 549 3986 servitia
566 3929 722 3985 Timothaei
740 3931 863 4002 episcopi
882 3931 1084 4000 Zagrahiensis‚
1109 3931 1217 3987 confert
1240 3934 1264 3988 ci
1288 3938 1409 3988 castrum
1434 3936 1541 4005 regium

301 4017 337 4074 de
355 4017 451 4088 Garig,
469 4017 545 4088 qnod
563 4035 580 4071 a
598 4023 722 4088 tempore
745 4019 932 4074 coronationis
953 4020 1025 4090 regis
1043 4021 1245 4076 conservationi
1269 4019 1393 4076 eiusdem
1417 4023 1541 4094 episcopi

301 4106 485 4174 commiserat,
504 4105 583 4160 etune
602 4105 818 4161 conservationis
836 4122 916 4174 onus,
929 4093 1057 4180 sumptus
1075 4114 1104 4164 et
1121 4107 1230 4164 labores
1254 4107 1326 4164 idem
1342 4110 1490 4182 episcopus
1505 4109 1540 4165 de

299 4193 419 4266 propriis
437 4191 518 4249 bonis
536 4194 716 4265 supportavit

326 4337 332 4350 ,
355 4282 481 4340 stoldt'd:
500 4283 575 4337 diota
592 4281 656 4339 tet.
678 4284 706 4338 T.
725 4285 748 4340 1.
764 4299 795 4353 p.
813 4285 870 4338 185.

354 4439 488 4496 MOGIX.
507 4445 588 4498 1277.
609 4444 651 4498 22.
671 4442 778 4498 Martii.
797 4441 947 4498 Ladirlaus
965 4442 1015 4500 IV.
1035 4459 1084 4499 rex
1102 4443 1271 4510 manifestat,
1283 4443 1359 4514 quod
1377 4445 1539 4502 Timotheus

301 4527 450 4600 episcopus
468 4529 662 4600 Zagrabiensis
679 4535 767 4585 terras
784 4546 856 4601 quas
875 4547 892 4586 a
910 4533 1007 4588 comite
1036 4531 1101 4587 Rnh
1124 4538 1333 4604 comparaverat
1355 4534 1383 4589 in
1407 4533 1540 4589 comitatu

303 4615 339 4672 de
356 4615 512 4673 Bersenche
531 4618 567 4674 ob
585 4617 766 4675 reverentiam
785 4635 806 4674 s.
826 4617 948 4691 Spiritus
965 4619 1078 4676 donavit
1096 4620 1229 4678 ecclesiae
1242 4621 1406 4677 Chasmensi
1418 4620 1453 4676 ad
1466 4637 1539 4676 com·

304 4719 418 4762 munem
434 4720 560 4763 mensam
577 4705 693 4763 fratrum
711 4706 750 4763 ibi
768 4705 955 4781 residentium,
974 4715 1072 4783 petens
1089 4726 1182 4786 regem
1206 4715 1238 4768 ut
1254 4712 1345 4784 ipsam
1362 4711 1540 4770 donationem
