3544 5344
681 439 826 487 amusan.
1332 417 1375 494 36

7 633 20 655 ,
132 603 206 660 rimo
225 611 253 660 et
272 622 321 677 per
338 601 453 661 dorsum
471 606 572 661 montis
590 604 732 663 descendit
750 606 785 662 ad
804 607 911 676 vallem,
924 606 959 664 ad
976 625 1089 666 ’nasum
1105 609 1230 667 ciusdem
1241 613 1376 682 montis‹;

132 693 234 749 deinde
252 693 377 750 ascendit
394 699 524 762 montem,
549 694 596 750 ubi
621 701 663 750 est
687 696 739 762 via,
765 701 792 750 et
815 695 991 751 ascendendo
1009 703 1037 752 et
1054 696 1229 756 descedeudo
1247 701 1323 756 venit
1340 700 1377 756 ad

11 781 21 800 ⁸
131 782 214 848 uam,
232 781 283 836 ubi
296 781 453 852 junguntur
471 787 561 837 metae
579 799 643 837 cum
661 782 914 838 varasdinicnsibus
933 788 960 838 et
978 801 1027 855 per
1044 784 1120 840 illam
1132 787 1255 856 (metam)
1272 787 1328 842 itur
1340 787 1376 842 ad

131 885 263 939 magnam
283 869 363 936 viam,
383 875 411 924 et
434 868 577 925 deseendit
600 869 635 924 ad
660 885 779 938 acquam
802 870 898 940 Bigne,
923 887 1007 942 super
1030 872 1120 942 ripam
1142 872 1324 943 Prognibrod,
1349 879 1378 930 et

132 955 256 1026 iungitur
273 957 354 1010 metis
371 955 605 1025 zagrabiensibus.
624 957 726 1011 Terrae
743 956 867 1026 Babuch‚
887 973 971 1028 quam
983 975 1031 1013 rex
1050 958 1126 1028 Bela,
1144 966 1224 1031 pater
1240 959 1378 1026 Andreae,

132 1041 249 1097 contulit
276 1041 409 1098 ecclesiae
432 1041 550 1112 zsgrab,
574 1043 664 1113 prima
689 1049 764 1098 meta
791 1043 888 1115 incipit
913 1061 930 1098 a
954 1045 1096 1101 cacumine
1122 1047 1231 1114 montis,
1260 1047 1307 1101 ubi
1335 1053 1378 1102 est

132 1129 202 1197 fons,
222 1129 261 1183 ibi
279 1130 369 1184 solent
396 1129 514 1184 viatores
541 1130 689 1200 quiescere,
717 1131 781 1186 hinc
805 1131 833 1186 in
858 1131 943 1186 dorso
965 1133 1067 1188 montis
1091 1151 1140 1204 per
1164 1133 1237 1188 viam
1255 1134 1291 1189 ad
1308 1133 1377 1189 Bela

132 1215 268 1283 Boronu,
286 1215 351 1271 inde
369 1215 405 1270 ad
424 1216 568 1285 Calissam,
587 1217 651 1272 inde
670 1216 705 1272 ad
723 1223 847 1274 montem
865 1219 1024 1288 Ingelovvcz,
1042 1219 1107 1274 inde
1125 1237 1175 1292 per
1192 1227 1315 1276 montem
1327 1220 1374 1276 de-

132 1303 240 1358 scendit
257 1302 293 1358 ad
311 1305 401 1358 rivum
419 1303 547 1372 Prodani,
565 1303 630 1358 inde
653 1303 689 1358 ad
713 1311 836 1360 montem
859 1305 979 1372 Gremla,
999 1313 1026 1362 et
1046 1313 1169 1362 montem
1187 1308 1327 1375 Adumoli,
1346 1313 1374 1363 et

131 1387 277 1444 descendit
293 1391 322 1444 in
340 1407 469 1461 campum
487 1390 523 1445 ad
540 1391 642 1445 rubum
659 1391 687 1445 in
705 1391 797 1448 medio
816 1393 875 1448 viae
894 1411 943 1464 per
960 1392 1080 1447 mediam
1093 1393 1199 1464 sylvam
1208 1394 1244 1448 ad
1255 1394 1374 1462 Lomkn,

132 1475 196 1531 inde
215 1493 265 1547 per
282 1475 405 1532 medium
422 1477 564 1532 flumenin
577 1477 745 1532 insulamad
758 1478 928 1546 sambucum,
948 1485 975 1534 et
992 1479 1071 1549 juxta
1089 1481 1196 1550 sylvam
1208 1479 1243 1535 ad
1256 1481 1360 1536 Zavam
1368 1499 1375 1549 ;

132 1562 234 1618 dmnde
251 1562 288 1618 ad
311 1571 414 1618 metam
437 1565 596 1619 Waratizlai
616 1566 700 1636 juxta
717 1567 790 1620 viam
814 1565 849 1620 ad
874 1566 1025 1633 ecclesiam,
1045 1566 1218 1637 protenditur
1235 1583 1285 1638 per
1302 1569 1375 1622 viam

10 1681 22 1703 1
133 1667 222 1720 usqne
241 1651 304 1706 Goli
323 1651 389 1705 verh
408 1657 436 1706 et
454 1669 504 1722 per
522 1669 654 1706 cacumen
678 1653 780 1706 montis
804 1652 839 1707 ad
864 1653 983 1723 priorem
1006 1659 1116 1708 metam.
1134 1653 1236 1709 Terrae
1254 1652 1374 1721 Gremla,

132 1753 217 1806 quam
236 1739 352 1793 contulit
369 1739 470 1794 nobilis
497 1741 603 1807 Petrus,
629 1745 704 1795 meta
729 1740 825 1810 incipit
849 1757 944 1795 versus
963 1739 1097 1794 orientem
1115 1744 1143 1794 et
1159 1739 1258 1794 dividit
1274 1745 1376 1796 terram

131 1841 196 1878 cum
224 1826 330 1896 populo
348 1827 420 1896 regis
444 1827 580 1881 transiens
603 1843 734 1896 magnam
758 1833 872 1881 stratam
896 1833 924 1881 et
948 1825 1045 1881 dividit
1067 1831 1155 1882 terras
1179 1842 1242 1881 cum
1269 1827 1375 1898 populo

132 1912 205 1981 regis
225 1919 253 1968 et
270 1914 431 1968 centurione
448 1914 531 1969 Petro
549 1929 629 1969 mons
647 1913 813 1968 Pantelouth
837 1929 933 1968 versus
955 1915 1094 1968 orientem.
1107 1913 1209 1968 Terrae
1227 1914 1373 1981 Zavvarsia,

131 2015 217 2068 quam
235 1999 360 2054 Jcannes
388 2001 538 2072 praepositi
566 2001 685 2070 O(irisci)
713 2001 866 2056 avunculus
893 2001 1015 2068 contulit,
1043 2006 1118 2055 mets
1137 2000 1249 2070 inscipit
1267 2017 1284 2054 a
1301 2007 1374 2055 terra

131 2086 251 2140 filiorum
270 2085 378 2142 Nicolai
396 2088 474 2142 iuxta
491 2088 564 2142 viam
582 2105 632 2159 per
649 2093 771 2143 montem
789 2087 825 2142 ad
843 2093 944 2142 terram
962 2087 1151 2142 castrensium.
1173 2087 1274 2142 Terrae
1287 2087 1373 2158 Opor,

131 2189 216 2244 quam
235 2173 351 2238 contulit
368 2173 477 2228 Blasius
496 2174 637 2244 quondam
656 2175 742 2229 abbas
762 2191 783 2228 s.
803 2175 923 2242 Martini,
935 2177 1010 2229 meta
1021 2174 1118 2245 incipit
1130 2190 1226 2228 versus
1240 2175 1373 2230 orientem

8 2280 26 2304 ι
131 2260 160 2313 in
177 2260 223 2313 via
241 2261 324 2330 regia,
343 2259 443 2315 deinde
461 2261 497 2316 ad
515 2268 616 2316 terram
634 2262 700 2316 civis
719 2261 831 2328 Oihene,
850 2267 878 2316 et
889 2277 986 2316 versus
998 2259 1170 2315 occidentem
1181 2259 1216 2314 ad
1230 2261 1374 2316 eeclesiam

131 2363 153 2398 s.
173 2347 295 2413 Mariae;
313 2363 409 2402 versus
427 2349 642 2419 septentrionem
665 2347 702 2402 ad
725 2365 856 2417 magnam
874 2347 954 2414 dam,
979 2363 1050 2416 quae
1068 2347 1144 2402 venit
1162 2347 1196 2402 de
1215 2347 1328 2402 Suseria
1346 2353 1375 2402 et

6 2425 20 2448 ’
125 2433 209 2488 vvadit
226 2433 399 2503 Zagrsbiam,
418 2435 482 2489 iude
501 2435 536 2490 ad
554 2434 668 2489 fluvium
685 2435 779 2490 Johan
798 2435 910 2505 potoka,
929 2434 1056 2504 superius
1074 2433 1109 2488 ad
1126 2441 1227 2489 terram
1240 2433 1373 2504 episcopi,

130 2537 181 2591 per
199 2527 323 2576 montem
341 2521 377 2576 ad
400 2522 480 2588 dam,
506 2539 523 2575 a
547 2539 602 2591 qua
626 2521 769 2576 descendit
787 2521 822 2574 ad
846 2527 949 2576 metam
967 2527 1056 2575 terrae
1074 2521 1181 2574 comitis
1199 2519 1305 2589 Egidii;
1324 2537 1374 2590 per

130 2608 231 2663 vallem
250 2613 278 2663 et
295 2614 417 2663 montem
436 2608 470 2662 ad
495 2608 609 2662 fluvium
625 2608 756 2663 Jelseuch
781 2614 808 2663 et
826 2607 968 2663 descendit
988 2605 1024 2662 ed
1043 2607 1123 2662 viam
1142 2607 1243 2662 Terrae
1262 2606 1373 2674 Casina,

130 2711 217 2765 quam
234 2694 349 2764 quidam
370 2695 452 2750 Wtha
472 2711 536 2750 cum
554 2695 611 2749 suis
630 2695 760 2749 iratribus
785 2695 908 2762 contulit,
927 2696 1016 2765 prima
1033 2701 1107 2749 meta
1125 2694 1221 2764 incipit
1239 2711 1256 2748 a
1273 2709 1375 2763 magna

130 2787 218 2836 strata
236 2798 287 2853 per
304 2781 418 2836 fluvium
437 2781 547 2848 Casina,
566 2781 601 2836 ad
620 2783 694 2836 viam
711 2799 783 2851 quae
802 2780 879 2835 ducit
895 2782 923 2835 in
937 2781 1065 2848 Guinam,
1079 2797 1151 2850 quae
1164 2786 1206 2834 est
1217 2785 1292 2835 meta
1303 2781 1375 2835 inter

129 2875 232 2923 terram
257 2868 360 2923 Casina
385 2875 413 2923 et
436 2873 537 2923 terram
560 2869 782 2939 templariorum
806 2866 906 2922 deinde
931 2885 980 2938 per
1003 2883 1133 2936 magnam
1152 2867 1258 2937 sylvam
1276 2882 1373 2922 versus

130 2961 262 3023 montem,
281 2955 329 3025 qui
348 2961 390 3010 est
407 2956 485 3010 iuxta
503 2957 592 3026 ripam
610 2956 715 3022 Zavae;
734 2954 798 3010 inde
816 2954 852 3008 ad
870 2954 984 3009 fluvium
1001 2954 1102 3020 Johan,
1121 2953 1157 3008 sd
1175 2959 1278 3007 terrem
1291 2971 1372 3008 cano·

130 3043 264 3108 uicorum,
283 3047 311 3097 et
328 3042 357 3096 in
374 3058 501 3112 regressu
519 3041 555 3096 ad
573 3043 646 3096 viam
666 3042 867 3108 exercitualem,
886 3057 958 3110 quae
976 3041 1029 3096 fuit
1052 3041 1142 3110 prima
1164 3045 1239 3096 meta
1265 3040 1373 3107 casina3

130 3145 180 3199 per
198 3128 317 3184 eandem
334 3128 423 3184 tendit
440 3145 536 3184 versus
560 3129 730 3184 occidentem
755 3127 791 3182 ad
809 3128 990 3198 quadrivium,
1015 3127 1080 3182 inde
1097 3144 1147 3198 per
1165 3127 1281 3182 eandem
1299 3127 1374 3181 viam

130 3217 347 3288 septentrionem
364 3233 461 3272 versus
487 3235 535 3288 per
559 3216 659 3272 vellem
677 3215 712 3270 ad
738 3217 810 3270 viam
829 3221 857 3270 et
874 3231 971 3270 versus
990 3215 1123 3270 orientem
1142 3231 1231 3283 usque
1249 3212 1285 3268 ad
1303 3229 1370 3283 qua·

129 3301 264 3370 dudum,
282 3303 310 3357 in
329 3303 515 3374 septentrione
532 3304 632 3357 transit
648 3303 738 3356 rivum
750 3302 871 3372 Zepniea
883 3301 1041 3356 secedendo
1054 3317 1143 3370 usque
1156 3299 1191 3355 ad
1203 3300 1284 3366 viam,
1298 3316 1370 3370 quae

129 3389 208 3444 ducit
226 3389 262 3443 ad
281 3390 363 3443 aliam
381 3390 461 3456 viam,
481 3407 536 3459 qua
559 3389 614 3443 itur
633 3388 668 3443 ad
687 3389 801 3458 Wgram
826 3394 853 3444 et
870 3387 935 3442 iude
954 3387 988 3442 ad
1007 3405 1137 3458 magnam
1160 3393 1282 3442 stratam*
1301 3385 1375 3441 Pod-

130 3475 267 3546 goricnsis
286 3475 398 3546 praedii,
418 3474 493 3545 quod
512 3476 650 3530 Martinus
667 3475 757 3530 banus
784 3475 907 3540 contulit,
926 3474 1022 3544 incipit
1040 3479 1114 3536 meta
1131 3491 1148 3528 a
1166 3474 1224 3528 rivo
1243 3472 1373 3528 Tretenik

131 3563 227 3633 potok,
245 3562 294 3632 qui
311 3563 396 3618 currit
422 3562 450 3616 iu
478 3579 580 3632 aquam
607 3561 729 3629 Gradus,
756 3561 844 3616 tendit
871 3561 906 3616 ad
925 3562 1017 3615 locum
1035 3559 1158 3626 Gradez;
1177 3559 1277 3615 deinde
1295 3561 1374 3614 iuxta

131 3649 277 3704 ecclesiam
295 3647 330 3704 ad
348 3666 478 3719 magnam
496 3655 618 3715 stratam,
638 3655 667 3703 et
683 3665 733 3718 per
749 3648 825 3702 illam
842 3646 877 3701 ad
896 3647 985 3700 rivum
1003 3646 1137 3714 Gesseva,
1150 3651 1178 3700 et
1190 3663 1239 3716 per
1251 3645 1373 3700 medium

131 3752 264 3807 campum
281 3751 376 3790 versus
394 3735 536 3791 meridiem
554 3735 589 3790 ad
608 3751 738 3805 magnam
765 3734 837 3788 viam
856 3733 891 3787 ad
909 3734 1029 3804 priorem
1047 3738 1157 3787 metam.
1176 3733 1269 3800 Terra,
1289 3748 1373 3802 quam

130 3822 246 3893 quidam
264 3823 365 3878 Zomar
383 3823 455 3878 filius
482 3823 581 3877 Dozlai
599 3821 722 3886 contulit,
750 3821 846 3891 incipit
864 3838 881 3875 a
899 3820 983 3875 fluvio
1001 3820 1099 3886 Wlica,
1119 3817 1243 3875 ascendit
1262 3835 1373 3874 sursum

130 3911 159 3963 in
177 3911 252 3964 viam
269 3910 395 3964 Pomneu
412 3925 502 3979 usque
520 3909 555 3964 ad
574 3915 676 3963 metam
694 3907 786 3978 Egidii
804 3908 918 3963 comitis.
931 3908 1024 3975 Terra,
1038 3923 1123 3976 quam
1134 3905 1296 3960 Vladislaue
1309 3922 1374 3960 con·

130 3996 202 4063 tulit,
220 3995 317 4066 incipit
343 3997 436 4052 arivc
464 3995 590 4062 Oosniza,
617 3995 652 4050 de
670 4011 726 4065 quo
745 3995 801 4050 exit
819 3995 918 4061 Mlaca,
945 3993 1010 4048 inde
1027 3994 1106 4048 iuxta
1124 3997 1235 4063 portum
1253 3991 1372 4046 filiorum

131 4081 240 4138 Chuale
266 4081 302 4137 ad
330 4099 460 4152 magnam
486 4084 567 4150 vism,
595 4099 667 4152 quae
694 4081 770 4136 ducit
796 4081 832 4136 ad
860 4079 1015 4147 Monoslov,
1035 4080 1070 4135 ad
1088 4083 1191 4133 metam
1210 4078 1327 4148 Scopiaa
1345 4083 1374 4132 et

131 4169 217 4235 Selin,
236 4168 285 4222 ubi
303 4175 368 4223 sunt
386 4185 435 4224 sex
453 4175 543 4224 metae
569 4170 654 4224 Terra
671 4168 760 4234 Blata,
778 4169 874 4240 incipit
897 4169 933 4224 de
951 4167 1035 4224 fluvio
1054 4166 1199 4236 Ocrogluc,
1218 4165 1267 4234 qui
1284 4163 1374 4218 tendit

8 4233 20 4258 ¹
130 4255 168 4309 sd
186 4254 318 4326 paludem
335 4255 416 4310 Blato
442 4272 538 4310 versus
562 4257 703 4323 orientem,
731 4261 759 4310 et
782 4256 846 4310 inde
870 4255 904 4309 cd
922 4261 1024 4309 terram
1049 4253 1147 4322 Cupnl,
1175 4249 1276 4306 deinde
1290 4251 1373 4321 juxta

132 4343 239 4411 sylvam
265 4341 301 4396 ad
329 4341 460 4412 paludem
487 4341 613 4396 Gluboca
640 4341 739 4410 Mleca,
768 4348 796 4396 ct
819 4340 896 4412 sylva
913 4340 1010 4395 dividit
1027 4347 1129 4394 terram
1147 4337 1231 4393 Zechi
1248 4355 1266 4392 a
1283 4337 1372 4405 Blata,

131 4445 204 4498 quae
223 4429 302 4499 sylva
318 4428 390 4482 chi
407 4429 455 4498 log
472 4427 584 4495 dicitur;
611 4428 675 4482 inde
703 4427 739 4481 sd
765 4445 867 4496 aquam
893 4427 1044 4493 Wlachun;
1063 4423 1128 4480 inde
1147 4423 1183 4479 ad
1202 4429 1323 4494 pontem,
1342 4423 1371 4477 in

131 4532 189 4584 quo
207 4515 314 4586 pedites
332 4519 490 4580 transeunt3
508 4515 624 4569 Brestua
642 4515 736 4569 Mlaca
753 4513 850 4568 dividit
867 4515 975 4568 Blatsm
993 4530 1011 4567 a
1028 4519 1101 4568 terra
1119 4509 1223 4576 Narad,
1243 4515 1271 4565 et
1281 4508 1372 4564 tendit

131 4600 168 4655 ad
187 4602 260 4656 viam
277 4600 407 4668 Konhod,
434 4601 499 4656 inde
524 4599 559 4654 ad
588 4617 689 4670 aquam
707 4601 825 4656 Petoisa.
845 4600 918 4655 Sunt
935 4615 1018 4671 porro
1035 4605 1134 4664 terrae,
1158 4613 1228 4666 quas
1245 4596 1371 4650 Baranus

6 4677 19 4694 *
131 4685 254 4744 decanus
273 4687 402 4744 contulit:
419 4687 533 4754 Resnik,
551 4687 693 4758 Scepnica,
712 4687 800 4754 Brcst,
820 4687 947 4753 Sihenek,
966 4685 1098 4741 Wereoht
1115 4691 1143 4738 et
1160 4685 1295 4738 Tarncvva
1307 4697 1371 4736 cum

1252 4773 1269 4812 ’l‘
