3464 5382
343 443 405 505 148
837 459 858 500 1.
882 442 1078 514 nnnnnnrre,

341 627 501 686 continuata
519 625 650 682 fidelitate
667 621 810 695 impendit,
828 623 932 678 tamin
950 637 1066 691 corpore
1084 619 1161 690 regni
1179 635 1264 690 quam
1280 618 1309 674 in
1323 617 1448 690 partibus
1459 617 1581 672 Russiae

341 720 369 771 et
386 714 414 770 in
432 719 505 768 terra
523 713 633 780 Ascani,
652 727 685 768 sc
702 713 730 766 in
749 717 823 767 terra
846 711 929 765 etiam
953 707 1114 773 Teutonico,
1133 723 1184 763 nec
1201 722 1257 761 non
1275 707 1348 762 circa
1365 709 1459 778 partes
1477 705 1581 760 mariti-

341 815 401 856 mas
419 805 530 856 strenue
547 798 704 856 dimicando
722 798 776 853 snb
793 798 869 868 regio
888 795 996 864 vexillo,
1009 793 1116 852 confert
1127 795 1153 850 ei
1164 799 1265 849 terram
1279 794 1348 849 Bille
1361 797 1582 850 commetaneam

340 893 429 944 terrae
447 903 515 944 suae
533 887 639 959 Knysa,
656 903 729 958 quae
746 884 950 941 habitatoribus
968 883 1028 939 eius
1046 899 1062 938 s
1080 881 1172 938 medio
1190 881 1307 937 sublatis
1325 897 1414 936 vaona
1426 881 1537 950 mansit,
1553 881 1581 935 in

341 975 473 1031 comitatu
496 975 652 1043 madianei,
671 991 755 1046 quam
779 979 858 1046 pater
875 973 935 1028 eius
958 971 1085 1026 Andreas
1103 969 1175 1042 patri
1193 969 1318 1042 ejusdem
1336 969 1417 1024 Prinz
1434 967 1583 1038 Regnaldo

341 1061 504 1130 contulerat,
531 1066 559 1118 et
586 1077 635 1134 per
662 1061 791 1118 comitem
817 1060 943 1116 Marcum
969 1059 1054 1115 filiurn
1085 1057 1178 1113 Lucae
1205 1057 1313 1114 comitis
1337 1055 1372 1113 de
1396 1071 1470 1111 novo
1496 1055 1582 1110 intro·

341 1148 406 1204 duci
423 1148 495 1205 iecit

400 1236 518 1291 Wearcl:
538 1236 603 1294 coa.
622 1235 692 1306 dipl.
711 1235 819 1306 Arpad.
840 1235 869 1288 Τ.
893 1234 954 1290 Vll.
971 1237 1076 1303 p.191.

396 1321 551 1378 ccccm.
570 1323 716 1396 Lugduni,
736 1326 780 1377 22.
792 1322 911 1392 Aprilis,
923 1325 1000 1375 1245.
1013 1318 1192 1376 Innocentius
1203 1317 1245 1374 1v
1258 1333 1332 1390 papa
1344 1319 1475 1389 episcopo
1487 1333 1582 1388 ragra-

343 1409 431 1466 bisnsi
449 1411 597 1482 specialem
621 1409 718 1466 tribuit
740 1409 871 1481 favorem,
896 1413 927 1464 ut
948 1408 1043 1463 nullus
1065 1406 1210 1477 delegatus
1228 1406 1272 1462 vel
1290 1404 1497 1475 subdelegatus,
1519 1420 1583 1460 exe·

342 1504 421 1554 cutor
439 1503 488 1552 aut
505 1503 689 1565 conservator,
718 1497 880 1554 auctoritate
905 1495 978 1552 sedis
1000 1495 1170 1567 apostolicae
1192 1494 1237 1549 rel
1262 1496 1417 1564 legatorum
1438 1492 1535 1563 ipsius,
1554 1492 1582 1546 in

343 1585 421 1640 illum
439 1585 483 1640 vel
502 1585 646 1641 ecclesiam
664 1601 752 1652 surm,
771 1583 1070 1650 excommunicationis,
1089 1581 1280 1654 suspensionis
1298 1585 1348 1636 aut
1364 1579 1502 1636 interdicti
1521 1595 1582 1635 sen·

343 1673 442 1728 tendas
461 1672 552 1728 valeat
569 1671 754 1744 promulgare,
773 1671 880 1742 absque
897 1669 1029 1726 mandato
1047 1668 1121 1724 sedis
1139 1669 1309 1740 apostolicae
1327 1667 1447 1740 speciali.

397 1759 526 1814 nmine.-
544 1761 618 1814 Mors.
637 1761 719 1829 episc.
736 1775 811 1831 sagr.
831 1761 854 1828 1,
869 1774 898 1828 p.
917 1761 958 1813 84.

397 1845 862 1916 cccoL01.1245.2e.Aprdis.
888 1846 955 1902 Bela
972 1843 1016 1900 IV
1033 1861 1083 1900 rex
1100 1843 1230 1912 notificat,
1249 1842 1324 1914 quod
1345 1858 1438 1900 comes
1457 1840 1583 1907 Hudins,

344 1933 467 1989 amulto
484 1939 609 2005 tempore
627 1940 706 2005 grata
724 1934 749 1990 ei
766 1934 930 2006 impendens
948 1933 1066 2002 servitis,
1085 1948 1116 1988 se
1133 1937 1162 1988 et
1179 1947 1230 1986 sua
1245 1930 1281 1987 ad
1293 1931 1366 2001 regis
1378 1929 1585 2001 beneplacitum

344 2019 518 2092 exponendo,
537 2020 572 2076 de
590 2022 690 2078 virtute
714 2021 743 2076 in
766 2022 895 2076 virtutem
918 2019 1054 2091 gradiens,
1072 2035 1107 2075 eo
1124 2019 1244 2074 maxime
1264 2024 1397 2089 tempore,
1415 2033 1472 2088 quo
1491 2017 1585 2072 subita

344 2105 523 2162 Tartarorum
549 2107 665 2180 irruptio
687 2123 771 2178 grave
793 2105 972 2178 dispendium
995 2123 1081 2177 regno
1105 2099 1229 2176 ingessit,
1252 2105 1310 2175 regi
1337 2121 1401 2160 cnm
1426 2105 1484 2158 suis
1511 2103 1586 2158 ultra

344 2192 469 2248 Dravum
488 2193 618 2265 proiectis
636 2211 687 2266 pro
706 2212 757 2251 suo
776 2209 859 2266 posse
877 2211 926 2266 per
944 2210 1026 2250 omne
1043 2195 1175 2266 temporis
1194 2191 1324 2264 spatium,
1342 2208 1399 2262 quo
1416 2207 1524 2246 moram
1536 2207 1586 2246 rex

344 2277 447 2335 ibidem
465 2288 594 2350 traxerat,
618 2279 735 2336 fideliter
759 2281 846 2346 affuit,
870 2299 926 2338 non
953 2282 1076 2352 pensatis
1098 2280 1241 2336 laboribus
1266 2285 1294 2334 et
1317 2279 1454 2351 expensis,
1471 2276 1587 2333 tandem

346 2368 404 2438 regi
421 2384 518 2424 versus
535 2369 673 2424 maritima
697 2385 852 2440 progresso,
877 2367 951 2424 idem
974 2385 1067 2424 comes
1092 2385 1240 2439 personam
1263 2383 1343 2422 snam
1367 2365 1471 2422 viribus
1489 2371 1589 2421 oontm

345 2453 476 2510 Tartarus
494 2453 648 2511 antedictos
667 2472 751 2528 saepe
769 2472 802 2510 ac
820 2455 931 2527 saepius
949 2472 1088 2528 exponere
1105 2473 1162 2510 non
1180 2455 1300 2527 expavit,
1318 2453 1495 2509 laudabiliter
1508 2470 1588 2526 prae·

346 2541 447 2610 liundo,
466 2542 514 2598 ubi
532 2544 615 2598 etiam
632 2543 701 2598 inito
719 2541 848 2599 conflictu
859 2559 923 2598 oum
931 2543 1029 2598 iisdem
1041 2549 1105 2615 post
1117 2542 1267 2599 multorum
1278 2547 1460 2612 cognatorum
1472 2557 1588 2596 suorum

346 2646 451 2697 necem,
470 2635 498 2686 et
516 2636 580 2702 post
597 2630 778 2702 multiplicem
804 2631 910 2686 cruoris
933 2631 977 2686 sui
994 2631 1159 2686 effusionem
1177 2632 1326 2686 maximam
1343 2629 1417 2699 regis
1434 2627 1588 2684 multitudi-

347 2733 411 2771 nem
429 2717 465 2772 ab
482 2717 576 2773 hostili
593 2719 698 2790 impetu
723 2717 878 2774 defensavit
884 2736 891 2786 ;
915 2735 998 2790 porro
1016 2736 1080 2776 cura
1098 2736 1146 2774 rex
1164 2718 1199 2774 de
1216 2718 1362 2774 maritimis
1386 2715 1495 2784 rediret,
1513 2715 1589 2772 idem

346 2819 441 2859 comes
460 2804 578 2860 eundern
596 2811 624 2860 et
642 2821 709 2861 suos
723 2805 869 2862 honestate
888 2811 1035 2878 acceptans
1054 2803 1151 2862 effudit
1162 2806 1274 2877 largiter
1287 2803 1423 2876 quidquid
1436 2808 1496 2859 erat
1507 2819 1589 2874 opor·

349 2894 455 2960 tonum,
476 2907 527 2964 pro
545 2892 605 2948 istis
629 2891 770 2964 obsequiis
797 2909 845 2948 rex
868 2891 948 2948 illum
965 2910 1029 2949 cum
1047 2898 1166 2964 quatuor
1183 2890 1396 2962 consanguineis
1418 2891 1477 2946 suis
1496 2890 1588 2959 Petro,

350 2977 486 3049 Bogdsno
504 2985 532 3034 et
548 2979 706 3036 Potochirio
725 2981 753 3034 in
771 2980 876 3036 aulicos
894 2987 922 3036 et
940 2981 1089 3037 servientes
1106 2981 1204 3052 recipit
1221 2980 1364 3052 speciales,
1382 2983 1411 3034 et
1422 2983 1523 3034 terram
1535 2977 1590 3032 illis

349 3063 461 3136 Vyscua
478 3067 550 3122 ultra
569 3067 692 3122 Dravam
709 3067 738 3122 in
755 3068 889 3124 comitatu
913 3068 1064 3139 simigiensi
1081 3067 1175 3135 donat,
1194 3073 1223 3124 et
1241 3084 1291 3139 per
1308 3065 1471 3122 Ladislaum
1491 3065 1590 3138 palati-

349 3169 417 3208 num
441 3159 469 3209 et
494 3155 623 3210 comitem
648 3155 840 3226 simogiensem
863 3156 1000 3212 introduci
1025 3155 1099 3212 iacit.
1126 3156 1220 3211 Metus
1246 3160 1350 3212 terrae:
1372 3171 1447 3225 aqua
1472 3153 1592 3209 Ribinac

349 3257 446 3297 versus
465 3243 599 3298 orientem
617 3241 653 3298 ad
671 3260 773 3314 aquarn
791 3243 908 3312 Barcha,
920 3244 968 3299 ubi
980 3245 1069 3299 tenuit
1080 3248 1168 3298 metas
1180 3259 1244 3298 cum
1257 3240 1415 3298 Alexandro
1427 3241 1485 3296 filio
1500 3241 1590 3312 Moys,

350 3329 378 3382 in
397 3335 476 3400 parte
493 3330 618 3386 orientali
636 3329 710 3386 cadit
736 3332 765 3385 in
792 3348 895 3402 aquam
922 3331 1051 3400 Chasma,
1078 3336 1107 3388 st
1133 3335 1209 3386 tenet
1231 3335 1320 3385 metas
1343 3346 1407 3384 cum
1426 3329 1537 3402 populis
1556 3328 1592 3384 de

351 3417 451 3488 Garig;
469 3417 533 3473 inde
552 3435 601 3490 per
619 3417 768 3474 Cbasmam
786 3418 821 3475 ad
840 3425 963 3492 pontem,
981 3419 1029 3475 ubi
1047 3425 1089 3475 est
1106 3435 1208 3488 magna
1226 3419 1271 3474 via
1288 3423 1316 3474 et
1333 3422 1409 3472 tenet
1426 3423 1514 3472 metas
1527 3432 1592 3471 omn

351 3507 482 3576 episcopo
500 3505 672 3575 aagrabiensi
690 3505 790 3563 deinde
808 3525 825 3562 a
843 3507 965 3562 Obssma
990 3506 1026 3562 ad
1044 3523 1147 3578 aquam
1165 3505 1297 3561 Oburnnc
1315 3489 1451 3576 (tierneo),
1470 3509 1498 3560 et
1516 3509 1594 3560 tenet

351 3597 439 3646 metas
457 3607 520 3646 cum
548 3592 660 3663 populis
685 3591 852 3659 Obesmicne,
877 3611 973 3650 versus
996 3595 1221 3666 septemtrionem
1245 3599 1321 3650 tenet
1337 3599 1426 3648 metas
1444 3611 1507 3648 cum
1525 3593 1594 3649 Dio·

352 3677 422 3732 nisio
439 3675 520 3746 bano,
539 3677 639 3734 deinde
656 3678 692 3735 da
706 3679 838 3736 Obnrnno
850 3680 938 3736 tendit
950 3679 985 3737 ad
998 3697 1100 3752 aquam
1112 3680 1225 3736 Musina
1238 3685 1266 3736 et
1277 3680 1402 3752 pervenit
1413 3679 1449 3738 ad
1461 3695 1593 3750 campum

352 3763 433 3819 etad
451 3767 671 3838 magnamviam,
689 3784 786 3823 versus
805 3769 939 3824 orientem
956 3773 1032 3824 tenet
1049 3774 1137 3824 metas
1155 3785 1219 3824 cum
1237 3768 1294 3824 filio
1312 3767 1413 3824 Borich
1425 3767 1498 3836 bani,
1517 3771 1546 3823 et
1557 3766 1593 3822 de

353 3851 398 3906 via
415 3869 511 3908 versus
528 3853 670 3910 meridiem
697 3853 733 3910 ad
760 3872 898 3928 campum,
917 3861 945 3911 et
962 3855 997 3911 ad
1017 3861 1102 3928 caput
1120 3856 1244 3925 Ribinac,
1264 3855 1312 3911 ubi
1329 3859 1406 3910 tenet
1423 3860 1511 3910 metas
1529 3871 1593 3910 cum

352 3937 427 3994 dicto
445 3939 502 3996 filio
518 3940 619 3996 Borich
638 3941 710 4010 bani,
729 3947 757 3998 et
774 3942 813 3997 ibi
830 3944 999 3998 terminatur.
1018 3944 1127 3999 Dutum
1145 3961 1194 4016 per
1213 3943 1393 4000 Benedictnm
1412 3943 1594 4014 archiepisco·

350 4043 421 4104 pum
438 4027 612 4085 colocensem
629 4035 657 4086 et
674 4031 756 4087 aulae
773 4031 974 4087 cancellarium.
992 4032 1070 4088 Inter
1087 4039 1248 4104 magnates:
1266 4029 1426 4102 Stephanus
1444 4031 1593 4103 episcopus

354 4116 548 4188 aagrabiensis,
566 4118 710 4175 Dionisins
728 4119 818 4176 banus
836 4121 922 4177 totins
941 4120 1097 4189 slavonice,
1117 4119 1275 4192 Stephanus
1291 4120 1423 4190 magister
1439 4133 1594 4190 agasonum

354 4209 382 4261 et
400 4220 492 4260 comes
510 4204 546 4260 de
564 4205 665 4264 Vrbaa.

407 4293 535 4348 Mitotsi:
554 4293 644 4350 Series
661 4295 804 4352 bonorare
825 4295 1092 4352 matuariorum.
1113 4296 1193 4366 episc.
1212 4311 1287 4364 capr.
1306 4298 1329 4364 Ι,
1352 4297 1449 4348 84-6.

408 4381 599 4438 ccccxcn.
618 4385 763 4456 nuruum,
780 4389 806 4443 e.
824 4385 902 4440 narr
920 4389 995 4440 1245.
1014 4384 1195 4440 renouentur
1213 4383 1254 4438 1v
1266 4399 1340 4454 papa
1354 4381 1450 4437 meurs
1462 4379 1594 4452 episcopo
1710 4351 1711 4356 '

356 4473 385 4524 et
403 4470 525 4542 capitulo
543 4471 716 4542 aagrabiensi
738 4472 946 4544 indulgentiam,
970 4478 1002 4528 ut
1019 4471 1054 4526 ad
1073 4472 1258 4544 receptionem
1277 4487 1326 4526 seu
1344 4469 1529 4542 provisionem
1547 4467 1596 4522 ali—

356 4555 434 4611 cuius
454 4575 502 4628 per
519 4559 593 4614 illius
612 4559 717 4615 litteras
740 4561 882 4632 generales
906 4577 957 4617 seu
981 4560 1136 4632 legatorum
1154 4559 1323 4632 apostolicae
1341 4557 1415 4614 sedis
1432 4573 1488 4613 non
1507 4556 1597 4628 possit

356 4643 459 4699 inritus
476 4646 546 4716 cogi.

412 4734 536 4792 moloc:
554 4739 628 4793 liora
647 4737 727 4808 episc.
745 4752 821 4808 tagr-
840 4737 865 4806 Ι,
883 4753 912 4807 p.
932 4737 975 4791 86.
