3464 5382
669 388 815 433 anema,
1299 371 1359 432 127

120 573 217 628 panes,
235 557 253 612 4
271 556 389 612 tenellae
407 555 470 622 vini,
489 555 553 610 duci
571 559 665 610 autem
683 555 767 611 totius
785 554 941 622 slavonice,
959 556 984 610 si
1002 555 1037 611 sit
1053 555 1089 612 de
1107 556 1185 628 prole
1202 557 1287 628 regia,
1305 575 1362 614 me·

118 644 250 700 dietatem
269 643 472 715 praedictorum
490 643 556 698 dare
574 641 683 700 debent
702 643 780 700 Bane
790 660 863 711 vero,
876 659 933 698 uon
946 649 1038 698 temen
1051 642 1192 712 vicebsno,
1205 644 1274 700 nibil
1286 643 1361 700 aliud

119 732 235 800 solvere,
263 733 316 786 nisi
340 733 368 786 in
392 732 527 804 principio
551 732 653 788 intuitu
676 731 720 786 sui
743 731 862 788 baeatus
886 748 975 787 unum
999 731 1107 799 bovem,
1134 738 1245 788 centum
1267 749 1361 804 panes,

120 837 207 876 unam
225 820 359 876 tunellum
377 820 440 886 vini,
459 819 545 876 semel
564 819 653 876 donec
662 819 744 876 fuerit
761 819 859 875 banus.
872 819 917 874 Ab
930 820 1059 875 omnibus
1072 819 1133 876 istis
1151 820 1269 876 servitiis
1282 825 1363 875 erunt

118 913 214 963 tamen
233 925 282 979 per
307 907 527 979 quinquennium
551 907 639 963 liberi.
659 909 700 964 16.
724 908 797 962 Item
821 907 894 964 cives
917 914 1129 978 assumpserunt
1146 907 1176 962 in
1194 923 1225 964 se
1242 907 1363 978 propriis

119 995 251 1068 expensis
280 1012 392 1051 murum
427 995 519 1052 Grech
550 1011 630 1051 muro
659 995 815 1052 firmissime
844 995 1021 1051 communire.
1058 994 1104 1050 Ad
1134 995 1363 1050 sustentationem

118 1083 264 1155 hospitum
290 1083 367 1140 dedit
393 1083 447 1138 illis
473 1100 523 1140 rex
549 1090 636 1140 terrae
666 1087 791 1138 statuens
816 1099 863 1138 eos
886 1083 915 1138 in
945 1081 1050 1140 eisdem
1076 1099 1126 1154 per
1150 1081 1254 1137 benum
1278 1083 1363 1138 totius

120 1171 271 1227 Slsvonise
301 1171 467 1228 Dionieium.
504 1171 597 1226 Prima
632 1175 707 1226 mets
735 1175 778 1225 eet
806 1169 834 1224 in
868 1176 951 1242 portu
980 1169 1083 1237 Sarae,
1114 1169 1190 1240 quod
1219 1169 1364 1241 Kirniyrcv

121 1257 240 1328 (kraljev
267 1257 347 1328 brod)
375 1257 482 1326 dicitur,
502 1259 580 1314 liuta
606 1275 736 1329 magnam
764 1257 845 1324 viam,
870 1274 918 1329 per
945 1258 1062 1314 eandem
1085 1273 1175 1328 usque
1199 1257 1296 1324 rivum,
1315 1257 1363 1328 qui

119 1344 221 1400 Zoisca
238 1345 345 1413 dicitius,
364 1363 448 1417 quem
464 1347 602 1402 mansione
620 1361 670 1417 per
687 1349 808 1417 pontem,
827 1343 863 1400 ad
881 1344 998 1400 eandem
1010 1344 1084 1399 viam
1096 1359 1192 1400 versus
1204 1344 1363 1414 aquilonem

118 1432 258 1488 transiens
276 1449 378 1504 aquam
397 1433 494 1488 Mlalra
517 1434 592 1490 venit
616 1431 653 1488 ad
677 1431 857 1488 monticulum
884 1437 1038 1500 otbertum,
1057 1448 1130 1504 quae
1147 1430 1245 1486 dividit
1262 1439 1363 1486 terram

120 1520 290 1592 populorum
309 1521 390 1590 regis.
409 1520 560 1576 Transiene
577 1521 711 1576 minorem
730 1517 855 1574 Miskam
873 1519 909 1574 ad
930 1536 1061 1591 magnam
1079 1520 1159 1587 viam,
1177 1535 1250 1590 quae
1268 1519 1363 1588 vulga·

119 1610 187 1664 riter
205 1608 331 1664 Ettswen
348 1607 456 1675 dicitrrr,
481 1607 629 1680 perillam
653 1605 689 1662 ad
712 1608 802 1662 rivum
826 1605 984 1675 Girkvenilq
1004 1607 1052 1662 ubi
1070 1613 1113 1662 est
1131 1623 1211 1678 pons.
1229 1605 1364 1678 Superius
1481 1625 1483 1632 ’

120 1712 172 1767 per
198 1695 289 1750 rivum
313 1696 391 1750 iuxta
413 1700 537 1751 montem
563 1693 653 1749 Grech
677 1693 753 1749 vadit
775 1693 878 1749 directe
901 1692 937 1748 ad
964 1693 1122 1764 aquilonem
1146 1699 1174 1750 et
1196 1692 1232 1748 ad
1251 1698 1364 1765 pontem

119 1781 220 1838 Kubul
238 1782 297 1849 but,
316 1788 344 1837 et
362 1781 489 1854 superius
508 1798 558 1852 per
574 1781 664 1836 rivum
680 1780 830 1836 Oirkvemk
841 1781 978 1836 transiens
990 1780 1171 1836 monticulum
1182 1781 1212 1836 in
1223 1780 1365 1852 quandam

119 1869 230 1936 vallem,
249 1886 299 1942 per
316 1886 401 1940 quam
419 1870 517 1924 mandi
533 1869 562 1923 in
580 1869 699 1924 rivulum
717 1867 839 1924 Lonsalri
850 1867 945 1940 potolr.
958 1867 1067 1922 Deinde
1079 1868 1203 1924 ascendit
1214 1867 1250 1923 ad
1262 1873 1365 1924 metam

6 1955 8 1972 '
119 1957 236 2029 capituli
254 1956 449 2028 aagrabiensis,
467 1957 555 2012 alters
572 1962 618 2012 est
632 1955 776 2027 hospitum
793 1955 828 2012 de
847 1955 946 2022 Grech,
964 1956 1045 2010 tertia
1062 1955 1181 2011 liliorum
1199 1955 1317 2010 Dobcba
1328 1955 1364 2011 de

119 2061 224 2117 genere
248 2047 318 2116 Aga.
341 2044 451 2100 Deinde
476 2044 512 2100 ad
536 2061 669 2100 cacumen
695 2044 797 2099 montis
820 2042 1002 2099 Medvenicha
1026 2058 1121 2098 versus
1148 2042 1319 2099 occidentem
1337 2048 1366 2098 et

120 2131 302 2204 pervenitad
320 2137 423 2186 metam
441 2130 562 2186 liliorum
586 2131 703 2198 Mikule,
722 2147 794 2202 quae
818 2131 971 2186 Pleeiricha
988 2130 1097 2186 dicitur.
1115 2129 1223 2186 Deinde
1242 2129 1366 2186 ascendit

119 2225 148 2274 et
165 2220 243 2274 venit
268 2217 304 2273 ad
331 2224 432 2273 terram
459 2217 562 2288 Endre,
588 2217 782 2274 descendendo
809 2223 837 2273 et
863 2217 1038 2274 ascendendo
1062 2217 1098 2273 sd
1120 2224 1208 2273 metas
1232 2218 1364 2273 ecclesiae

118 2305 316 2377 asgrabiensis.
335 2302 445 2360 Deinde
468 2304 504 2360 sd
529 2305 648 2360 rivulum
671 2305 790 2360 Peenich
814 2305 927 2376 potoka,
952 2321 1001 2376 per
1026 2311 1128 2360 terram
1151 2304 1247 2360 Endre
1270 2310 1298 2361 et
1316 2322 1365 2375 per

118 2394 222 2450 sallem
240 2391 277 2447 ad
295 2392 425 2448 verticem
442 2392 553 2457 montis,
578 2391 735 2463 separando
758 2399 860 2448 terram
878 2391 957 2449 Srem
980 2391 1056 2448 vadit
1072 2393 1102 2447 in
1119 2393 1200 2460 viam,
1219 2409 1291 2464 quae
1309 2392 1366 2447 exit

117 2481 155 2537 de
174 2480 240 2536 villa
259 2478 379 2535 Gremla.
399 2479 506 2534 Versus
523 2478 666 2535 meridiem
684 2479 719 2534 sd
738 2495 867 2552 campum
885 2485 914 2535 et
931 2496 980 2551 per
992 2481 1065 2536 viam
1082 2479 1118 2535 ad
1131 2479 1247 2551 paludes
1261 2479 1364 2548 Misia,

119 2575 150 2625 et
167 2567 280 2622 sinistre
297 2583 387 2638 usque
404 2565 440 2622 ad
458 2565 573 2622 fluvium
598 2569 695 2622 Sarae.
713 2565 795 2622 Bulla
816 2583 901 2622 aurea
919 2566 1051 2638 pendens.
1070 2567 1175 2622 Datum
1193 2566 1270 2638 apud
1288 2567 1365 2622 Wer-

118 2655 209 2712 suche
226 2671 278 2726 per
294 2655 458 2724 magistrum
471 2652 651 2710 Benedictum
664 2654 853 2726 praepositum
863 2653 1004 2709 albensem
1016 2661 1044 2709 et
1056 2655 1250 2710 cancellarium
1258 2656 1365 2725 regium

117 2743 241 2799 electum
259 2741 498 2813 archiepiscopum
525 2741 706 2797 colocensem.
731 2771 765 2782 —
790 2739 945 2812 Subscripti
962 2742 1033 2797 inter
1053 2747 1185 2798 caeteros.
1205 2741 1365 2813 Stephanus

117 2829 271 2903 episcopus
298 2828 492 2900 aagrsbiensis,
521 2835 657 2899 cognatus
683 2829 756 2900 regie
774 2828 899 2899 Angelus
917 2827 1047 2884 dominus
1070 2828 1197 2900 Syrmiee
1221 2835 1249 2884 ei
1271 2845 1364 2885 comes

118 2917 288 2975 bachiensis.

174 3025 210 3078 ln
229 3021 342 3078 orcbioo
361 3021 484 3078 cimtcte's
501 3021 696 3092 eaprubieaee's.
717 3019 844 3077 Tbuldic':
862 3023 1041 3076 Monaeseata
1053 3020 1115 3076 bist.
1135 3023 1309 3092 cio.eopr.1,
1323 3027 1364 3079 15.

175 3177 371 3236 ccccxxii.
394 3182 430 3234 In
453 3181 625 3250 waranciis,
649 3183 691 3233 21.
718 3179 879 3236 Nocerabre'e
906 3183 985 3236 1212.
1013 3179 1115 3235 Comes
1140 3181 1292 3252 Dionysius
1319 3180 1365 3236 dei

6 3307 7 3312 κ
118 3269 212 3339 gratie
230 3267 290 3322 dux
307 3272 336 3324 et
353 3266 443 3322 banus
460 3267 547 3322 totius
565 3266 713 3323 Slaroniae
731 3267 861 3334 notificat,
880 3266 956 3338 quod
973 3283 1037 3322 cum
1054 3267 1132 3335 Jeco,
1151 3267 1243 3336 Isaak,
1262 3269 1366 3324 Bratiia

116 3373 186 3412 cum
205 3353 264 3410 lilio
288 3353 420 3421 Lodiche,
444 3352 545 3420 Adam,
570 3352 691 3421 Zednrb
715 3353 823 3416 Meurk,
848 3353 960 3420 (iiurue,
984 3353 1064 3409 Nork
1088 3359 1117 3410 et
1139 3360 1199 3411 tote
1223 3355 1365 3426 generatio

117 3441 228 3498 Bratils
240 3447 364 3512 tempore
383 3439 582 3512 persecutionis
599 3441 778 3496 Tartaronrm
796 3457 889 3496 coram
907 3457 940 3496 eo
958 3443 1163 3510 remansissent,
1182 3443 1221 3498 ita
1238 3447 1270 3498 ut
1281 3443 1365 3498 rebus

117 3531 181 3584 suis
199 3527 350 3585 mobilibus
368 3545 386 3582 a
403 3527 497 3584 debito
516 3543 568 3583 suo
585 3526 735 3584 defendere
752 3543 808 3584 non
826 3528 990 3598 potirissent
1002 3545 1087 3600 quam
1101 3529 1266 3601 perticulam
1277 3536 1366 3586 terrae

117 3634 191 3672 snae
209 3615 409 3671 haereditariae
433 3630 484 3686 pro
509 3615 605 3685 viginti
623 3615 723 3670 marcis
744 3614 849 3670 Abram
866 3615 961 3671 comiti
977 3613 1013 3672 de
1031 3617 1186 3673 Morouchs
1203 3623 1232 3673 et
1248 3617 1366 3673 Nicolao

117 3705 201 3760 fratri
219 3719 272 3758 suo
290 3701 487 3771 vendiderrmt3
512 3701 562 3758 sed
586 3702 652 3772 quia
673 3701 796 3758 Abraem
820 3717 912 3758 comes
930 3703 1095 3762 cumfratre
1113 3721 1165 3760 suo
1183 3704 1219 3760 de
1237 3705 1277 3761 eis
1294 3704 1367 3760 dilfi·

117 3791 236 3858 debant,
255 3789 292 3844 eb
310 3789 414 3845 eisdem
431 3788 537 3846 Jaxum
562 3788 674 3855 benum,
698 3788 882 3857 Turdisleum,
901 3790 1017 3861 'sybam
1036 3792 1199 3863 magistrum
1216 3789 1321 3847 Buram
1339 3797 1367 3848 et

6 3899 8 3920 ·
117 3876 219 3934 Endre
237 3876 325 3932 lilium
342 3877 418 3932 Petri
436 3893 487 3947 pro
504 3875 715 3932 fideiussoribus
739 3893 823 3947 super
841 3876 938 3932 eadem
955 3885 1029 3934 terra
1045 3885 1216 3951 receperunt,
1233 3879 1366 3950 Blagons,

118 3967 204 4022 Ache
222 3964 377 4032 comitibus,
397 3965 542 4020 Farcassio
565 3963 601 4020 de
624 3963 743 4033 Zagoria
765 3969 794 4018 st
819 3964 910 4020 Pethk
932 3965 968 4022 de
993 3965 1148 4022 Cumsrcha
1166 3967 1366 4039 praesentibus,

117 4061 227 4110 terram
252 4058 347 4108 autem
371 4050 473 4107 dictam
497 4068 561 4108 eum
584 4049 743 4106 hominibus
766 4052 880 4122 capituli
906 4053 1092 4122 ragrebiensis
1116 4060 1144 4110 et
1170 4055 1367 4110 cruciferorum

118 4142 159 4198 de
177 4145 276 4196 sancte
294 4140 416 4196 Martius
440 4145 469 4194 et
491 4139 526 4194 de
551 4153 572 4192 e.
598 4136 719 4208 Georgio
742 4145 770 4194 et
787 4139 848 4194 aliis
865 4155 949 4210 quam
968 4140 1092 4211 plurimis
1109 4141 1266 4198 circuiendo
1284 4143 1366 4198 certis

118 4229 207 4284 metis
226 4228 351 4282 iecerunt
373 4226 493 4291 limitari,
517 4225 598 4295 cujus
622 4225 712 4296 prima
732 4225 828 4296 incipit
852 4225 888 4280 eb
906 4227 1011 4282 oriente
1028 4227 1056 4281 in
1075 4245 1150 4298 aqua
1167 4229 1247 4284 Lons
1264 4235 1292 4284 et
1309 4229 1367 4284 exit

119 4317 152 4370 in
172 4330 280 4382 nemus,
300 4312 347 4368 ubi
371 4311 443 4368 duae
467 4318 598 4384 separent
621 4329 683 4368 eam
706 4330 724 4367 a
750 4313 927 4382 generatione
952 4299 1117 4382 eosdemse
1140 4315 1205 4372 inde
1222 4315 1259 4372 ad
1276 4317 1366 4370 rivum

119 4401 283 4458 Moroucba
301 4405 329 4456 et
346 4400 434 4454 rivum
459 4397 621 4467 Oadeuche;
646 4417 681 4454 ex
707 4416 819 4455 nemore
843 4399 878 4454 ad
897 4399 1067 4456 occidentem
1089 4409 1201 4473 separat
1217 4420 1235 4457 a
1252 4419 1366 4472 genera·

6 4509 7 4516 ¹
118 4491 202 4546 tione
221 4488 388 4559 Cyncemer3
406 4485 471 4542 inde
488 4503 538 4558 per
555 4488 646 4543 varies
663 4491 751 4542 metes
769 4485 805 4542 ed
824 4493 910 4542 terres
928 4488 1110 4543 castrensium
1128 4494 1156 4543 et
1174 4489 1264 4544 Maria
1280 4495 1365 4560 atque

120 4577 252 4634 Abraam
270 4573 386 4642 comitis,
404 4573 468 4630 inde
495 4579 606 4646 separat
629 4591 646 4630 a
664 4574 840 4658 generatione
863 4574 934 4630 Jaco
951 4580 980 4630 et
996 4591 1014 4630 a
1031 4575 1095 4630 liliis
1112 4576 1204 4630 Maria
1221 4577 1365 4632 etiterum

120 4665 252 4721 Abream
269 4661 392 4730 comitis;
409 4661 474 4718 inde
498 4660 534 4717 sd
557 4661 647 4718 rivum
670 4661 825 4719 Moroucha
849 4662 879 4716 in
896 4661 951 4718 fiae
969 4662 1076 4734 poutie;
1094 4661 1159 4720 inde
1176 4677 1225 4735 per
1241 4669 1365 4720 montem
