3464 5382
680 395 825 438 amasus.
1310 374 1371 440 125

130 567 248 626 ecclesie
274 565 472 641 perpetualiter
495 564 584 622 eidem
603 563 763 635 llagusinae
789 563 922 619 ecclesiae
939 562 1013 630 deta,
1041 579 1077 618 ex
1103 562 1205 633 quibus
1233 563 1375 618 conanime

130 656 274 714 certificati
298 657 418 724 fuerunt,
445 651 617 724 Regusiuam
640 651 784 708 ecclesiam
808 651 951 723 antiquam
974 651 1060 706 fnisse
1085 656 1113 710 et
1138 656 1254 706 matrem
1274 655 1302 706 et
1319 667 1376 714 me·

131 745 265 817 tropolim
284 743 438 800 dulcinensi
456 741 595 807 ecelesiae,
614 739 689 810 quod
709 755 805 796 omues
823 739 1023 811 praenominati
1040 738 1153 795 insimul
1170 737 1335 794 confirmant
1346 743 1375 794 et

131 849 185 905 pro
203 831 412 887 successoribus
438 829 496 884 suis
519 827 684 900 promittunt
701 832 729 882 et
743 827 839 898 jurant
862 825 953 882 eidem
970 825 1131 895 ngusiuae
1155 825 1287 882 eeclesiae
1312 843 1372 898 per·

132 924 221 991 petuo
239 917 353 974 obedire
370 923 398 973 et
415 915 594 974 moerentium
607 916 706 971 iacere.
725 913 970 986 Subscripserunt:
988 913 1101 970 Ματοιιε
1113 913 1270 986 episcopus,
1288 913 1375 970 Dom-

130 1023 187 1061 nua
205 1005 317 1062 Slavius
344 1003 432 1059 abbas
454 1003 647 1058 Laeromensis
667 1017 724 1074 qua
741 1002 827 1070 teshs,
854 1001 999 1074 presbyter
1018 1003 1135 1058 Maurus
1153 1001 1197 1056 De
1208 999 1296 1058 ...de
1315 1002 1373 1057 viee

129 1093 238 1149 domini
254 1091 373 1148 Joannis
391 1091 590 1162 Rngusineons
608 1089 816 1161 archiepiscopi,
836 1090 922 1157 testis,
942 1088 1085 1160 presbyter
1108 1088 1270 1144 Matthaeus
1282 1088 1375 1145 anee

129 1181 192 1237 vice
218 1179 342 1235 mundam
370 1177 569 1249 archiepiscopi
596 1178 682 1241 testis,
708 1177 852 1249 presbyter
875 1177 985 1233 Blasius
1009 1177 1135 1244 loannis,
1163 1176 1222 1232 sice
1249 1177 1373 1232 eiusdem

131 1267 334 1339 archiepiscopi
363 1265 450 1330 testis
495 1263 683 1320 subdiaconus
713 1265 863 1320 Gervssius
889 1265 964 1320 Petri
991 1263 1130 1320 Theodori
1157 1265 1216 1320 vice
1251 1265 1376 1321 eiusdem

129 1354 333 1426 archiepiscopi
345 1354 431 1421 esus,
445 1352 588 1425 presbyter
600 1353 744 1408 Marianus
765 1353 851 1420 testis,
869 1351 1004 1407 diaeonus
1022 1351 1117 1408 Grobe
1138 1353 1224 1420 testis,
1242 1352 1376 1408 diaconm

132 1441 299 1499 Theodorus
324 1442 411 1510 testis
439 1440 626 1497 subdiaconus
653 1440 747 1496 Grobe
772 1440 859 1508 teshs,
885 1439 1019 1496 diaconus
1043 1440 1202 1496 Matthaeus
1229 1439 1376 1511 Theophili

130 1531 283 1587 canonicus
306 1529 507 1602 ngusinensis
532 1528 663 1584 ecclenae
686 1528 773 1584 mstis
797 1527 945 1598 Presbyter
967 1527 1110 1582 Paschalia
1127 1528 1202 1583 Petri
1225 1527 1375 1582 canonicus

129 1618 333 1689 Ragusinenais
351 1617 483 1674 amesiae
501 1622 529 1673 et
546 1617 701 1673 communis
719 1615 836 1686 Ragusii
853 1616 977 1672 neurius
993 1616 1103 1686 juratus
1122 1615 1239 1688 scriptor
1258 1621 1286 1671 et
1298 1615 1375 1670 testis

133 1705 277 1777 sigillator.

185 1796 232 1848 Ec
249 1798 423 1866 transumpto
440 1792 572 1848 Bullorio
585 1791 692 1848 neellel
704 1791 854 1862 Rayaeini.
873 1794 938 1847 Mac.
954 1808 984 1860 p.
1004 1795 1067 1846 379.
1086 1792 1118 1846 iss
1136 1805 1196 1846 enee
1210 1791 1375 1846 collectione.

185 1931 384 1991 cocoxxn.
401 1933 487 2004 Apud
502 1939 614 2004 pontem
631 1931 775 2004 hieurieii,
800 1936 823 1987 3.
843 1931 961 1988 octobris
979 1935 1056 1987 1242.
1081 1931 1150 1986 Bela
1168 1929 1213 1986 1v
1231 1948 1281 1986 rex
1299 1931 1370 1986 noti·

130 2024 206 2091 licat,
226 2021 301 2094 qnod
319 2037 383 2076 cnm
401 2026 488 2076 terras
505 2019 631 2076 Johance
649 2019 698 2074 filii
716 2018 828 2090 Georgii
847 2018 1005 2076 decedentis
1023 2018 1084 2074 sine
1108 2017 1235 2082 haerede,
1261 2019 1373 2074 nomine

130 2109 254 2182 Mycola,
275 2109 366 2164 Maria
384 2125 448 2164 cum
466 2108 522 2162 suis
542 2106 712 2180 pertinentiis
731 2112 758 2161 et
776 2106 863 2162 vineis
881 2105 917 2162 ad
936 2106 1095 2178 petitionem
1115 2105 1206 2160 fratris
1224 2105 1297 2176 regis
1308 2105 1373 2176 piis·

131 2199 220 2254 simae
231 2195 430 2254 recordationis
449 2195 521 2266 regis
532 2193 686 2262 Oolomani,
705 2192 834 2248 fidelibus
853 2194 911 2248 suis
931 2193 991 2249 File
1010 2194 1168 2266 praeposito
1187 2193 1374 2264 Zagrabiensi,

131 2291 161 2342 et
179 2285 238 2340 suis
256 2282 387 2340 fratribus
406 2281 529 2338 Thomae
547 2281 640 2337 comiti
658 2285 686 2336 et
703 2280 794 2348 Petro,
813 2280 982 2349 contulisset,
1002 2281 1124 2336 Thomas
1142 2280 1216 2336 iilius
1232 2280 1374 2353 Lamperti

132 2378 161 2430 et
179 2371 226 2426 alii
244 2370 280 2426 de
298 2367 476 2442 generatione
495 2384 553 2435 sua,
572 2383 623 2422 uec
640 2384 697 2423 non
714 2367 879 2423 Vincentius
898 2367 1074 2440 praepositus
1089 2373 1116 2422 et
1129 2368 1225 2440 Bagyn
1245 2386 1296 2440 pro
1314 2369 1371 2424 filio

132 2458 247 2515 Martini
260 2457 351 2512 mariti
361 2453 463 2512 sororis
473 2471 568 2512 eorum
578 2453 613 2510 de
621 2455 800 2524 generatione
812 2454 910 2512 eadem
927 2456 955 2510 in
974 2455 1170 2527 quaerimoniis
1183 2459 1270 2510 terras
1282 2455 1374 2510 minus

134 2547 208 2602 iusto
227 2545 378 2618 petiissent,
397 2559 485 2616 quum
502 2543 595 2615 potius
613 2541 651 2596 ad
674 2559 723 2598 eos
747 2542 855 2598 devolvi
879 2542 1041 2599 debuissent
1047 2562 1054 2610 ;
1079 2548 1209 2599 evocatae
1227 2541 1263 2598 ed
1281 2559 1375 2614 regem

134 2637 351 2705 comparuerunt
368 2632 468 2688 ambae
481 2637 582 2703 partes,
601 2636 628 2686 et
640 2647 704 2686 eum
716 2631 835 2702 plurima
846 2631 965 2686 fuissent
978 2631 1107 2702 allegata,
1126 2630 1238 2686 tandem
1250 2629 1372 2686 Thomas

134 2727 163 2778 et
182 2721 236 2788 alii,
256 2721 386 2790 quicum
405 2736 438 2775 eo
457 2725 543 2785 erant,
562 2724 648 2774 terras
666 2717 758 2774 fratris
776 2718 902 2774 Johance
920 2718 979 2774 iore
991 2719 1135 2790 emptioias
1154 2725 1219 2775 sunt
1237 2720 1371 2788 confessi;

134 2826 221 2882 quare
238 2807 326 2866 dictas
344 2814 431 2864 terras
448 2824 497 2864 rex
515 2805 550 2864 de
568 2823 640 2863 novo
658 2806 775 2863 contulit
792 2807 925 2877 magistro
945 2806 1014 2880 Fyle
1034 2812 1063 2864 et
1086 2807 1146 2863 eius
1164 2807 1304 2864 fratribus.

191 2914 313 2969 Weneel:
333 2913 398 2968 (be.
416 2913 486 2983 dipl.
504 2912 613 2982 Arped.
636 2911 698 2966 VII.
719 2916 778 2966 125.

187 3051 396 3110 occcxxm.
415 3052 501 3121 Apud
519 3052 704 3122 muenimm,
723 3057 767 3108 14.
783 3053 990 3110 Octobrie12l2
1015 3049 1200 3122 Temporibus
1215 3049 1372 3107 Innocentii

135 3141 179 3197 IV
198 3157 297 3214 papae,
315 3139 399 3196 Belae
417 3139 461 3196 IV
479 3139 559 3212 regis,
578 3141 703 3196 Danielis
721 3141 836 3207 comitis,
861 3140 1024 3210 Drsgouani
1042 3145 1069 3194 et
1086 3137 1235 3193 Radouani
1259 3137 1372 3208 Budace

133 3229 255 3285 iudicum
275 3227 509 3284 Sebenicensium.
535 3227 701 3284 Stanimirus
723 3227 944 3300 archipresbyter
962 3243 1018 3281 una
1036 3243 1098 3282 eum
1116 3225 1255 3294 iohanne,
1281 3225 1374 3282 Collo-

134 3333 218 3372 meuo
236 3314 355 3384 Redine,
382 3315 477 3372 Micha
503 3315 561 3372 filio
579 3317 653 3388 Lupi
672 3317 794 3384 Callone,
823 3321 850 3370 et
866 3315 996 3370 Johanne
1023 3313 1189 3386 presbiteris,
1219 3315 1373 3384 Orisogono

134 3405 192 3461 filio
210 3403 336 3475 Dragani
360 3411 388 3460 et
406 3403 435 3460 Β.
453 3403 489 3460 N.
510 3405 541 3459 Ο,
559 3405 691 3460 diaconis.
716 3403 885 3458 Wratielauo
910 3401 967 3457 filio
985 3401 1112 3457 Vahonis
1130 3401 1247 3466 Pribica,
1272 3407 1300 3457 et
1317 3400 1374 3456 dia·

134 3509 205 3547 cono
225 3489 342 3547 Stoiculi
359 3493 391 3562 (i)
410 3497 438 3548 et
455 3492 585 3548 omnihus
613 3492 674 3546 aliis
700 3491 805 3546 clericis
832 3489 1058 3557 sibeniceusibus,
1085 3496 1143 3545 tam
1159 3491 1267 3545 Latinis
1290 3507 1375 3562 quam

135 3577 251 3646 Sciatis,
279 3586 488 3648 recognoseunt,
518 3596 565 3634 eos
587 3578 775 3636 omnimodam
803 3578 1001 3634 subiectionem
1029 3578 1129 3633 debere
1147 3579 1295 3648 'Ireguano
1314 3579 1371 3650 epi·

134 3683 220 3738 scopo
239 3671 267 3722 et
283 3665 343 3737 ejus
363 3666 569 3722 successoribus
587 3683 713 3722 necnon
732 3666 863 3722 ecclesiae
876 3665 1053 3735 Traguriensi
1065 3671 1115 3720 etc.
1135 3667 1236 3720 Actum
1254 3664 1283 3718 in
1297 3681 1374 3736 prae

134 3753 225 3808 sentia
243 3759 271 3808 et
288 3753 446 3808 testimonio
463 3752 603 3808 Leonardi
621 3753 730 3810 abbatis
749 3771 770 3808 s.
783 3753 899 3819 Nicolai,
918 3753 1044 3808 Danielis
1055 3753 1161 3809 comitis
1174 3751 1335 3823 Dragovani
1347 3757 1375 3806 et

133 3839 561 3896 Radouaniiudieumdietorum
570 3840 664 3910 Scotii,
683 3847 711 3896 et
728 3841 830 3912 Dioge,
849 3839 957 3908 Sruate,
976 3840 1121 3898 Pribislavi
1131 3845 1159 3895 et
1168 3840 1288 3911 plurium
1307 3831 1374 3894 alio-

133 3943 203 3982 rum.
222 3925 388 3983 Stanimirus
407 3927 616 3986 archidiaconus
635 3933 663 3984 et
674 3929 784 4000 juratus
797 3929 921 3984 notarius
934 3929 1051 4000 scripsit.
1070 3927 1185 3983 Dobreu
1198 3927 1370 3983 examinator

133 4031 248 4070 manum
266 4015 348 4070 misit

185 4105 232 4157 En
250 4103 316 4158 meis
333 4101 523 4158 miscellaneis.

186 4241 397 4298 ccccxxiv.
424 4243 510 4312 epae
528 4244 687 4312 Vererehs,
705 4245 737 4298 A.
756 4247 834 4298 1242.
854 4249 895 4297 16.
913 4244 1083 4302 Novembris.
1110 4242 1179 4298 Bela
1195 4241 1240 4297 IV
1258 4257 1308 4297 rex
1326 4241 1372 4297 de

133 4329 229 4398 clarat,
256 4327 331 4399 quod
350 4345 414 4384 cum
433 4330 458 4386 ei
477 4330 627 4400 placuisset
645 4331 802 4402 Zagrabiae
816 4333 844 4385 in
863 4337 956 4386 monte
975 4330 1065 4386 Grech
1094 4329 1232 4385 civitatem
1256 4327 1373 4384 liberam

133 4421 302 4484 coustnrere,
326 4416 450 4488 hospites
474 4433 626 4473 convocare
644 4425 672 4474 et
689 4419 765 4474 illam
783 4423 889 4490 partem
913 4418 991 4490 regni
1012 4418 1047 4472 ad
1068 4417 1243 4474 securitatem
1260 4416 1374 4473 confinii

133 4505 248 4572 munire,
267 4509 419 4560 convocato
437 4505 553 4560 consilio
571 4521 634 4562 eum
652 4507 779 4563 Dionisio
798 4505 871 4562 bauo
888 4507 974 4561 totius
992 4505 1155 4562 sclavoniae
1174 4511 1201 4560 et
1219 4504 1279 4560 aliis
1292 4505 1371 4575 regni

133 4591 304 4663 principibus
331 4591 404 4646 hanc
429 4592 601 4648 voluntatem
626 4593 847 4665 approbantibus
875 4609 956 4649 suum
986 4595 1159 4664 propositum
1188 4591 1317 4662 perduxit
1335 4590 1371 4646 ad

133 4677 225 4748 finem
244 4677 433 4750 conceditque,
452 4685 484 4734 ut
500 4680 530 4734 iu
547 4678 623 4736 dicto
640 4687 735 4738 moute
753 4680 839 4736 libera
857 4681 952 4736 nisime
970 4679 1027 4736 fiat.
1047 4677 1330 4736 Oonditioneeautem
1341 4683 1371 4750 et
