3376 5350
328 429 392 497 388
826 440 845 481 r.
864 427 1074 510 assumento,

332 621 436 692 Aprilis
456 621 533 674 1284.
553 620 628 674 idem
646 619 835 674 subdiaconus
853 618 995 674 iohannes
1020 617 1055 673 de
1079 618 1245 674 Prodanello
1259 619 1365 690 jurarit
1382 626 1584 692 praeceptatus

333 709 358 764 d.
378 709 562 779 arhiepiscopi
582 715 610 762 et
635 707 662 761 S.
688 707 831 762 Romanae
855 707 987 762 ecclesiae
1013 713 1041 761 et
1066 707 1183 762 difidens
1208 707 1242 761 de
1263 707 1327 777 jure
1348 725 1406 776 suo,
1432 709 1527 778 posuit
1554 725 1587 764 se

330 797 358 850 in
384 796 513 849 manibus
538 794 661 848 eiusdem
691 795 719 848 in
744 794 801 848 alto
826 800 854 848 et
879 795 968 860 basso,
992 801 1019 847 et
1044 794 1120 864 quod
1145 793 1340 848 condemnaret
1367 801 1395 848 et
1422 797 1586 852 absolveret

330 883 448 936 eundern
475 881 627 936 secundum
656 881 732 952 quod
757 881 847 936 eidem
872 881 994 951 placebit
1018 889 1045 935 et
1069 881 1222 936 secuudum
1248 882 1342 952 (quod)
1367 882 1506 937 ridebitur
1536 901 1586 936 ex·

331 970 433 1042 pedire.
460 969 610 1024 Praesente
637 969 759 1040 capitulo
780 969 937 1024 Rhacusino
956 976 1131 1039 congregato.
1154 969 1190 1023 Et
1207 971 1246 1024 ita
1263 971 1488 1042 archiepiscopus
1510 979 1586 1026 atte-

331 1059 464 1112 stationes
477 1057 632 1128 praedictas
645 1056 712 1111 fecit
724 1057 846 1126 legitime
859 1057 1003 1127 publicari.
1025 1056 1221 1110 Prodanellum
1235 1065 1328 1112 atatem
1342 1061 1585 1112 excommunicari

331 1162 393 1199 cunr
413 1151 569 1216 praecepto,
588 1145 663 1215 quod
683 1144 837 1199 Romanam
856 1145 961 1199 curiam
981 1145 1160 1214 personaliter
1178 1145 1279 1200 debeat
1297 1146 1414 1210 uisitare,
1440 1154 1586 1200 reservato

331 1233 445 1286 arbitrio
465 1233 576 1286 rnaiorm
595 1232 840 1286 condemnationis.
862 1232 999 1286 Antonius
1018 1231 1053 1286 de
1072 1232 1189 1286 Oarletis
1212 1234 1279 1286 civis
1299 1234 1513 1288 Banormitenus
1537 1235 1586 1303 ju-

332 1329 408 1374 ratus
427 1322 551 1374 nonnus
564 1320 691 1390 scripsit.)

385 1407 434 1461 En
451 1424 511 1461 meo
530 1407 688 1460 collectione
706 1405 938 1462 documentorum.

385 1545 582 1603 Mccoxnlt.
602 1550 678 1601 1293.
698 1550 739 1602 25.
758 1549 842 1602 litati.
866 1548 1012 1602 Ladislsus
1037 1547 1088 1602 IV.
1113 1563 1169 1609 rex.
1194 1553 1291 1603 notum
1316 1547 1390 1616 facit,
1418 1547 1584 1618 quodcum

333 1635 433 1689 Petrus
450 1635 540 1688 banus
559 1636 645 1688 totius
664 1635 820 1702 Slavoniae,
839 1636 913 1690 filius
932 1636 1041 1690 comitis
1060 1635 1210 1702 Benedicti,
1231 1635 1355 1704 magistri
1376 1635 1585 1705 pincernarum,

332 1738 348 1776 a
366 1722 540 1793 temporibus
559 1737 626 1775 suae
644 1721 855 1789 adolescentiae,
875 1740 926 1776 avo
946 1725 1005 1778 eius
1024 1729 1051 1776 et
1075 1723 1217 1794 Stephano
1235 1725 1307 1794 patri
1326 1723 1438 1792 regibus
1461 1739 1494 1776 ac
1518 1723 1585 1793 ipso

333 1811 392 1880 regi
417 1809 517 1864 devota
545 1811 655 1864 servitia
681 1811 860 1880 praestiterit,
888 1827 921 1864 ax
954 1812 1055 1880 quibus
1079 1811 1139 1864 vult
1162 1812 1263 1877 notari,
1288 1809 1364 1882 quod
1392 1827 1454 1864 curn
1482 1811 1586 1864 civitas

332 1897 481 1966 Tymensia
500 1898 557 1966 regi
576 1897 604 1950 in
623 1903 713 1951 aetate
734 1903 829 1951 tenera
847 1900 998 1953 constituto
1018 1915 1047 1952 se
1066 1915 1082 1950 a
1100 1898 1210 1952 servitio
1229 1898 1289 1951 eius
1307 1897 1452 1962 retrahere,
1472 1905 1501 1951 et
1520 1899 1582 1966 regi

334 1984 483 2038 Bohemiae
501 1983 609 2038 tradere
628 1983 723 2050 voluit,
743 1984 832 2040 eidem
852 1985 935 2040 Petro
954 1987 1026 2041 bano
1045 1987 1073 2038 in
1093 1985 1297 2056 expugnatione
1316 1983 1441 2038 eiusdem
1463 1984 1585 2038 viriliter

334 2071 491 2126 dimicando
511 2071 567 2125 duo
586 2070 683 2126 dentes
702 2088 751 2142 per
769 2073 944 2127 emissionem
971 2073 1087 2143 sagittae
1111 2073 1242 2128 adversae
1267 2074 1353 2142 partis
1377 2073 1465 2126 avrrlsi
1493 2079 1583 2126 erant.

333 2159 402 2212 item
416 2175 479 2212 cum
492 2159 611 2213 misisset
622 2158 640 2212 J
643 2160 799 2214 oachimum
812 2169 878 2215 tunc
891 2162 995 2216 banum
1009 2178 1063 2215 una
1077 2177 1140 2214 curn
1153 2160 1250 2215 eodem
1263 2159 1347 2213 Petro
1360 2160 1396 2214 ad
1410 2161 1584 2214 coercendas

335 2261 384 2300 sen
404 2245 619 2316 compescendas
638 2245 794 2301 ferocitates
813 2249 957 2302 Oroaticae
981 2249 1079 2317 gentis,
1104 2249 1152 2318 qui
1177 2248 1250 2302 elata
1273 2249 1457 2302 obstinatione
1484 2254 1588 2302 contra

334 2333 426 2401 regiae
437 2332 591 2387 Maiestatis
605 2331 715 2388 culmen
729 2351 792 2388 cum
807 2335 973 2405 quibusdam
987 2335 1146 2399 (nobilibus)
1157 2335 1263 2390 fortiter
1272 2336 1494 2402 insurrexissent,
1505 2337 1583 2390 idern

335 2420 435 2474 Petrus
448 2421 536 2474 banus
549 2422 577 2474 iu
590 2421 734 2475 adversam
748 2423 854 2476 irruens
869 2425 955 2477 aciem
967 2423 1025 2476 dira
1039 2431 1066 2476 et
1078 2423 1209 2476 immania
1219 2421 1303 2488 (lacta
1311 2413 1416 2492 gessit),
1428 2421 1496 2476 dum
1510 2423 1587 2478 inter

336 2514 459 2562 caeteros
477 2507 577 2578 aliquis
597 2507 679 2562 Finta
698 2509 771 2563 tilius
790 2510 879 2564 Dauid
899 2527 963 2564 cum
982 2511 1039 2564 suis
1058 2510 1240 2580 complicibus
1260 2511 1353 2578 regiae
1366 2510 1500 2564 voluntati
1516 2526 1588 2564 con-

335 2595 417 2650 traire
435 2612 489 2650 non
509 2612 667 2666 pavescens,
687 2599 802 2664 (centum
822 2604 943 2651 castrum
963 2597 1127 2666 occupavit),
1146 2595 1219 2649 idem
1236 2595 1336 2650 Petrus
1349 2597 1377 2649 in
1390 2595 1476 2667 ipsius
1498 2601 1587 2652 castri

336 2683 551 2754 expugnatione,
569 2683 639 2738 adeo
653 2700 682 2737 se
695 2683 859 2738 militaribus
878 2685 986 2738 actibus
999 2685 1146 2748 inmiscuit,
1166 2683 1241 2754 ‹puod
1255 2700 1304 2754 per
1317 2683 1525 2738 multitudinem
1547 2685 1588 2738 ls-

337 2771 434 2841 pidum
454 2769 622 2841 (depressus)
640 2771 675 2824 ab
695 2787 759 2825 area
777 2772 934 2826 certaminis
953 2772 1044 2825 extitit
1057 2777 1226 2842 exportatus.
1246 2772 1370 2826 Tandem
1389 2773 1416 2824 in
1437 2789 1586 2842 expugna·

336 2857 411 2913 tione
430 2860 511 2913 castri
529 2859 704 2914 Jauriuensis
723 2877 772 2930 per
790 2859 958 2913 Teutonicos
977 2860 1113 2928 occupati,
1131 2865 1243 2914 strenue
1269 2875 1298 2913 se
1317 2875 1469 2930 opponens,
1488 2862 1588 2929 gravia

336 2947 444 3017 accepit
463 2947 584 3001 vulnera.
604 2946 658 3000 Pro
678 2947 779 3016 quibus
798 2947 916 3000 servitiis
941 2963 989 3000 rex
1016 2946 1040 3000 ei
1066 2947 1266 3016 possessionem
1292 2953 1319 3000 et
1347 2953 1468 3000 castrum
1495 2947 1588 3018 Garig

337 3035 372 3087 ab
397 3050 430 3088 eo
448 3034 572 3088 indebite
591 3035 741 3088 alienatum
761 3033 881 3088 reddidit
900 3041 928 3088 et
946 3033 1066 3088 donavit.

376 3121 500 3176 Weaeel:
522 3121 587 3176 Coa.
608 3121 677 3190 dipl.
696 3121 805 3190 Arpod.
824 3121 897 3174 XII.
916 3124 976 3175 386.

392 3279 604 3334 MCCOXLIII.
624 3283 700 3334 1283.
718 3284 761 3334 29.
780 3281 864 3334 satan.
892 3279 1038 3334 Ladislaus
1064 3280 1114 3334 IV.
1135 3297 1183 3332 rex
1202 3279 1366 3344 marrisestat,
1385 3278 1461 3349 quod
1483 3279 1591 3334 nobilis

339 3367 378 3420 vir
406 3368 570 3420 Dominicns
600 3367 634 3421 de
659 3367 753 3434 Wllro‚
780 3368 853 3421 lilius
871 3367 946 3421 Petri
970 3368 1003 3421 de
1028 3383 1128 3438 genere
1147 3367 1233 3433 (thale,
1253 3367 1378 3420 exhibuit
1396 3369 1420 3420 ei
1441 3366 1592 3438 privilegia

341 3471 436 3524 regum
457 3454 539 3508 Belae
558 3454 609 3508 IV.
628 3456 671 3509 avi
691 3459 718 3508 et
737 3455 869 3524 Stephani
895 3454 1025 3524 genitoris
1050 3456 1100 3520 sui,
1126 3469 1209 3523 super
1233 3454 1363 3506 orrruibus
1389 3453 1592 3508 donationibus

343 3544 367 3595 ei
388 3541 475 3608 factis,
496 3542 652 3612 specialiter
670 3549 762 3596 autem
782 3559 865 3611 super
883 3543 1057 3611 possessione
1070 3541 1176 3612 Ypoliti
1191 3541 1298 3611 nepotis
1318 3539 1417 3594 lllohar
1435 3540 1593 3611 vulgariter

340 3629 441 3682 Mohsr
459 3630 590 3700 unultaya
609 3632 707 3696 vocati,
726 3631 754 3683 in
772 3647 827 3699 qua
845 3630 1021 3699 possessione
1040 3646 1074 3684 ex
1100 3637 1177 3700 parte
1196 3629 1310 3682 orientis
1335 3629 1362 3682 iu
1388 3628 1454 3682 uilla
1480 3627 1590 3698 Wyloh

340 3725 436 3772 vocata
454 3717 489 3771 ad
507 3717 641 3772 honorem
666 3717 724 3772 00.
745 3717 919 3783 Sanctorum,
944 3725 971 3770 et
996 3733 1029 3770 ex
1054 3723 1131 3787 parte
1156 3715 1307 3770 occidentis
1332 3716 1368 3770 ad
1393 3715 1528 3769 honorem
1564 3719 1592 3770 h.

338 3805 461 3858 Thomae
474 3806 592 3875 apostoli
612 3807 639 3858 iu
658 3805 897 3860 conrmctaneitate
911 3805 1093 3875 possessionis
1106 3804 1188 3870 (lara,
1203 3803 1334 3858 ecclesiae
1348 3802 1475 3874 lapideae
1489 3813 1588 3858 essent

340 3897 523 3959 constructae,
544 3899 642 3962 petens
660 3909 677 3945 a
695 3909 758 3961 rege
781 3899 813 3945 ut
832 3891 927 3945 eadem
953 3892 1011 3944 suis
1036 3891 1133 3944 litteris
1159 3890 1376 3961 privilegialibus
1402 3891 1590 3945 confirmaret„

341 3979 373 4032 Iu
399 3980 499 4048 quibus
524 3980 607 4032 etiam
633 3987 805 4048 compertum
830 3978 891 4043 fuit,
916 3978 1119 4048 possessionem
1149 3979 1236 4048 ipsius
1265 3977 1373 4047 Ypoliti
1404 3977 1509 4047 Wylolt
1538 3996 1593 4048 pro

340 4067 544 4120 annunciatone
562 4064 657 4136 gaudii
676 4066 825 4120 natiuitatis
845 4067 917 4134 regis
941 4065 1071 4132 Ladislai,
1098 4081 1147 4134 per
1172 4081 1265 4135 regern
1284 4065 1479 4120 Belamavuua
1505 4081 1592 4120 surim

340 4153 392 4223 ipsi
411 4154 543 4222 magistro
562 4154 710 4207 Dominico
729 4153 821 4206 (latam
840 4153 932 4206 fnisse.
947 4151 1008 4205 Rex
1020 4153 1105 4221 igitur
1117 4152 1233 4206 eandem
1248 4153 1426 4207 donationem
1438 4153 1590 4208 ntificant

341 4247 368 4294 et
386 4241 557 4310 approbarit.
577 4241 682 4294 Datum
708 4256 755 4310 per
780 4257 878 4293 manus
897 4239 1020 4293 Thornae
1048 4241 1169 4310 episcopi
1189 4241 1343 4306 Vaciensis,
1362 4240 1442 4294 aulae
1461 4242 1592 4295 vicecan-

342 4327 451 4382 cellarii.

394 4415 491 4482 Fep'er:
513 4414 578 4468 eorl.
598 4415 666 4482 dipl.
690 4415 717 4468 T.
742 4415 772 4469 V.
792 4414 842 4470 sot.
863 4415 923 4468 HI.
941 4431 969 4482 p.
990 4419 1048 4468 150.

394 4553 774 4616 otCCOXLIV.K10tutit.
795 4559 869 4608 last.
889 4559 931 4608 25).
953 4556 1044 4608 Jnati.
1059 4556 1194 4624 Tempore
1208 4553 1328 4607 Ladislai
1348 4555 1398 4608 IV.
1418 4555 1500 4624 regis.
1521 4555 1594 4610 Gre-

343 4644 409 4713 gorii
429 4644 550 4713 episcopi
579 4644 769 4712 Traguriensis
788 4650 815 4696 et
834 4643 972 4696 Francisci
995 4642 1093 4695 Falerii
1121 4642 1155 4695 de
1181 4642 1315 4707 venetiis,
1341 4641 1595 4714 potestatisTrag.,

343 4731 534 4800 praesentibus
549 4774 554 4782 .
569 4771 574 4784 .
589 4771 595 4783 .
610 4771 616 4784 .
630 4731 677 4800 qui
692 4730 790 4783 dicitur
803 4731 893 4800 Elga.
909 4774 914 4783 .
929 4772 935 4786 .
949 4769 955 4780 .
970 4738 996 4783 et
1017 4731 1137 4783 hlartino
1155 4730 1189 4784 de
1207 4729 1293 4784 Jedra
1312 4737 1339 4784 et
1357 4729 1419 4784 aliis
1437 4729 1595 4800 Gregorius
