3376 5350
649 429 797 474 uaesana.
1283 427 1343 492 391

154 607 306 664 MCOGIJ.
325 609 363 662 In
381 607 520 666 Varenus
540 611 616 666 1283.
637 615 680 668 19.
698 612 868 668 Noossabris.
886 613 1029 672 Elisabeth
1047 614 1134 670 maior
1151 615 1247 686 reg'na
1265 617 1346 678 Hou-

100 699 193 768 geriae
221 705 319 754 notum
342 695 417 764 iacit,
445 697 521 768 quod
547 699 613 756 licet
633 701 757 774 vdecimas
781 701 930 758 liberarum
952 702 1080 758 νὶΗετωη
1105 701 1141 758 de
1165 703 1293 760 Vereuce
1317 712 1346 762 et

100 785 198 856 Lypoa
215 803 248 842 sc
267 788 354 842 totius
372 787 519 842 comitatus
539 787 573 842 de
591 788 727 856 Vereuce,
745 795 803 844 tam
827 789 947 861 frugum,
965 791 1030 857 viui,
1048 796 1106 846 tam
1124 792 1346 859 marturinarum,

100 874 268 930 tributorum
296 875 418 929 fororum
441 883 469 930 et
492 874 622 946 portuum
650 877 709 932 suis
733 875 905 947 temporibus
930 877 1106 948 percepisset,
1130 879 1245 934 credens
1271 881 1346 950 ipsas

102 961 223 1016 decimes
240 962 277 1016 ad
296 979 356 1016 eam
376 964 521 1033 pertinere,
539 961 604 1018 licet
628 979 677 1034 per
694 964 899 1034 Tymotbaeum
923 966 1084 1036 episcopum
1102 966 1183 1036 Zagr.
1202 983 1286 1038 super
1303 985 1345 1022 re-

100 1049 244 1106 stitutione
263 1050 362 1104 suisset
380 1050 490 1121 saepius
502 1051 643 1121 requisita,
661 1067 714 1106 uec
731 1051 756 1106 ei
774 1053 959 1122 acquievisset
970 1069 1059 1124 usque
1078 1053 1114 1108 ad
1133 1053 1201 1110 haec
1213 1061 1346 1126 tempora,

100 1139 166 1208 qnia
184 1143 277 1192 umen
295 1145 438 1209 comperta
456 1138 569 1194 veritate
588 1139 712 1194 constitit
725 1139 749 1210 ei
763 1155 813 1209 per
825 1140 898 1196 viros
910 1140 1053 1212 religiosos
1066 1157 1149 1212 quam
1162 1143 1246 1198 etiam
1259 1143 1345 1198 laicos

100 1225 190 1279 dictas
208 1225 330 1280 decimas
347 1224 383 1280 sd
402 1227 445 1280 ius
464 1225 586 1296 episcopi
604 1226 685 1296 Zagr.
703 1227 848 1298 pertinere,
862 1227 983 1290 reddidit
994 1227 1108 1284 easdem
1122 1227 1243 1286 decimas
1255 1229 1347 1284 eidem

100 1313 233 1384 episcopo
251 1319 279 1368 et
297 1315 357 1368 eins
373 1312 514 1370 ecclesiae.

156 1417 286 1472 masse:
304 1419 384 1472 Mon.
404 1419 481 1472 naa.
503 1419 533 1472 r,
552 1419 576 1472 r.
595 1435 622 1488 ρ.
640 1421 700 1474 210.

152 1575 319 1632 MOOOLII.
347 1577 519 1647 ngrsbiae.
548 1579 624 1631 1283.
652 1579 695 1631 30.
722 1577 890 1632 Nmmbts.
921 1577 1082 1649 Capitulum
1107 1578 1240 1634 ecclesiae
1266 1579 1346 1650 Zagr.

97 1665 245 1736 significat,
265 1665 341 1736 quod
366 1665 451 1721 nobili
477 1665 535 1722 viro
559 1667 659 1720 comite
683 1665 757 1719 Iaan
776 1663 833 1719 lilio
851 1665 972 1720 Jarozlai
992 1683 1049 1736 pro.
1060 1681 1091 1720 se
1109 1671 1138 1722 et
1155 1666 1212 1720 tilio
1230 1683 1281 1720 suo
1299 1683 1347 1720 no-

96 1754 173 1807 mine
191 1753 266 1810 lwau
285 1753 377 1808 adhuc
395 1754 423 1806 in
443 1759 538 1808 tenera
556 1757 646 1806 aetate
664 1753 816 1808 constituto
828 1753 864 1807 ab
877 1769 933 1806 una
945 1757 1033 1823 parte,
1053 1757 1081 1808 et
1098 1753 1193 1808 Pousa
1211 1755 1347 1808 serviente

80 1837 85 1848 ⁴
97 1841 207 1895 comitis
220 1841 359 1910 Redoslai,
379 1841 428 1894 tilii
447 1841 557 1896 comitis
570 1838 712 1910 Stephani,
727 1855 760 1893 ac
771 1839 881 1894 Jacobo
893 1841 1026 1910 magistro
1038 1841 1209 1895 notariorum
1223 1838 1347 1895 eiusdem

96 1930 158 1983 vice
185 1935 215 1983 et
241 1928 352 1984 nomine
376 1928 465 1999 ipsius
493 1928 598 1982 domini
623 1928 674 1994 sui,
698 1927 734 1981 ab
763 1927 851 1982 altera
874 1929 1056 1999 personaliter
1082 1927 1248 1996 constitutis,
1271 1927 1346 1982 idem

97 2033 191 2071 eomes
209 2015 283 2070 Iwan
302 2017 448 2070 confessos
466 2017 503 2070 sit
520 2016 582 2068 viva
600 2031 667 2070 voce
685 2031 715 2069 se
734 2019 855 2069 castrum
876 2031 959 2070 suum
978 2015 1114 2086 Lypouch
1132 2021 1261 2070 vocatum
1281 2031 1346 2070 cum
1437 2013 1442 2020 “

80 2105 230 2158 ‘omnibus
248 2104 469 2176 possessionibus
493 2103 551 2157 suis
576 2109 687 2173 propter
709 2119 837 2172 guerram
862 2101 985 2158 diuturni
1009 2108 1038 2156 et
1059 2103 1189 2173 impacati
1214 2103 1347 2173 temporis

101 2191 234 2246 desolatis
260 2197 288 2246 et
312 2191 513 2248 habitatoribus
536 2191 593 2244 suis
619 2189 767 2258 destitutis,
791 2207 856 2245 eum
881 2191 961 2246 terris
985 2189 1121 2260 emptitiis
1140 2189 1297 2245 Plesiuicha
1320 2197 1348 2245 et

99 2279 251 2346 Braslarls,
270 2279 336 2334 item
355 2277 491 2334 donativis
509 2279 644 2347 Bregsna,
670 2277 785 2349 Prilepi,
803 2278 933 2345 Reztoca,
946 2283 974 2332 et
993 2276 1176 2332 Kulkedfeldi
1200 2279 1347 2332 nominatis

10 2359 12 2366 ’
98 2383 162 2420 cum
180 2368 308 2422 omnibns
326 2368 498 2438 pertinentiis
516 2371 544 2420 et
562 2367 686 2422 cavernis
710 2365 824 2436 glirium
850 2366 934 2436 vulgo
956 2365 1075 2420 Pussina
1094 2365 1239 2432 (Publius)
1258 2365 1346 2433 dictis,

98 2453 397 2523 vendidissepraefato
422 2455 516 2508 comiti
540 2453 682 2510 Radoslao
701 2461 728 2508 et
746 2455 804 2508 suis
822 2447 989 2508 baeredibus
1008 2471 1058 2524 pro
1077 2461 1188 2508 centum
1216 2459 1245 2508 et
1269 2454 1347 2524 quin·

96 2541 230 2611 quaginta
248 2542 347 2596 marcis
366 2541 541 2596 denariorum
565 2540 801 2611 Zagrabiensium‚
821 2557 939 2610 quorum
958 2541 1084 2611 singulae
1103 2542 1226 2612 quinque
1244 2555 1347 2611 pensae

96 2645 218 2682 marcam
237 2633 304 2682 tunc
322 2629 460 2700 temporie·
477 2628 622 2683 iaciebant.
648 2628 724 2682 Inter
747 2635 836 2684 metas
862 2627 999 2682 dictarum
1022 2633 1167 2695 terrarum,
1192 2643 1261 2698 quas
1290 2643 1346 2681 ma·

96 2716 184 2784 gister
197 2713 367 2784 Meniredus‚
381 2716 592 2770 archidiaconus
609 2714 643 2769 de
659 2715 788 2769 Guerche
803 2715 951 2769 canonicus
964 2715 1043 2785 ngr.
1056 2714 1246 2780 reambulavit,
1258 2714 1347 2784 prima

97 2811 172 2856 mete
188 2809 232 2857 est
250 2804 278 2856 in
297 2805 388 2874 capite
406 2819 494 2874 aquae
513 2803 639 2872 Bregana
656 2803 735 2856 iuxta
752 2809 839 2856 terras
857 2802 991 2856 nobilium
1011 2801 1045 2855 de
1063 2817 1165 2870 genere
1177 2799 1267 2864 Priba‚
1281 2799 1346 2853 iude

99 2889 179 2943 vallis
197 2890 323 2960 Thopina
344 2889 437 2962 drage,
457 2897 484 2945 et
503 2891 557 2944 alie
576 2889 655 2944 vallis
674 2889 826 2944 Lcmnicha
845 2889 939 2958 drage,
958 2889 1022 2944 inde
1040 2889 1118 2943 locus
1136 2887 1184 2942 ubi
1204 2887 1344 2958 quondam

96 2975 192 3030 Roseh
208 2977 307 3034 habuit
327 2978 506 3044 mensionem,
526 2985 554 3033 et
571 2979 696 3034 ascendit
720 2985 843 3034 montem
866 2978 1020 3048 Dragones,
1044 2985 1072 3032 et
1096 2977 1170 3032 venit
1193 2976 1229 3030 ad
1249 2975 1344 3046 'lacum

97 3065 115 3118 J
119 3081 198 3120 ezero
217 3073 245 3120 et
263 3082 347 3137 supra
365 3073 486 3122 montem
505 3067 652 3138 Dragonce
670 3067 705 3121 ad
724 3074 810 3121 terras
828 3066 963 3120 nobilium
977 3065 1011 3120 de
1024 3082 1124 3136 genere
1136 3065 1221 3120 Priba
1238 3079 1347 3134 semper

97 3153 134 3207 sd
154 3154 297 3210 meridiem
318 3161 499 3223 remanentes,
526 3153 574 3208 ubi
592 3171 640 3208 cae
659 3155 894 3209 conterminantur
912 3153 992 3208 terris
1009 3153 1192 3223 jobagionum
1211 3151 1293 3206 castri
1312 3150 1347 3206 de

101 3239 239 3310 Podgora.
258 3243 380 3296 Demum
406 3241 599 3298 descendendo
623 3243 651 3296 in
677 3241 776 3298 vallem
800 3241 925 3296 ascendit
947 3242 976 3296 in
999 3247 1120 3296 montem
1139 3239 1284 3307 Vranidol,
1310 3237 1345 3293 ad

101 3329 243 3384 meridiem
263 3331 443 3400 conjungitur
459 3337 548 3386 terrae
566 3329 675 3384 Nicolai
694 3329 809 3396 Oheme,
824 3330 900 3384 venit
918 3329 954 3384 ad
972 3328 1141 3399 gymulchin,
1155 3327 1298 3383 descendit
1310 3326 1346 3381 ud

98 3417 213 3470 fluvium
232 3417 311 3472 Reka
330 3419 433 3472 etexit
453 3435 548 3473 versus
573 3419 804 3488 septemtrionem,
830 3417 930 3472 deinde
955 3435 1039 3488 penes
1063 3416 1182 3471 rivulum
1207 3415 1346 3472 Dolchina
1427 3401 1431 3414 ⁸

96 3503 223 3560 ascendit
241 3506 276 3560 ad
295 3507 407 3560 arbores
419 3507 499 3560 nucis
518 3513 545 3560 et
563 3505 686 3559 brekina
705 3503 858 3560 Descendit
875 3497 911 3558 ab
930 3504 1044 3558 fluvium
1058 3504 1169 3559 Zeralin
1183 3511 1211 3558 et
1223 3503 1347 3558 ascendit

96 3599 220 3648 montem
233 3593 380 3661 Ravnivrh‚
394 3593 608 3648 conterminatur
621 3598 710 3646 terrae
721 3591 862 3662 Wllrouog
875 3591 924 3645 filii
938 3590 1033 3646 Vrban
1047 3598 1075 3646 et
1087 3591 1163 3647 vadit
1175 3591 1210 3646 sd
1223 3597 1345 3645 montem

97 3680 334 3748 Obrrcoagoricha,
353 3680 417 3735 inde
436 3698 485 3752 per
503 3687 623 3735 montem
643 3686 670 3734 et
688 3679 759 3748 viam
784 3681 926 3749 antiquam
947 3679 1026 3734 vadit
1044 3678 1079 3732 ad
1103 3679 1197 3734 locum
1222 3677 1346 3749 Pogane·

97 3769 163 3822 niue
187 3775 214 3822 et
234 3785 281 3838 per
299 3767 415 3822 eandem
434 3769 506 3822 viam
526 3769 601 3822 venit
618 3767 654 3821 ad
673 3773 787 3838 puteum
807 3767 906 3822 Zamar
922 3766 998 3822 etad
1010 3773 1133 3822 montem
1146 3767 1269 3838 Precope
1281 3767 1346 3820 inde

96 3855 133 3908 ad
152 3855 245 3909 locum
265 3854 411 3922 Vratzcha,
431 3854 574 3909 descendit
593 3855 628 3907 ad
647 3854 766 3908 rivulum
793 3855 915 3924 Pissech,
936 3863 969 3909 et
987 3855 1061 3909 cadit
1079 3855 1106 3909 in
1125 3855 1238 3908 fluvium
1258 3853 1346 3908 Grad-

96 3942 186 4008 nicha,
205 3944 279 3996 venit
298 3943 332 3996 ad
352 3950 466 4012 puteum
491 3941 560 3996 Bela
584 3941 751 3996 Studenech.
778 3942 822 3996 Ad
848 3943 982 3998 orientem
1015 3942 1232 3998 conterminatur
1256 3947 1346 3996 terrae

95 4030 206 4083 Domab
219 4037 247 4084 et
259 4047 373 4084 suorum
387 4030 584 4100 proximorum,
599 4029 777 4100 iobagionum
791 4032 872 4085 castri
887 4031 921 4086 de
934 4031 1038 4087 Oolich.
1059 4029 1132 4084 Inde
1144 4047 1193 4100 per
1205 4029 1345 4100 quandam

97 4117 170 4171 viam
189 4117 224 4172 ad
244 4118 469 4188 septemtrionem
489 4119 565 4172 venit
583 4117 618 4172 ad
638 4117 785 4172 Kamenna
803 4119 924 4192 gericho.
951 4117 983 4172 In
1003 4117 1108 4174 oriente
1127 4117 1344 4172 conterminantur

99 4205 180 4258 terris
199 4205 233 4260 de
252 4205 397 4270 Zamobor‚
416 4206 491 4259 venit
510 4205 545 4259 ad
564 4205 664 4258 vallem
684 4203 796 4260 Machla
813 4213 841 4260 et
859 4205 894 4259 ad
913 4205 1029 4258 fluvium
1042 4203 1204 4260 Grednicbs
1222 4211 1250 4260 et
1268 4210 1342 4258 uan-

97 4293 172 4346 siens
190 4293 309 4346 rivulum
329 4293 489 4348 Oernchech
509 4293 634 4347 ascendit
652 4293 730 4348 iuxta
748 4299 869 4346 montem
889 4289 1016 4346 Oberuch
1039 4307 1136 4346 versus
1162 4292 1343 4356 occidentem,

98 4387 126 4434 et
145 4382 219 4434 venit
237 4379 273 4434 ad
292 4387 414 4435 montem
427 4381 546 4436 Pozorin
559 4388 587 4434 et
599 4381 634 4434 ud
646 4386 748 4436 terram
762 4379 854 4434 tranis
867 4379 983 4434 Reketie
1003 4380 1083 4434 iuxta
1100 4393 1202 4450 aquam
1223 4377 1344 4444 Gradus,

96 4467 221 4522 ascendit
234 4475 355 4522 montem
377 4468 473 4524 Vorah
487 4486 581 4524 versus
594 4469 819 4539 septemtrionem
833 4475 861 4522 et
873 4469 948 4521 venit
961 4467 996 4522 ad
1009 4473 1094 4536 caput
1107 4483 1195 4536 aquae
1209 4465 1343 4532 Biztrech,

97 4555 241 4610 descendit
260 4555 289 4609 in
308 4573 407 4626 aquam
435 4558 562 4626 Bregana
580 4563 607 4610 et
626 4556 700 4611 cadit
718 4556 746 4610 in
765 4555 879 4608 fluvium
906 4554 988 4622 naua,
1009 4563 1037 4610 et
1054 4555 1131 4608 vadit
1149 4555 1277 4624 superius
1296 4554 1342 4608 ubi

95 4659 169 4715 aqua
183 4643 309 4712 Bregana
322 4644 464 4714 quondam
478 4645 595 4698 cadebat
608 4644 636 4697 in
650 4643 725 4696 Zona
739 4659 824 4714 prope
838 4642 983 4698 eeclesiam
996 4644 1076 4697 beate
1095 4643 1207 4708 Eleous,
1221 4641 1343 4712 quadam

93 4729 184 4784 insula
204 4731 338 4800 (lorraray
357 4731 406 4784 filii
427 4731 540 4785 Radizla
559 4731 634 4786 salvo
663 4731 721 4784 iure
740 4737 906 4784 remanente.
927 4731 1083 4784 Astiterunt
1100 4735 1194 4784 eutem
1213 4745 1343 4799 persona·

1223 4819 1240 4856 a
