3376 5350
287 273 352 340 384
789 285 810 327 1.
828 273 1038 341 annnnrnvrd,

340 464 571 519 Moocxxvss.
590 466 731 520 venetiis,
751 469 826 519 1282.
839 469 864 519 3.
884 467 967 520 illoti.
981 466 1140 522 iniunctum
1153 467 1207 522 fuit
1219 485 1267 538 per
1280 469 1369 538 majus
1389 468 1543 523 consilium

287 553 420 606 omnihus
443 553 597 606 rectoribus
620 553 792 619 (civitatum),
817 557 925 622 praeter
949 555 1078 608 cornitem
1104 555 1228 626 lingunt,
1253 562 1283 608 ut
1308 563 1454 610 teneantur
1478 556 1545 610 dili·

286 649 384 710 genter
401 641 540 710 inquirere
559 639 686 694 (lanarios
706 642 777 712 regis
803 637 917 696 Rassiae
945 641 1122 698 contrafactis
1142 643 1257 697 Venetis
1280 660 1449 713 grossorum,
1473 661 1543 698 eum

287 727 456 798 obligatione
475 743 572 780 ornnes
591 727 747 797 praedictos
767 727 902 796 denarios,
929 730 976 799 qui
998 729 1034 783 ad
1059 746 1155 784 eorum
1180 731 1223 784 vcl
1248 730 1408 784 officialium
1435 747 1543 786 manus

287 815 461 885 pervenerint
479 814 600 868 incidere
619 816 662 868 vel
681 815 766 870 incidi
785 815 885 882 iacere,
905 823 933 870 et
951 823 1062 886 gentem
1075 833 1154 870 suam
1168 819 1364 886 constringere,
1379 817 1455 888 quod
1470 819 1542 873 dicti

288 903 391 956 denarii
411 919 466 957 non
485 907 596 956 current
614 919 663 973 per
682 920 747 958 suos
767 903 915 957 districtus.

339 990 459 1058 Ljubid:
478 990 557 1044 Mon.
578 991 602 1044 1.
618 1007 649 1060 p.
669 993 728 1044 131.

341 1131 587 1188 MCCOXXVHI.
605 1132 752 1203 Tragurii.
773 1135 847 1186 1282.
868 1137 909 1186 31.
931 1133 1013 1188 illarii.
1038 1134 1174 1204 Tempore
1194 1134 1306 1187 Martini
1327 1151 1415 1204 papae
1435 1141 1463 1188 et
1485 1134 1544 1188 La·

287 1220 367 1274 dislai
384 1223 465 1290 regis.
479 1219 551 1275 Cum
564 1220 681 1276 ecelesia
697 1237 718 1274 s.
729 1220 878 1289 Laurentii,
892 1222 1070 1292 episcopatus
1082 1223 1281 1292 Traguriensis‚
1297 1223 1410 1292 proprio
1425 1229 1544 1293 pastore

286 1315 403 1375 vacaret,
427 1309 490 1362 ideo
510 1309 686 1379 congregatis
711 1309 849 1363 canonicis
872 1315 923 1364 etc.
949 1309 984 1364 ad
1007 1310 1170 1364 electionem
1196 1309 1397 1376 celebrandam,
1426 1327 1544 1380 compa·

287 1404 401 1450 ruerunt
419 1413 533 1468 nempe:
553 1396 703 1452 Gervasius
722 1397 796 1450 iilius
821 1397 914 1463 Zanci,
933 1402 960 1452 et
979 1397 1142 1468 Pelegrinus
1155 1398 1190 1451 D.
1204 1397 1390 1452 archidiaconi
1411 1397 1543 1452 eiusdem

287 1485 471 1554 episcopatus,
491 1484 626 1538 Oasoclus
646 1484 718 1537 lilius
737 1483 874 1538 Zanichae
900 1486 1077 1540 Primicerius
1102 1501 1160 1539 can.
1186 1483 1299 1539 Marcus
1325 1501 1384 1538 can.
1406 1484 1544 1538 sacerdos

287 1571 360 1624 lilius
381 1571 450 1626 Bod.
470 1571 588 1626 Michael
610 1588 669 1625 can.
688 1571 763 1626 filius
782 1570 899 1640 Stoicae,
918 1572 1008 1626 Dessa
1035 1573 1164 1627 saeerdos
1187 1571 1261 1626 filius
1291 1571 1404 1636 Nadini,
1428 1571 1544 1626 Natalis

288 1649 417 1713 sacerdos
430 1659 503 1712 filius
518 1659 653 1726 hlusiuae‚
666 1657 804 1712 Firminus
818 1659 952 1714 diaconus
963 1659 1036 1714 filius
1047 1660 1156 1720 vitalis,
1168 1659 1334 1714 Laurentius
1348 1658 1544 1714 subdiaconus

288 1746 360 1800 iilius
379 1745 518 1812 Privillae,
538 1745 688 1816 Bogdanus
707 1745 896 1800 subdiaconus
915 1747 988 1800 iilius
1007 1746 1125 1814 Michae,
1146 1747 1265 1802 Michael
1281 1748 1355 1802 filius
1371 1747 1461 1814 Cerni,
1482 1746 1544 1800 Ka·

288 1834 404 1888 saricius
423 1834 505 1888 subd.
525 1834 598 1888 lilius
617 1833 743 1888 ‘Furinae
763 1833 819 1900 Qui
843 1851 940 1890 omrres
963 1835 1105 1904 clegerunt
1128 1835 1155 1888 in
1180 1836 1342 1905 episcopum
1368 1834 1541 1904 Gregorium

288 1922 375 1975 lilium
395 1921 501 1976 Marchi
522 1922 556 1975 de
575 1923 708 1991 l'ragnrio
728 1922 762 1976 de
781 1922 877 1977 ordine
891 1922 1040 1988 lilinorum,
1056 1923 1144 1976 virum
1158 1923 1304 1976 honesturn
1325 1929 1352 1976 et
1374 1923 1542 1992 sapientem.

289 2009 499 2063 Praesentibus:
517 2009 627 2064 Jacobo
647 2009 782 2064 Rusticho
802 2015 938 2080 potestate
963 2011 1035 2064 civit.
1060 2011 1217 2064 Benevento
1243 2010 1302 2064 eius
1328 2010 1422 2076 milite,
1445 2010 1544 2065 Dessa

289 2104 317 2152 et
336 2097 473 2150 Cernoota
491 2097 635 2165 Amblasii,
655 2097 786 2152 Silvestre
811 2097 952 2168 blidgarii,
977 2097 1110 2152 Chrestac
1135 2097 1249 2164 Alberti,
1274 2099 1362 2152 Toma
1389 2096 1543 2164 Zanichae,

268 2184 400 2254 ‚Duymo
418 2183 574 2238 Dumichae
594 2190 621 2238 et
639 2184 708 2239 aliis.
728 2186 818 2240 Dessa
831 2186 935 2255 Duymi
955 2185 989 2239 de
1009 2185 1131 2240 Maroiza
1150 2187 1345 2240 examinatore.

340 2273 563 2326 hieruusalem.
584 2272 615 2326 di
636 2273 720 2327 Trea.
737 2276 839 2340 p.112.

324 2430 541 2486 aroouxxlx.
560 2432 686 2500 spaloti.
706 2436 781 2486 1282.
800 2437 824 2487 3.
845 2433 929 2488 Jalii.
947 2433 1092 2502 Regnante
1111 2432 1239 2487 Ladislao
1264 2432 1316 2486 1v.
1336 2448 1408 2500 rege,
1427 2437 1541 2501 tempo-

288 2519 364 2573 ribus
382 2519 519 2574 Johaunis
538 2519 738 2592 archiepiscopi
757 2521 938 2592 Spalateneis‚
958 2521 1080 2575 Mladeni
1100 2520 1248 2590 Stepconis
1261 2519 1295 2574 de
1308 2520 1432 2574 Briherio
1447 2519 1540 2575 incliti

289 2609 405 2675 comitis,
424 2607 509 2662 Vitae
528 2609 617 2674 Zerui,
637 2608 733 2680 Margo
753 2610 787 2663 de
804 2608 908 2664 dedere
932 2610 1085 2679 potestatis,
1104 2607 1192 2662 Joseh
1211 2607 1294 2674 Petri,
1311 2605 1399 2660 bladii
1413 2605 1539 2674 Michae,

286 2695 403 2750 Joannis
422 2695 556 2750 Dabbrali
571 2695 715 2764 judicum;
734 2697 854 2750 Duimus
872 2694 1084 2750 archidiaconus
1103 2701 1131 2749 et
1150 2694 1272 2749 sindicus
1291 2694 1404 2764 capituli
1426 2693 1539 2764 Spalat.

287 2789 314 2836 et
340 2783 432 2852 ipsum
457 2784 620 2852 capitulum,
643 2800 678 2838 ac
702 2783 840 2853 Georgius
864 2785 950 2838 abhas
975 2783 1133 2838 monasterii
1152 2801 1173 2836 s.
1199 2782 1331 2852 Stephani
1360 2789 1387 2836 et
1413 2781 1540 2836 allerias

287 2870 374 2924 abhas
393 2887 413 2922 s.
433 2871 539 2924 Mariae
559 2871 593 2924 de
613 2870 691 2926 Solta
709 2877 737 2924 et
755 2870 842 2924 Stans
860 2870 1000 2925 abbatissa
1019 2871 1177 2924 monasterii
1202 2887 1222 2924 s.
1249 2869 1402 2936 Benedicti,
1421 2886 1453 2924 ao
1473 2871 1538 2923 uni-

287 2973 382 3011 versus
394 2957 483 3011 clerus
497 2958 613 3012 civitatis
626 2959 791 3012 unanimiter
804 2960 839 3012 ab
851 2958 1060 3028 archiepiscopo
1073 2959 1164 3012 taliter
1173 2958 1370 3027 appellandum
1381 2956 1538 3012 duxeruut:

288 3043 358 3096 Cum
378 3060 407 3097 se
427 3060 524 3098 omnes
543 3045 570 3098 in
586 3045 714 3098 omnihus
728 3046 785 3098 suis
795 3045 905 3114 juribus
919 3053 945 3100 et
960 3045 1049 3099 causis
1063 3063 1111 3114 per
1124 3045 1279 3115 predictum
1293 3043 1536 3114 arehiepiscopum

287 3131 470 3184 communiter
489 3139 517 3184 et
535 3131 690 3200 specialiter
709 3141 874 3202 aggravatos
894 3134 1024 3200 sentiunt,
1044 3141 1072 3187 et
1095 3133 1122 3186 in
1142 3133 1236 3186 multis
1260 3133 1353 3201 inepte
1379 3139 1406 3186 et
1431 3133 1539 3187 furiose

290 3219 441 3288 procedere
460 3225 630 3286 cognoscunt
649 3226 744 3273 contra
763 3220 855 3273 Deum
874 3227 902 3274 et
920 3225 1024 3274 statuta
1047 3225 1204 3273 sanctorum
1228 3225 1345 3289 patrum,
1369 3226 1537 3288 statuerunt,

289 3305 365 3375 quod
385 3309 406 3359 si
427 3323 477 3376 per
494 3307 613 3376 aliquam
634 3308 798 3362 sententiam
817 3309 859 3362 vel
879 3325 927 3378 per
945 3308 1057 3378 aliquod
1077 3308 1236 3361 mandatum
1251 3307 1354 3376 injuste
1372 3307 1538 3376 procederet

287 3394 323 3447 ad
343 3394 437 3448 sedem
456 3394 636 3464 apostolicam
655 3395 682 3448 in
701 3395 810 3466 scriptis
829 3397 966 3449 unamitcr
984 3395 1096 3465 apellari
1116 3396 1202 3449 velint
1220 3401 1316 3448 contra
1329 3411 1402 3448 eum.
1429 3397 1535 3449 Actum

287 3481 314 3534 in
334 3481 438 3551 palatio
455 3482 663 3552 archiepiscopi,
677 3487 821 3552 praesente
840 3485 900 3552 ipso
919 3483 1127 3553 archiepiscopo
1146 3491 1174 3536 et
1192 3482 1294 3536 ibidem
1308 3489 1416 3536 astante
1428 3487 1456 3536 et
1468 3499 1536 3552 ape-

287 3569 419 3622 lationem
439 3567 587 3637 diligenter
604 3570 766 3636 ascultante,
786 3579 814 3623 et
832 3571 1024 3640 praesentibus
1044 3570 1183 3623 nobilibus
1203 3569 1266 3622 viris
1285 3567 1428 3623 Camurtio
1448 3569 1537 3636 Petri,

287 3657 409 3711 lllartiuo
428 3656 555 3720 Simonis,
574 3656 723 3711 Thomasiu
733 3657 882 3726 Dasianus,
900 3657 1010 3712 Gaudio
1025 3655 1140 3711 Calendi
1154 3663 1180 3710 et
1195 3657 1263 3710 aliis,
1278 3657 1368 3710 Lucas
1382 3657 1536 3713 eanonicus

288 3751 315 3799 et
329 3747 439 3815 juratus
458 3745 574 3815 scripsit.

339 3834 388 3886 Ea
406 3833 516 3885 arclaioo
535 3833 627 3886 ardico
651 3833 865 3887 Vindoboueusi.
888 3834 954 3888 (loll.
975 3833 1085 3902 Spulut.
1106 3832 1188 3887 XVI.
1210 3835 1266 3886 126.

341 3990 539 4044 lthOCXXX.
559 3991 701 4046 venetiis.
723 3995 796 4045 12⁸2.
816 3995 857 4044 at.
878 3992 1050 4058 Scplernbrls.
1071 3991 1141 4044 liurn
1164 3991 1314 4060 liogdanus
1328 3989 1469 4044 Petielebo
1490 3991 1534 4043 vel

287 4077 371 4132 irater
390 4079 450 4147 ejus
469 4077 551 4133 vadat
571 4080 732 4134 cursizarulo
747 4081 827 4148 juxta
848 4086 938 4148 prutes
959 4079 980 4132 1³
982 4095 1059 4132 arrae
1077 4084 1104 4131 et
1117 4079 1234 4132 Brazaae
1248 4095 1310 4132 euru
1325 4077 1435 4131 duobus
1451 4076 1535 4146 lignis

286 4167 400 4220 armatis
425 4167 497 4220 sicut
523 4167 630 4234 dicitur,
659 4173 741 4236 capta
764 4166 816 4220 suit
841 4185 904 4237 pars
929 4167 1040 4221 maioris
1066 4167 1181 4233 consilli,
1210 4167 1285 4236 quod
1309 4183 1359 4235 pro
1385 4166 1535 4219 securitate

287 4256 411 4308 euntium
432 4255 474 4308 vel
493 4255 666 4308 redeuntium
687 4273 736 4324 per
755 4263 845 4324 partes
864 4255 925 4308 illas
945 4255 1112 4309 concedatur
1131 4256 1259 4308 Andreae
1279 4253 1312 4306 de
1333 4253 1438 4306 Melino
1458 4253 1534 4308 ituro

287 4359 338 4412 pro
358 4349 494 4412 potestate
513 4343 548 4396 ad
567 4342 628 4396 illae
648 4344 752 4396 insudas
777 4359 862 4396 unum
889 4343 993 4412 lignum
1027 4361 1044 4396 a
1074 4344 1155 4396 remis
1184 4341 1352 4411 octuaginta,
1378 4347 1405 4393 et
1431 4339 1535 4394 habeat

285 4437 341 4484 tres
359 4432 442 4484 libras
455 4448 614 4500 grossorum
633 4448 649 4484 a
669 4432 806 4485 corrnnuui
827 4439 854 4484 et
872 4433 930 4499 ipsc
951 4432 1049 4485 debeat
1068 4432 1107 4484 irc
1126 4430 1161 4484 ad
1175 4447 1239 4483 erras
1252 4445 1401 4498 expensas;
1423 4425 1531 4497 lignum

286 4525 379 4572 asueni
399 4519 480 4572 debet
500 4535 640 4572 remunero
659 4520 697 4573 ibi
717 4520 750 4574 ad
771 4537 905 4588 cxpmrsus
924 4519 1066 4573 horninum
1088 4519 1122 4573 de
1141 4517 1250 4571 insulis.

340 4606 457 4672 chbr‘e:
475 4607 555 4662 Mure.
573 4607 597 4660 I.
612 4611 670 4661 133.
