3544 5344
747 477 891 518 assasse.
1404 463 1444 525 83

196 645 338 698 veritatem
356 641 507 710 inquirens,
525 646 567 694 tot
586 646 613 694 et
631 640 715 694 tanus
734 657 782 694 eos
803 640 899 710 plenos
918 641 1018 710 flagitis
1036 642 1177 708 invenerit,
1197 642 1272 711 quod
1291 643 1391 713 pudori
1410 645 1445 698 sit

189 728 384 793 referentibus,
404 736 431 780 et
450 727 628 780 audientibus
647 725 760 781 horrori.
787 726 867 780 Idem
887 727 959 781 enim
978 726 1074 794 abbas,
1099 729 1171 781 sicut
1189 745 1279 798 equus
1298 737 1326 784 st
1343 731 1446 790 mulus.

193 823 282 870 totum
302 817 329 868 in
358 815 468 885 lapsum
495 814 585 867 carnis
614 829 644 866 se
672 813 776 866 effudit.
804 813 884 866 Duos
912 831 1024 882 quoque
1051 831 1117 868 suos
1142 815 1213 868 filios
1232 816 1383 871 monachos
1402 819 1445 872 vel

193 904 284 957 verius
295 901 480 964 demoniacos,
491 900 571 969 quasi
584 905 669 954 metes
683 917 750 953 suae
762 899 984 966 incontinentiae,
998 901 1070 954 circa
1083 917 1113 954 ee
1126 901 1231 968 retinet,
1251 903 1298 970 qui
1312 903 1441 958 tabernas

195 989 292 1042 amnti
313 995 340 1042 et
364 987 519 1058 prostibula
544 987 727 1054 frequentant,
751 985 926 1040 committunt
950 987 1070 1056 rapinas,
1097 987 1265 1057 presbiteros
1289 989 1443 1056 verberant,

196 1076 325 1130 auferunt
352 1075 450 1144 spolia,
478 1071 578 1126 ludunt
605 1073 680 1126 aleas
709 1072 819 1143 publice
845 1073 874 1126 iu
901 1073 1008 1143 plateis,
1037 1074 1267 1128 excommunicati
1297 1075 1444 1142 celebrant,

196 1162 287 1216 officia
304 1161 398 1215 divina
416 1160 600 1230 prophanam,
620 1157 752 1212 mandata
771 1158 903 1213 ecclesiae
924 1167 1114 1226 contemnunt,
1133 1160 1238 1214 nullam
1251 1169 1338 1230 agunt
1351 1163 1445 1232 poeni-

196 1249 309 1302 tentiam
328 1253 356 1302 et
374 1247 532 1301 satisfacere
555 1245 665 1300 cuidam
691 1245 810 1314 spoliato
829 1245 910 1299 stab
929 1246 968 1300 eis
987 1247 1130 1301 vulnerato
1157 1247 1318 1318 presbytero
1337 1258 1444 1304 contra-

194 1333 296 1389 dicunt.
316 1365 350 1375 -
368 1333 631 1388 Excommunicatus
657 1349 706 1401 per
727 1333 888 1401 episcopum
915 1331 1092 1386 absarensem
1115 1332 1274 1402 delegatum
1300 1335 1373 1390 sedis
1398 1354 1443 1406 ap.

195 1421 282 1476 abbas
301 1421 394 1474 ascitis
413 1420 464 1473 sibi
484 1419 730 1474 excommunicatis
748 1419 887 1472 cantando
906 1417 1034 1473 discurrit
1052 1437 1115 1473 cum
1133 1421 1215 1474 mitra
1233 1428 1261 1474 et
1279 1422 1378 1476 baculo
1395 1440 1445 1492 per

194 1509 323 1580 plateam.
342 1507 376 1560 In
394 1507 456 1576 ipso
466 1505 642 1570 monasterio,
661 1505 775 1560 florente
793 1505 961 1574 abantiquo,
981 1506 1026 1558 vix
1045 1506 1185 1575 religionis
1203 1508 1319 1576 vestigia
1336 1525 1443 1562 reman-

195 1601 297 1659 serunt,
317 1593 509 1662 unusquisque
527 1591 651 1660 graditur
670 1596 735 1662 post
752 1590 888 1644 desideria
898 1590 987 1646 cordis
997 1593 1049 1658 sui,
1068 1609 1165 1648 omnes
1177 1600 1293 1647 utuntur
1305 1594 1443 1661 carnibus,

195 1681 315 1735 dormire
341 1681 369 1733 in
398 1679 558 1733 dormitorio
583 1679 664 1732 simul
692 1678 799 1744 nolunt,
826 1683 853 1731 et
879 1678 934 1732 aha
960 1678 1033 1732 mala
1059 1681 1234 1734 committunt
1261 1681 1391 1735 enormia.
1410 1713 1444 1722 -—

195 1799 229 1808 -
246 1767 392 1822 Praelatus
420 1765 562 1836 presbyter
589 1766 760 1820 Passarenus
788 1763 823 1818 de
851 1766 979 1835 periurio,
1007 1764 1142 1820 adulterio
1170 1767 1253 1820 etiam
1281 1767 1309 1820 in
1328 1768 1444 1822 ecclesia

195 1855 350 1920 commisso,
376 1853 449 1907 furto
475 1859 502 1906 et
520 1852 664 1921 sacrilegio
689 1869 721 1906 ac
746 1853 840 1906 multis
859 1853 919 1906 aliis
937 1851 1098 1906 criminibus
1117 1859 1160 1906 eet
1178 1853 1328 1907 convictus.
1354 1854 1444 1908 Exco·

195 1941 351 1994 manicatus
376 1939 534 1994 solemniter
561 1939 674 1992 missam
700 1947 812 1993 cantare
830 1955 885 1992 non
905 1939 1023 2008 expavit.
1050 1939 1084 1992 In
1103 1939 1232 1992 omuibus
1251 1941 1444 2008 Traguriensis

196 2028 319 2097 episcopi
338 2026 437 2080 dicitur
455 2042 516 2080 esse
533 2041 641 2091 manus,
666 2026 714 2094 qui
741 2025 870 2080 abbatem
888 2031 917 2078 et
934 2025 1004 2078 alios
1028 2024 1203 2095 supradictos
1228 2026 1348 2080 absolvit
1366 2043 1443 2096 prae·

195 2121 273 2168 textu
297 2113 443 2168 cuiusdam
467 2113 591 2182 rescripti
617 2113 762 2183 pontificis.
790 2112 929 2165 Intellexit
957 2112 1039 2165 etlam
1058 2129 1140 2182 papa,
1166 2113 1240 2181 quod
1265 2114 1293 2166 iu
1319 2112 1443 2182 partibus

196 2200 353 2255 Dalmatiae
377 2199 479 2253 fuerim
497 2200 584 2253 salsae
601 2199 709 2253 litterae
734 2197 787 2251 sub
811 2198 923 2252 nomine
946 2198 1005 2266 ejus
1030 2198 1179 2264 consectae,
1205 2205 1232 2254 et
1256 2199 1331 2268 quod
1356 2199 1443 2254 abbas

197 2285 217 2340 S
245 2285 388 2340 Michaelis
407 2285 551 2340 Jadrensis
572 2284 707 2339 dioecesis
726 2285 847 2338 chamin
866 2285 1020 2354 suspitione
1029 2285 1164 2338 habeatur
1174 2303 1230 2338 una
1239 2303 1301 2339 cum
1312 2286 1444 2356 episcopo

195 2373 380 2441 Traguriensi,
410 2373 457 2440 qui
483 2379 542 2426 erat
564 2371 599 2426 de
625 2371 745 2424 salsitate
770 2371 863 2425 bullae
882 2377 958 2440 pent.
981 2372 1159 2440 gravissimae
1183 2373 1333 2426 infamatus
1358 2378 1386 2426 et
1408 2371 1444 2426 ab

196 2459 295 2513 officiis
315 2465 446 2512 remotus.
472 2458 555 2512 Citati
574 2458 610 2512 ab
629 2458 837 2527 archiepiscopo
860 2474 916 2512 non
940 2465 1082 2523 venerunt,
1108 2465 1135 2513 et
1159 2457 1323 2514 seditionem
1348 2465 1443 2514 contra

196 2561 259 2598 eum
285 2545 447 2599 excitarunt.
472 2546 550 2615 Papa
569 2561 635 2614 ergo
654 2546 719 2598 citat
738 2545 900 2614 episcopum
919 2544 954 2598 ad
973 2561 1053 2598 suam
1071 2547 1263 2615 praesentiam,
1283 2552 1379 2600 eontra
1397 2546 1444 2599 ab·

196 2631 289 2686 batem
308 2639 402 2686 autem
420 2632 448 2687 S.
468 2631 616 2702 Grisogoni
635 2633 714 2686 iuxta
731 2632 894 2687 mandatum
913 2633 1097 2702 apostolicum
1115 2633 1166 2686 crit
1184 2632 1391 2702 procedendum

251 2736 382 2791 Mace:
406 2736 504 2791 Vetera
516 2739 590 2790 Mos.
603 2737 791 2792 straneas.
806 2739 828 2790 1.
846 2740 888 2789 74.
907 2737 1032 2792 Monam.
1051 2740 1144 2806 Hunc.
1157 2737 1300 2792 historica.
1320 2737 1444 2804 Diplom.

197 2821 252 2892 xl,
272 2827 332 2876 525.

250 2943 435 2998 CCLXXXV.
464 2947 613 3007 Laterani,
643 2949 681 3000 10,
705 2945 864 3000 Decembris
881 2949 959 2999 1233.
988 2945 1139 3014 Gregorius
1158 2945 1201 2998 IX
1233 2961 1307 3014 papa
1331 2951 1445 3015 accepta

198 3032 331 3086 relatione
349 3031 547 3102 archiepiscopi
566 3032 718 3098 Jadrensis,
739 3050 811 3102 quae
829 3032 996 3098 continebat,
1016 3031 1091 3101 quod
1110 3048 1173 3084 cum
1193 3030 1228 3084 ad
1246 3032 1444 3084 monasterium

199 3117 227 3172 S.
248 3117 397 3187 Grisogooi
416 3118 553 3173 adiunctis
573 3119 625 3172 sibi
645 3120 708 3172 viris
727 3121 890 3174 accessisset
907 3119 1070 3172 visitationis
1089 3135 1182 3183 causa,
1201 3119 1293 3187 ipsum
1306 3124 1444 3172 monaste-

196 3205 268 3258 rium
277 3205 411 3258 invenerit
421 3205 456 3258 ob
469 3207 601 3260 malitiam
619 3206 805 3260 habitantium
823 3207 1002 3276 spiritualiter
1020 3213 1047 3260 et
1065 3205 1252 3274 temporaliter
1271 3204 1444 3272 essecollap·

197 3308 274 3356 surn;
300 3308 366 3344 nam
388 3291 476 3346 abbas
502 3299 530 3346 et
554 3293 679 3348 nonnulli
704 3294 832 3348 monachi
859 3292 1027 3348 demoniacis
1055 3291 1184 3346 cedentes
1202 3291 1351 3346 insultibus
1370 3291 1444 3345 bona

197 3377 358 3432 monasterii
380 3379 567 3449 multipliciter
591 3379 753 3450 dilapidant,
777 3385 881 3434 statuta
899 3379 1036 3448 regularia
1054 3396 1110 3432 non
1129 3377 1285 3443 observant,
1311 3376 1443 3432 ducentes

198 3464 283 3518 vitam
301 3463 363 3518 Deo
376 3470 404 3518 et
415 3465 574 3518 hominibus
587 3465 787 3536 displicentem,
807 3465 992 3520 discurrentes
1006 3466 1082 3534 vagis
1096 3463 1215 3534 pedibus
1228 3480 1277 3533 per
1288 3464 1443 3534 lupanaria,

197 3550 325 3605 relaxant
343 3550 420 3605 frena
444 3552 600 3606 claustralis
625 3551 817 3606 observantiae
835 3553 864 3605 in
883 3569 993 3606 omnem
1016 3549 1145 3605 desiderii
1170 3552 1332 3615 hbertatem,
1358 3551 1396 3603 ita
1414 3557 1446 3604 ut

197 3637 334 3692 universis
361 3653 374 3690 s
400 3637 540 3707 religionis
566 3638 687 3692 cultibus
712 3637 844 3692 abiuratie
869 3637 904 3692 de
928 3637 1086 3692 Christiano
1110 3655 1220 3704 nomen,
1248 3636 1283 3692 de
1306 3637 1445 3692 monacho

198 3724 290 3777 solum
303 3723 429 3777 habitum
441 3724 544 3778 habere
557 3725 709 3778 videantur.
729 3725 968 3778 Excommuuicati
980 3723 1073 3778 divina
1086 3725 1224 3780 celebrare
1237 3741 1293 3778 non
1306 3731 1444 3779 verentur.

199 3809 318 3864 Mandat
344 3810 438 3879 itaque
462 3811 679 3880 archiepiscopo,
704 3819 735 3864 ut
754 3811 935 3880 personaliter
953 3809 988 3864 ad
1007 3811 1099 3865 locum
1124 3809 1244 3878 accedat,
1271 3812 1444 3881 corrigatque

198 3903 227 3950 et
244 3896 375 3951 reformet
393 3897 421 3950 in
440 3898 530 3968 capite
548 3905 576 3951 et
593 3898 621 3950 in
640 3897 780 3951 membris.

254 4000 390 4054 maer:
408 4002 484 4054 Mon.
502 3999 578 4056 δῖαν.
597 4002 696 4056 Merid.
717 4004 739 4056 Ι.
761 4007 802 4056 75.
823 4003 900 4056 Mon.
919 4003 1013 4071 Hunc.
1032 4001 1096 4056 aar.
1118 4002 1239 4070 Diplem.
1259 4004 1309 4069 XI,
1329 4005 1392 4054 528.

253 4139 457 4194 cccxxxvi
476 4143 625 4214 Laterani,
637 4147 679 4196 23.
699 4143 855 4197 Decembris
870 4146 944 4198 1233.
964 4140 1116 4210 Gregorius
1129 4145 1170 4195 IX
1184 4158 1257 4211 papa
1270 4139 1445 4196 commendat

199 4225 354 4280 Colomano
379 4227 476 4280 illustri
502 4229 560 4297 regi
584 4229 731 4282 Slavoniae
749 4228 861 4282 Violam
885 4227 997 4282 viduam
1022 4228 1161 4282 ducissam
1185 4228 1213 4280 in
1238 4227 1310 4297 Opal
1335 4243 1367 4282 ac
1386 4228 1445 4282 eius

200 4313 279 4376 lilios,
307 4313 422 4367 hortans
442 4329 515 4380 eum,
543 4320 574 4368 ut
591 4315 653 4368 illos
678 4323 736 4368 tam
754 4331 771 4368 a
789 4313 859 4368 duce
884 4331 969 4384 quam
993 4314 1029 4368 ab
1057 4313 1125 4379 aliis,
1153 4314 1201 4382 qui
1225 4330 1272 4366 eos
1297 4313 1445 4368 molestare

198 4399 445 4469 praesumpserint,
464 4399 604 4454 defendat.

252 4485 352 4553 Fejer:
372 4487 437 4542 (lod.
450 4487 528 4555 Dipl.
545 4489 573 4540 Τ.
586 4488 641 4541 ΙΙΙ.
654 4487 707 4542 ool.
720 4490 767 4556 11,
783 4503 813 4555 p.
826 4492 890 4544 373.
913 4487 1046 4542 Thriare:
1064 4489 1184 4542 Mosam.
1205 4485 1338 4542 Poloaiae
1352 4489 1384 4554 1,
1404 4489 1446 4540 25.

253 4623 467 4678 CCLXXXVII.
485 4629 519 4680 A
533 4631 609 4680 1233.
630 4626 791 4696 Capitulum
804 4628 1018 4698 Wesprimiense
1031 4627 1162 4692 notificat,
1176 4625 1251 4696 quod
1265 4626 1355 4679 banus
1369 4627 1444 4682 Ocuz

195 4718 300 4766 terram
319 4709 353 4764 de
372 4711 443 4765 vihis
462 4713 548 4783 Miley
566 4719 593 4768 et
611 4713 717 4782 Lengel
736 4713 888 4768 vendiderit
905 4713 1064 4767 hominibus
1083 4713 1117 4767 de
1136 4714 1203 4784 ipsis
1215 4713 1285 4766 villis
1304 4713 1444 4783 praelatis,

1324 4801 1343 4834 il·
