3544 5344
602 431 747 476 asemas.
1256 410 1298 476 19

51 613 66 636 ·
83 601 242 671 segniensem,
260 615 418 666 nonensem,
436 596 655 664 scardonensem,
674 597 880 670 traguriensem,
893 596 1105 666 corbaviensem,
1123 599 1295 667 tinniensem,

81 689 198 742 farensem
215 691 242 741 et
259 685 441 741 besanensem
464 685 653 756 episcopatum
677 684 744 740 item
767 685 897 740 ecelesias
915 701 936 739 s.
956 685 1047 758 Moysi
1069 690 1097 742 et
1120 701 1141 740 s
1161 685 1295 758 Stephani

51 764 66 790 ⁹
81 773 110 830 de
124 773 225 840 Salona,
249 789 313 828 cum
330 772 458 828 omnibus
483 771 660 842 pertinentiis.
678 770 768 826 Villae
787 771 869 827 etiam
887 769 1003 828 Srenine
1020 777 1048 828 et
1066 771 1155 828 (lethe
1173 779 1201 828 et
1218 789 1294 828 mon·

40 923 57 940 ,
81 869 126 915 ten
141 860 273 928 Orassum,
297 859 390 918 viliam
413 875 434 914 s.
454 857 566 929 Georgi
593 863 621 913 et
638 857 763 916 Ostrohe.
787 859 859 914 ltern
880 859 1023 914 ecclesiam
1041 876 1062 914 ι.
1081 859 1215 932 Stephani
1231 863 1296 914 ante

80 947 213 1018 Spalatum,
236 965 258 1002 s.
277 945 480 1002 Bartholomaei
503 945 539 1001 de
557 946 626 1013 lini,
651 945 744 1001 villam
762 946 860 1002 Ooriaa
877 951 905 1002 et
921 947 1034 1002 Levana
1051 951 1079 1001 et
1095 951 1186 1001 toturn
1202 945 1295 1016 regale

55 1068 67 1106 ,
78 1035 203 1106 praedium
214 1035 321 1106 Byacce
333 1039 361 1089 et
372 1039 461 1090 totum
472 1035 638 1090 territorium
650 1051 671 1088 s.
681 1033 790 1101 vitalis,
801 1033 876 1104 quod
889 1032 924 1088 ad
936 1033 1010 1088 idem
1022 1031 1165 1105 praedium
1177 1039 1292 1105 spectat,

78 1123 261 1178 nonobstante
280 1123 430 1194 privilegio,
453 1138 502 1193 per
525 1122 587 1177 falsi
611 1122 798 1192 sugestionem
820 1122 974 1194 Impetrato,
999 1119 1075 1192 quod
1098 1120 1174 1177 dedit
1191 1121 1296 1192 Tragu-

40 1211 60 1232 ”
80 1209 264 1280 adaquando
289 1209 403 1279 gerebat
423 1208 539 1264 ducalia
563 1207 635 1264 Item
659 1209 752 1264 omnia
774 1208 932 1264 molendina
954 1209 983 1264 in
1007 1207 1111 1264 Salona
1133 1208 1217 1264 fluvio
1241 1209 1297 1264 sint

40 1358 59 1382 t
80 1295 150 1350 libera
166 1296 200 1350 ab
217 1297 293 1352 omni
311 1297 454 1352 motione
472 1296 582 1364 tributi3
600 1301 628 1350 et
646 1311 741 1351 omnes
759 1297 894 1352 sextarios
912 1295 1023 1363 farinae,
1042 1296 1090 1366 qui
1108 1301 1214 1366 septem
1232 1313 1297 1351 ana-

79 1381 129 1435 liter
144 1383 313 1454 pertinebant
330 1383 365 1438 ad
386 1383 495 1450 benum,
517 1382 623 1438 confert
640 1382 676 1438 ed
694 1399 777 1438 nsum
795 1384 925 1439 ecclesiae
942 1381 1039 1454 spalat.
1064 1382 1135 1437 Item
1160 1383 1295 1438 Ziminam

38 1509 54 1536 2
80 1478 102 1521 et
117 1468 259 1537 Oetbinam,
281 1470 411 1526 Oievnem
430 1475 565 1526 ettotam
583 1471 733 1528 Musarum.
753 1501 786 1511 —-
804 1469 880 1526 Inter
897 1477 1041 1540 magnates
1060 1471 1221 1541 subscripti:
1244 1470 1296 1524 Oa·

78 1555 145 1609 ianm
167 1558 312 1629 episcopus
335 1557 514 1630 quinquenni,
533 1556 693 1614 (lethardus
711 1575 791 1629 sagn,
811 1558 969 1628 Stephanus
993 1557 1066 1612 filius
1085 1557 1141 1612 Mic
1159 1557 1247 1612 banus
1267 1561 1296 1611 ct

54 1667 66 1686 ι
79 1659 158 1698 comes
174 1643 359 1716 Sinegiensis,
378 1645 456 1700 Ohua
474 1660 567 1702 comes
584 1645 730 1702 Posonien

40 1803 56 1826 ,
123 1749 238 1805 Fortots':
255 1749 343 1821 illyr.
360 1766 431 1808 scer.
449 1752 512 1822 III,
531 1753 593 1806 237.

42 1955 56 1978 ,
123 1897 214 1954 LXVI.
237 1899 271 1954 A.
293 1902 371 1955 120⁷.
393 1897 519 1954 Andreas
537 1899 575 1954 Η.
594 1915 642 1955 rex
663 1899 739 1970 juret
762 1899 965 1970 spalatensibus
989 1916 1073 1972 super
1090 1904 1214 1954 sanctam
1231 1915 1291 1954 eru·

80 1997 130 2038 oen
146 1985 242 2040 umam
265 2003 366 2058 pacem
390 1991 418 2042 et
434 1986 600 2052 libertatem
625 1986 691 2056 regi,
716 1985 773 2041 filio
791 1986 851 2057 ejus
869 1993 918 2042 aut
941 1987 1146 2042 successoribus
1170 1987 1230 2058 ejus
1248 1987 1294 2040 tri·

34 2107 49 2134 ,
81 2071 167 2126 butarii
189 2091 240 2130 non
265 2074 331 2129 sint
359 2073 530 2146 Episcopum
548 2081 576 2130 et
598 2075 733 2140 comitem,
761 2090 844 2144 quem
870 2075 958 2129 clerus
983 2081 1011 2130 et
1028 2075 1150 2146 populus
1174 2074 1293 2144 elegerit,

81 2159 237 2216 confirmabit
259 2162 340 2231 Lege
363 2162 515 2232 antiquitus
538 2162 688 2217 constituta
710 2178 774 2216 eum
797 2177 892 2218 eorum
912 2161 1006 2233 judice
1024 2178 1072 2217 eos
1096 2162 1136 2215 uti
1155 2161 1295 2232 permittit,

50 2267 65 2288 ,
79 2253 173 2316 praeter
193 2266 274 2319 qnam
300 2249 427 2303 introitus
451 2253 547 2320 portus
572 2249 688 2304 civitatis
708 2247 744 2303 de
762 2249 899 2304 extraneis
916 2248 988 2304 duae
1009 2254 1102 2319 partes
1120 2265 1168 2304 rex
1185 2247 1294 2316 habeat,

78 2334 170 2388 tertiam
187 2352 247 2392 vero
266 2352 361 2392 comes
379 2337 503 2390 civitatis.
528 2336 561 2390 In
580 2337 688 2392 civitme
706 2353 802 2392 eorum
819 2337 957 2392 neminem
974 2337 1150 2406 Ungarorum
1167 2335 1211 2390 vel
1228 2335 1292 2390 alie·

79 2419 218 2490 bigenerum
240 2423 369 2480 habitare
386 2423 578 2494 permissurus,
602 2423 656 2477 nisi
674 2439 757 2493 quem
779 2424 907 2480 voluntas
925 2423 1028 2478 civium
1052 2423 1201 2494 expetierit
1221 2422 1293 2476 Oum

34 2553 52 2576 ,
78 2513 156 2562 autem
170 2509 203 2564 ad
220 2527 269 2568 eos
289 2510 464 2566 coronandus
482 2516 531 2565 aut
547 2511 625 2580 regni
642 2511 754 2580 negotia
772 2515 957 2581 pertracturus
976 2527 1039 2565 cum
1056 2509 1096 2564 eis
1113 2509 1224 2576 venerit,
1243 2527 1291 2564 ne-

78 2595 133 2648 mini
148 2597 241 2652 cisium
260 2597 305 2652 vis
323 2597 454 2652 inferetur
470 2597 617 2654 domorum
635 2613 756 2664 suarum,
771 2596 894 2668 judIosm
911 2603 989 2652 extm
1006 2597 1142 2652 civitatem
1160 2595 1294 2668 proficisci

76 2698 123 2735 non
143 2684 276 2741 enremet
304 2683 440 2741 Omnibus
464 2685 569 2740 civibus
593 2691 665 2740 terra
682 2685 806 2755 marique
824 2691 852 2739 et
868 2701 918 2756 par
934 2689 1024 2739 totum
1044 2701 1160 2754 regnum
1183 2683 1294 2754 negotia

76 2783 185 2826 exurere
201 2771 322 2827 liberum
339 2773 382 2839 stt,
406 2788 497 2842 neque
515 2789 550 2828 ex
567 2772 731 2828 commercio
748 2771 872 2827 debitum
893 2771 1005 2842 aliquod
1029 2788 1080 2826 nec
1096 2771 1154 2841 regi
1177 2787 1228 2826 nec
1245 2771 1294 2826 bo·

29 2859 47 2878 ¹·
75 2857 131 2910 nini
150 2859 222 2929 regio
241 2859 408 2931 persolvant
428 2857 546 2915 Obsides
564 2859 601 2913 ab
619 2859 658 2913 eis
669 2858 747 2914 nullo
764 2857 847 2914 modo
865 2858 984 2930 recipiet,
1003 2856 1052 2912 sed
1064 2858 1092 2912 in
1104 2859 1181 2912 curia
1192 2858 1293 2912 servire

75 2941 212 3000 volentibus
235 2944 365 3000 morandi
390 2949 418 3000 et
441 2944 599 3001 discedendi
623 2945 782 3002 facultatem
806 2945 954 3001 obtineant
973 2944 1067 3000 Ouivis
1092 2961 1108 3000 e
1132 2945 1241 2999 civitate
1265 2948 1293 2999 et

48 3023 57 3043 '
74 3045 224 3098 regnorum
242 3049 333 3088 uxore
351 3037 378 3086 et
395 3047 481 3103 regno
499 3033 633 3102 emigrare
652 3032 757 3088 licitum
774 3033 817 3088 sit
835 3033 940 3088 Datum
958 3049 1007 3104 per
1023 3048 1121 3088 manus
1140 3031 1293 3087 cancellarii

29 3153 51 3176 ι
76 3114 172 3172 lieberti
195 3120 347 3191 praepositi
371 3119 499 3175 albensis.
519 3119 708 3175 Existentibua
726 3121 797 3175 inter
817 3127 941 3176 caeteros
959 3119 1063 3176 Gaiano
1087 3119 1293 3191 quinqecooles,

75 3201 193 3262 Gottardo
211 3224 286 3277 sagr.
307 3207 452 3280 episcopis,
473 3207 606 3264 Ohedano
630 3208 687 3262 filio
705 3207 814 3264 Michae
833 3208 906 3263 bano
924 3212 951 3262 et
968 3207 1120 3275 aaguriensi
1138 3207 1244 3262 comite.

31 3305 51 3326 '
115 3309 286 3378 Katelieoid:
305 3314 379 3368 Juro
395 3313 509 3383 repail,
529 3315 570 3369 40.
587 3313 684 3382 Fejer:
705 3313 796 3368 (iodea
813 3313 882 3384 dipl.
901 3315 992 3384 Huop.
1007 3311 1035 3366 Τ.
1053 3313 1100 3380 ΙΙ.,
1115 3327 1144 3382 p.
1158 3314 1212 3364 118.
1230 3310 1291 3382 uip-

33 3459 47 3478 ,
73 3401 154 3451 ouum
169 3398 248 3454 dudo
266 3415 363 3456 aureo.
381 3399 465 3455 Le'der
481 3405 628 3470 pectorum
645 3400 713 3470 reip.
730 3405 813 3456 cene.

29 2395 57 2434 Φ

39 3615 57 3634 ..
113 3544 227 3603 LXVII.
248 3549 283 3604 A.
299 3551 380 3605 120⁷.
398 3547 524 3606 Androm
542 3549 579 3605 H.
597 3567 646 3605 rex
661 3551 737 3621 jurat
755 3565 839 3622 super
856 3566 878 3604 s.
896 3565 1005 3604 erucem
1018 3547 1166 3604 Almisanis
1184 3546 1292 3602 firmam

74 3645 153 3697 pacem
170 3642 197 3690 et
214 3635 380 3692 libertatem.
403 3637 438 3692 Ei
456 3643 505 3692 ant
528 3639 655 3694 filiosuo
679 3643 707 3693 et
729 3636 935 3693 successoribus
959 3651 1054 3691 eorum
1076 3635 1212 3690 tributarii
1235 3651 1291 3690 non

33 3751 46 3774 ι
73 3717 121 3773 tint
144 3721 316 3796 Episcopum
334 3729 362 3780 et
379 3725 513 3792 comitem,
537 3743 619 3797 quem
640 3725 729 3781 clerus
751 3731 778 3780 et
795 3724 916 3796 populus
934 3723 1053 3794 elegerit,
1075 3721 1247 3778 confirmabit
1264 3727 1292 3777 et

73 3803 121 3874 lege
136 3812 287 3882 antiquitus
305 3812 454 3868 constituta
472 3829 648 3868 cumeorum
662 3813 757 3884 judIce
775 3829 822 3868 eos
840 3812 881 3866 uti
899 3812 1043 3884 permittet
1068 3810 1102 3865 ln
1120 3810 1229 3865 civitate
1246 3826 1292 3864 eo·

29 3901 46 3928 ν
74 3906 122 3946 rum
142 3899 280 3953 nemiuem
297 3897 496 3968 Hungarorum
519 3907 569 3954 ant
586 3901 800 3970 alienigenarum
823 3899 947 3954 habitare
968 3899 1112 3971 permittet,
1137 3897 1190 3952 nisi
1208 3913 1291 3968 quem

73 3981 181 4038 voluntas
199 4003 298 4042 eorum
317 3987 466 4057 expetierit
485 3986 557 4042 Cum
575 3985 611 4041 ad
623 4002 671 4041 eos
689 3985 863 4042 coronandus
881 3991 930 4041 ant
947 4003 1010 4042 cum
1028 3985 1067 4040 eis
1086 3985 1196 4054 negotia
1213 3985 1291 4054 regni

32 4057 44 4082 ‘
72 4074 241 4134 pertracturus
260 4073 374 4140 venerit,
394 4073 496 4129 nemini
514 4073 615 4128 civium
632 4074 673 4128 vis
690 4073 821 4130 inferetur
838 4072 983 4129 domorum
1000 4088 1113 4127 suarum
1130 4072 1188 4138 nie;
1208 4087 1291 4142 quem

43 4152 112 4240 ¹,teli
127 4159 305 4231 susceperint
323 4158 450 4215 Judicem
466 4160 600 4216 intereos
621 4165 648 4214 et
669 4167 814 4216 extraneos
835 4178 852 4215 a
876 4177 906 4215 se
929 4160 1109 4216 constitutum
1131 4159 1159 4213 in
1183 4159 1291 4214 civitate

74 4238 279 4302 rememorari
303 4247 447 4317 permittet
470 4245 579 4317 Siquis
598 4263 693 4302 eorum
717 4263 766 4319 per
790 4247 850 4317 ejus
868 4264 984 4317 regnum
1007 4253 1080 4302 terra
1103 4246 1226 4316 marique
1244 4261 1290 4300 ne·

26 4349 47 4371 ⁹
74 4328 133 4391 acts
148 4332 308 4399 exercuerit,
336 4333 393 4402 regi
410 4339 459 4388 aut
477 4332 556 4388 alicui
575 4333 636 4404 ejus
653 4333 796 4390 bominum
814 4352 849 4390 ex
867 4335 977 4406 proprio
1002 4334 1164 4389 commercio
1182 4333 1290 4388 nullum

75 4417 191 4478 peaolret
208 4419 343 4474 debitum.
363 4419 480 4476 Obsides
498 4420 605 4476 abillis
623 4421 800 4477 nullomodo
818 4421 937 4492 recipiet,
956 4420 1004 4476 sed
1023 4421 1052 4476 in
1064 4421 1139 4476 curia
1157 4421 1216 4474 eius
1235 4435 1289 4474 ser·

28 4495 49 4520 '
76 4497 118 4554 vire
132 4505 286 4562 solentibus
309 4521 404 4576 rogam
427 4507 575 4578 impendet,
601 4513 629 4564 et
645 4507 771 4564 morandi
794 4509 851 4564 sive
874 4507 1033 4564 discedendi
1052 4507 1087 4562 ad
1112 4524 1193 4562 suum
1217 4506 1287 4562 velle

30 4653 47 4682 θ
74 4583 211 4650 sudarem
234 4593 373 4666 optiuebit
395 4595 525 4666 nullaque
543 4595 582 4650 eis
600 4613 683 4666 super
703 4595 756 4650 hoc
773 4597 899 4651 molestia
922 4596 1061 4650 inseratur.
1087 4593 1117 4650 Si
1135 4593 1288 4649 dominium

75 4675 131 4744 ¹²85!
146 4681 265 4753 atquem
283 4699 433 4754 aggravare
450 4681 594 4751 videbitur,
618 4689 697 4738 etex
715 4683 775 4755 ejus
793 4683 861 4738 urbe
879 4683 952 4738 exire
971 4683 1094 4749 voluerit,
1112 4697 1207 4736 secure
1225 4697 1288 4736 cum

1207 4771 1225 4809 a
