3544 5344
701 447 849 492 amnem.
1356 427 1396 494 15

153 609 263 678 Diculo,
285 627 306 664 s.
324 609 433 678 Jacobi,
452 626 473 666 s.
492 609 612 678 Martini,
637 628 658 665 s.
678 611 803 666 Michelis
828 611 863 666 de
880 613 987 667 Bramo
1006 613 1160 684 (Obrovac),
1183 632 1204 668 s.
1224 615 1337 686 Georgii
1361 615 1397 670 de

154 697 325 765 Cameniani,
350 715 371 752 s.
389 697 527 753 Johannis
545 698 580 753 de
598 699 703 768 Tilago,
729 715 765 752 ss.
785 698 904 755 Cosmae
923 707 950 755 et
967 701 1097 756 Damiani
1114 701 1150 756 de
1168 702 1277 769 Berbin,
1303 719 1324 756 s.
1345 703 1397 756 Mi-

153 785 257 840 chaelis
281 785 316 840 de
339 785 490 841 Pusimano
514 786 662 853 (Parmam),
688 803 708 840 s.
733 787 875 841 Laurentii
898 787 934 842 de
957 787 1110 855 Locorano,
1139 805 1202 843 com
1225 790 1397 860 pertinentiis

153 871 312 938 earundem,
337 871 457 926 insulam
475 873 580 938 Mauni,
605 879 706 927 terram
729 871 765 927 de
782 873 879 940 Berda,
904 879 1006 929 terram
1024 874 1059 930 de
1077 874 1226 931 Sihovarra
1250 881 1278 930 et
1295 879 1398 931 terram

153 957 190 1012 de
209 956 370 1030 Oeperlana

209 1046 355 1115 Mpiaole
378 1047 410 1100 ἐκ
431 1062 553 1117 percum.
580 1047 611 1102 ia
636 1046 749 1102 crebius
771 1048 901 1117 submit
918 1049 1073 1119 bocauna,
1096 1051 1398 1120 uro.11.,mossod.,

154 1149 231 1202 caps.
251 1136 273 1186 1.

207 1255 255 1309 LI.
274 1257 409 1320 iaderae,
434 1259 470 1310 11.
491 1258 639 1312 Februarii
662 1261 737 1313 1205.
756 1257 893 1328 Tempore
910 1259 985 1313 Petri
1008 1259 1086 1312 Ziani
1110 1259 1188 1313 ducis
1207 1259 1398 1326 venetiarum,

154 1343 295 1398 Leonmdi
315 1343 454 1415 jadrensis
472 1341 671 1416 archiepiscopi
689 1352 717 1399 et
733 1345 834 1399 Vitalie
852 1344 977 1400 Danduli
1000 1346 1117 1400 civitatis
1139 1345 1264 1400 eiusdem
1281 1347 1397 1412 comitis,

153 1430 318 1486 Msnsredus
342 1432 456 1486 clericus
481 1449 515 1486 ex
539 1431 690 1486 donatione
716 1431 829 1503 capituli
853 1431 992 1502 jadrensis
1017 1439 1044 1486 et
1068 1449 1184 1486 assensu
1210 1432 1398 1498 fundatorum,

153 1518 273 1588 suscipit
296 1519 439 1573 ecclesiam
462 1535 485 1578 s.
502 1519 640 1585 Damiani,
665 1535 736 1588 quae
760 1527 803 1573 est
825 1519 903 1574 iuxta
926 1519 1025 1586 sorum,
1050 1537 1102 1574 suo
1123 1519 1216 1575 studio
1240 1519 1399 1589 regendam.

154 1604 229 1660 Cum
248 1620 364 1660 assensu
382 1611 410 1660 et
427 1605 541 1661 consilio
560 1607 778 1676 subscriptorum
795 1607 917 1660 virorum
935 1607 1101 1676 permutavit
1119 1613 1217 1677 postea
1234 1606 1308 1660 idem
1320 1607 1400 1660 Man-

153 1690 250 1746 fredus
275 1708 338 1746 cum
357 1691 444 1748 Stena
468 1692 524 1746 tilia
544 1691 647 1758 Sekire,
672 1693 762 1746 vicina
785 1691 875 1746 dictae
896 1693 1027 1748 ecclesiae
1052 1693 1173 1764 quinque
1192 1709 1292 1764 passus
1310 1700 1400 1748 terrae

153 1777 281 1834 eiusdem
299 1779 421 1848 capellae
439 1795 502 1833 cum
519 1778 613 1834 decem
634 1779 762 1850 passibus
780 1787 869 1834 terrae
887 1780 1011 1835 eiusdem
1027 1780 1137 1835 Stenae.
1157 1779 1352 1835 Praesentibus
1373 1787 1401 1834 et

153 1865 370 1919 assentientibus
395 1866 504 1920 Marino
529 1883 550 1919 s.
569 1867 682 1933 Mariae,
708 1866 834 1920 Prodicio
856 1884 877 1920 s.
897 1866 1040 1936 Stephani,
1064 1867 1194 1922 Johanne
1213 1883 1234 1920 s.
1254 1866 1398 1921 Michaelis

154 1950 283 2022 plebanis
308 1957 335 2004 et
358 1951 435 2005 Luca
458 1952 493 2006 de
512 1953 640 2022 Augusto
664 1970 696 2006 ac
718 1953 872 2022 Crisogono
898 1953 1073 2024 presbyteris.
1099 1954 1228 2024 Scripsit:
1248 1953 1349 2008 Vitalir
1377 1969 1399 2005 a.

153 2037 232 2093 Petri
249 2039 348 2092 vetans
367 2037 502 2109 plebanus
521 2047 549 2094 et
563 2039 702 2110 jadrensis
720 2040 853 2095 notarius.

212 2125 289 2194 Oria.
308 2126 340 2180 ia
357 2143 418 2180 mea
436 2132 496 2181 aut.
518 2127 578 2181 coll.

210 2246 273 2300 LII.
297 2248 439 2317 venetiis,
464 2253 488 2303 3.
513 2247 622 2316 Aprilis
643 2251 721 2304 1205.
745 2248 843 2302 Petrus
870 2248 946 2302 Ziani
970 2246 1028 2302 dux
1046 2245 1228 2302 Venetiarum
1252 2246 1396 2315 significat,

154 2332 232 2403 quod
258 2335 398 2388 venientes
422 2335 451 2388 in
474 2336 657 2404 praesentiam
675 2335 735 2404 ejus
753 2334 886 2388 haeredes
910 2333 1052 2403 quondam
1069 2333 1169 2388 nobilis
1187 2333 1299 2402 Rogerii
1319 2332 1398 2386 Mau·

155 2421 250 2475 roceni
275 2422 419 2490 conquesti
443 2421 499 2475 sint
522 2437 605 2492 super
628 2421 750 2476 nobilem
771 2421 910 2476 Joannem
934 2420 1105 2475 Sisindolum
1129 2421 1258 2474 comitem
1282 2419 1350 2472 Arbi
1373 2425 1401 2472 et

155 2507 284 2562 eiusdem
308 2508 540 2574 communitatem,
566 2507 743 2562 ostendentes
767 2525 854 2562 unum
878 2507 1051 2578 privilegium
1075 2508 1218 2561 continens
1239 2507 1267 2560 in
1286 2504 1401 2560 seudum

155 2596 197 2649 eis
216 2609 380 2649 conoessum
398 2599 518 2647 castrum
538 2593 653 2648 Ohissae
671 2610 735 2648 cum
752 2594 930 2664 pertinentiis,
950 2593 1025 2663 quod
1045 2594 1176 2648 violenter
1191 2594 1353 2646 molestatur
1366 2591 1401 2645 ab

156 2679 340 2735 Arbensibus.
358 2679 440 2735 Unde
459 2679 614 2750 praedictus
634 2696 726 2735 comes
745 2681 868 2734 arbensis
887 2697 937 2750 pro
956 2679 1079 2750 predicta
1097 2679 1293 2734 communitate
1311 2683 1402 2732 osten·

157 2767 200 2820 dit
221 2767 365 2834 rationem,
390 2766 516 2821 videlicet
543 2767 686 2837 privilegia
713 2767 835 2836 antiqua,
857 2783 929 2836 quae
953 2767 1026 2821 sacta
1049 2767 1162 2820 suerunt
1188 2771 1313 2836 tempore
1338 2764 1402 2817 Ore·

157 2855 245 2908 simiri
263 2855 336 2924 regis
355 2853 490 2908 Orcadas.
510 2855 619 2921 Quibus
640 2853 741 2908 auditis
760 2853 902 2924 privilegia
920 2852 1047 2907 arbensis
1065 2851 1243 2918 confirmavit,
1263 2852 1317 2905 alia
1335 2868 1400 2904 vero

156 2940 323 3012 repudiavit.

212 3028 332 3083 Lucius:
354 3027 396 3083 De
413 3043 496 3098 repno
515 3027 607 3082 Dalm.
626 3033 652 3081 et
673 3026 766 3082 Oroct.
785 3027 845 3080 Lib.
864 3029 883 3080 I
887 3027 924 3094 V,
943 3041 1003 3094 cop.
1026 3027 1103 3079 VHI.

212 3165 290 3220 LHI.
315 3168 419 3234 Arbae,
443 3168 543 3222 maras
565 3167 662 3221 Medii
679 3170 754 3220 1205.
778 3165 923 3221 Prodanus
948 3165 1072 3219 arbensis
1096 3165 1252 3234 episcopus,
1276 3161 1401 3216 Joannes

158 3253 300 3309 Sisinulus
319 3253 371 3308 loci
388 3259 478 3308 rector
502 3270 564 3307 curn
583 3253 640 3306 suis
656 3251 797 3322 judicibus
816 3253 920 3306 Duimo
939 3258 966 3305 et
984 3251 1112 3322 Philippo
1131 3257 1158 3304 et
1176 3248 1316 3304 nobilibus
1339 3247 1403 3301 civi-

158 3341 225 3394 tatis
254 3339 349 3396 Medio
373 3341 476 3406 Tiane,
504 3339 601 3408 Sergio
626 3339 726 3392 Garine
754 3346 781 3393 et
810 3338 918 3392 Marino
946 3337 1077 3406 Dimigne
1103 3337 1189 3390 Blasii
1216 3353 1248 3389 ac
1274 3335 1403 3389 universa

157 3428 358 3480 communitate
376 3426 494 3492 arbensi,
513 3426 643 3480 'Petrinus
661 3426 707 3479 Fr.
726 3425 933 3495 templariorum
951 3425 1139 3492 segniensium
1161 3423 1326 3487 dominator,
1345 3419 1403 3473 Ori·

159 3515 239 3568 sosia
261 3515 414 3582 segniensis
433 3515 561 3578 setnicus,
580 3513 691 3566 Laisnie
709 3513 801 3566 curiae
818 3512 974 3576 dvornieus,
993 3509 1098 3564 Briiani
1109 3509 1270 3578 Vertiglavi,
1291 3508 1403 3577 Moyses

30 3653 46 3674 ..
155 3599 255 3670 juder,
281 3599 394 3655 Sribren
420 3599 562 3665 Cumaviz,
583 3599 677 3653 Cresia
702 3599 774 3652 tilius
800 3599 941 3663 Rastinne,
960 3595 1118 3650 Radoslaus
1136 3596 1249 3662 Prestia,
1275 3592 1405 3648 etmulti

159 3687 215 3754 alii,
234 3687 282 3756 qui
295 3687 398 3756 negotii
411 3687 494 3757 hujus
513 3703 627 3741 cansam
645 3685 815 3740 mactandam
828 3685 933 3738 mbam
951 3689 1092 3749 venerunt,
1111 3682 1236 3737 iecerunt
1253 3679 1403 3750 quamdam

159 3773 359 3830 recordationis
378 3780 406 3828 et
417 3774 620 3828 constitutionis
638 3779 749 3838 cartam,
769 3774 863 3842 (quam
875 3771 1013 3838 Farlatus,
1033 3769 1069 3824 ad
1081 3769 1225 3824 historiam
1238 3766 1404 3822 eeclesiasti-

159 3877 223 3915 cam
240 3879 296 3915 non
316 3861 505 3931 pertinentem,
525 3878 581 3915 non
599 3860 779 3932 reproduxit).

215 3949 343 4002 Farlats':
362 3948 441 4017 Illyr.
460 3963 530 4003 socr.
553 3947 581 4001 T.
605 3947 644 4017 V,
660 3964 688 4016 p.
710 3951 770 4000 239,

213 4086 289 4141 LIV.
308 4091 331 4139 1.
345 4088 457 4155 aequati
471 4091 545 4142 1205.
565 4086 689 4140 Andreas
702 4085 740 4139 Π.
759 4103 808 4140 rex
820 4085 984 4155 Hungariae
997 4083 1124 4138 Oroatiae
1143 4087 1192 4136 etc.
1212 4080 1247 4136 ad
1266 4080 1405 4150 supplica·

159 4174 266 4228 tionem
284 4173 384 4228 civium
402 4173 567 4228 nonensium
585 4172 713 4242 designat
731 4179 758 4226 et
775 4171 920 4226 confirmat
937 4176 1024 4225 metas
1043 4167 1194 4224 eorundem
1213 4167 1329 4221 civitatis
1348 4181 1405 4220 una

159 4278 225 4314 cum
244 4260 395 4314 eorundem
413 4261 533 4329 antiquis
551 4259 723 4314 libertatibus
743 4266 770 4313 et
787 4257 1038 4313 consuetudinibus.
1058 4256 1095 4309 Et
1108 4254 1228 4324 quidem,
1247 4252 1322 4323 quod
1342 4267 1406 4322 pos·

161 4349 217 4402 sint
234 4349 263 4402 in
283 4355 447 4416 perpetuum
471 4348 546 4400 omni
569 4352 694 4416 tempore
717 4345 816 4414 eligere
839 4345 968 4399 comitem
986 4343 1039 4396 sibi
1057 4341 1241 4410 undecunque
1260 4339 1404 4403 voluerint,

161 4435 210 4502 qui
228 4449 321 4490 comes
341 4440 368 4487 et
385 4451 441 4488 non
459 4434 528 4487 alter
545 4432 629 4486 habet
645 4437 809 4502 potestatem
824 4429 967 4501 judicandi
986 4444 1042 4483 eos.
1061 4428 1132 4482 Item
1145 4426 1220 4496 quod
1232 4426 1326 4480 nudus
1338 4423 1405 4488 dux,

161 4519 253 4574 banus
264 4520 309 4574 vel
327 4519 476 4574 vicsbanus
494 4520 570 4589 ipsos
586 4520 658 4576 cives
677 4519 765 4588 possit
784 4517 819 4572 ad
838 4533 920 4571 suum
937 4514 1069 4570 iudicium
1087 4530 1193 4580 vocare,
1212 4529 1304 4583 neque
1323 4511 1407 4566 audet

162 4608 276 4677 aliquod
301 4607 442 4662 servitium
466 4607 509 4662 vel
533 4607 691 4662 exactiones
715 4620 895 4674 quascunque
919 4621 936 4657 a
959 4601 1065 4658 civibus
1091 4606 1192 4672 petere,
1219 4600 1273 4653 nisi
1298 4603 1406 4652 tantum

163 4697 249 4751 semel
268 4713 318 4766 pro
337 4711 418 4760 anno,
437 4695 460 4747 si
479 4711 543 4748 eum
561 4692 703 4764 pervenire
721 4691 865 4760 contigerit
882 4691 910 4743 in
929 4689 1066 4744 civitatem
1079 4687 1178 4741 Nonae
1195 4703 1246 4758 pro
1262 4685 1344 4755 regiis
1359 4689 1408 4738 aut
