3480 5356
774 347 919 391 anessae.
1403 323 1468 392 289

225 513 310 567 sacris
338 512 488 582 evangeliis
515 512 632 568 invicem
657 511 771 584 obligati
799 512 835 568 ad
862 511 1055 584 exequendum
1081 512 1244 569 mandatum
1269 514 1374 570 domini
1398 515 1471 586 regm’s

224 604 251 654 et
270 599 349 655 ducis
367 600 451 655 Belas
481 605 675 670 processerunt
697 601 725 654 in
751 602 866 671 negotio
895 599 942 655 ubi
969 601 1041 655 inter
1068 605 1177 656 caetera
1204 607 1305 656 terram
1332 601 1470 658 Dominici

224 685 273 740 filii
293 687 377 742 Mour
396 691 424 742 et
442 687 558 742 fratrum
576 687 611 742 dc
630 688 742 758 propria
759 688 942 743 haereditaria
968 691 1041 742 terra
1071 689 1147 758 Keay
1175 705 1224 758 per
1251 693 1407 744 castrenses
1433 687 1469 744 do

223 773 301 844 Keny
320 774 442 830 indebite
460 781 625 846 occupatam
645 776 817 844 invenerunt,
837 773 932 845 eisque
951 775 1138 830 restituerunt.

281 879 403 936 Weaacl:
425 879 578 950 0111111111.
598 880 705 948 Arporl.
729 880 809 936 VIII.
825 897 854 949 p.
875 883 937 933 208.

257 1017 421 1074 CMLXIX.
438 1019 557 1076 Jsdrae.
577 1024 653 1076 1269.
673 1024 710 1073 11.
728 1019 1468 1091 1111111.111111111111111111111111ῑά111

223 1103 412 1174 venetiarum,
430 1107 555 1176 magistri
573 1107 715 1162 Laurentii
734 1107 937 1178 archiepiscopi
958 1105 1112 1175 ledrensis,
1131 1108 1292 1164 Thomasini
1316 1109 1468 1165 Justiniani

221 1193 330 1246 comitis
360 1193 460 1250 Helias
478 1194 594 1250 Rubeus
614 1193 687 1248 111111
706 1193 848 1264 quondam
868 1193 964 1262 Stanci
982 1194 1122 1249 habitator
1139 1194 1243 1250 Jadrne
1256 1213 1320 1250 oum
1333 1196 1468 1252 11111111-

220 1278 335 1334 retibus
357 1280 424 1336 iacit
448 1279 559 1350 plenam
585 1281 760 1336 securitatem
786 1280 899 1336 Grubse
925 1280 961 1336 ‹le
988 1281 1084 1336 Ritesa
1111 1281 1259 1338 habitatori
1286 1282 1407 1338 Jaderse
1434 1283 1468 1338 de

223 1366 320 1422 solidis
348 1368 518 1422 venetiarum
547 1369 652 1438 grossis
677 1367 782 1433 decem,
807 1385 878 1438 quos
904 1369 1036 1440 persolvit
1055 1386 1105 1440 pro
1124 1370 1262 1440 praesenti
1287 1386 1361 1424 anno
1379 1371 1407 1424 in
1426 1388 1468 1426 ra·

221 1455 326 1508 tionem
345 1453 432 1509 debiti
457 1455 610 1510 solidorum
629 1456 816 1511 veneticorum
833 1457 939 1526 grossis
957 1455 1149 1526 quadraginta.
1169 1457 1266 1510 Testes
1282 1456 1394 1512 Marcus
1410 1459 1465 1528 ple·

222 1547 312 1597 banus
336 1543 367 1600 S.
386 1543 492 1597 Mariae
511 1543 633 1614 majoris,
656 1543 808 1613 Gregorius
829 1542 1007 1612 Scestngissli
1032 1549 1060 1598 et
1084 1544 1141 1598 alii.
1167 1543 1315 1614 Ciprianns
1339 1544 1374 1600 de
1399 1549 1467 1598 Oen·

221 1647 322 1684 cauato
350 1632 523 1686 examinator
551 1647 665 1684 manum
692 1630 775 1698 misit,
793 1629 960 1684 Vincentius
987 1631 1016 1686 S.
1045 1631 1135 1686 Maria
1158 1631 1272 1701 majoris
1296 1632 1412 1687 clericus
1439 1638 1467 1686 et

219 1715 338 1772 Jadreae
357 1719 482 1773 notamus
501 1717 618 1788 scripsit.

275 1820 349 1892 Orip.
371 1821 479 1876 membr.
497 1823 528 1876 ia
547 1823 613 1876 meis
631 1821 813 1877 miscellaneis
832 1821 1016 1910 Dalorctr'nis.

275 1961 422 2016 CMLXX.
450 1966 527 2018 1269.
554 1967 594 2014 17.
620 1963 766 2018 Janaan'i.
787 1962 948 2034 Capitulum
973 1963 1105 2018 ecclesiae
1128 1962 1316 2034 zagrsbiensia
1335 1964 1466 2032 notificat,

221 2049 296 2119 quod
323 2050 481 2105 constitutis
509 2065 603 2104 coram
632 2065 665 2104 eo
693 2049 788 2104 Obech
815 2050 924 2116 comite,
941 2049 998 2104 filio
1023 2049 1157 2104 Pochuna
1180 2050 1289 2105 comitis
1308 2051 1345 2104 ab
1363 2067 1420 2104 una
1438 2057 1466 2105 et

220 2135 362 2205 Stephano
383 2141 411 2190 et
428 2135 535 2190 Puchiu
565 2136 628 2190 111111
654 2136 768 2190 Mortun
789 2135 989 2207 jobagionibus
1013 2139 1096 2192 castri
1122 2136 1156 2192 de
1176 2137 1295 2192 Worosd
1320 2137 1356 2192 ab
1380 2138 1467 2193 altera

220 2229 306 2294 parte,
324 2224 444 2278 asseruit
462 2240 555 2280 comes
574 2223 661 2290 Oheh,
680 2222 754 2292 quod
774 2222 902 2278 habuerit
921 2224 1065 2278 materiam
1086 2224 1240 2294 questionis
1262 2229 1359 2279 contra
1376 2223 1466 2278 dictos

225 2310 296 2364 filios
315 2311 428 2365 Martini
446 2327 530 2382 super
549 2317 621 2366 terra
639 2311 763 2380 ipsorum
788 2309 863 2380 apud
889 2309 1024 2365 Sanctum
1044 2311 1201 2381 Grorgium,
1227 2309 1275 2366 sed
1300 2310 1466 2366 renuntiavit

222 2397 298 2452 omni
315 2397 357 2452 liti
375 2397 534 2469 relinquens
553 2403 654 2454 terram
672 2397 754 2452 dictis
769 2396 977 2467 jobagionibus.

274 2504 338 2559 cod.
356 2503 425 2572 dipl.
441 2503 553 2572 patrias
570 2502 618 2558 VI.
635 2519 664 2570 p.
684 2505 740 2555 155.
759 2503 808 2556 Ex
826 2501 938 2556 archivo
957 2503 1086 2558 comitum
1105 2503 1265 2559 Droilrooa'c'.

275 2643 439 2699 OMLXXI.
463 2643 636 2714 Zagrcbiae.
664 2647 742 2696 12⁶9.
771 2646 813 2697 17.
839 2643 987 2698 Janaarii.
1019 2644 1087 2698 Belo
1111 2643 1156 2699 dei
1182 2645 1272 2714 gratia
1296 2645 1354 2699 dux
1377 2647 1463 2700 totius

221 2730 378 2797 8111111111,
397 2731 553 2786 Dalmatiae
574 2735 602 2784 et
620 2729 748 2784 Oroatiae
767 2734 864 2786 notum
887 2730 960 2798 iacit,
981 2730 1056 2800 quod
1075 2748 1138 2785 cum
1158 2731 1254 2785 relicta
1271 2731 1400 2788 Pribislai
1419 2749 1464 2788 co·

219 2819 294 2874 mitis
312 2818 424 2875 nomine
442 2819 552 2885 Lilium,
565 2817 758 2872 assistentibus
776 2817 884 2887 generis
904 2818 961 2872 ruis
980 2817 1082 2886 Egidio
1095 2819 1152 2872 filio
1167 2817 1290 2884 31111111,
1303 2819 1463 2874 Alexandro

221 2906 276 2960 lilio
305 2905 421 2961 (iremae
442 2905 477 2960 de
498 2919 599 2975 genere
625 2903 755 2975 Tyboldi,
773 2909 801 2958 et
819 2905 888 2960 Ivsu
916 2904 973 2959 filio
1002 2903 1160 2959 Salamonis
1188 2905 1318 2958 traxisset
1340 2905 1369 2958 in
1397 2922 1463 2975 que·

219 2994 337 3048 stionem
363 2992 517 3062 capitulum
539 2991 727 3061 Zagrabiense
749 2990 908 3062 impetendo
933 3008 981 3046 eos
1006 3007 1090 3061 super
1114 2998 1234 3060 quatuor
1258 2991 1344 3046 villis:
1370 2993 1463 3048 Ossna

219 3079 363 3150 superiori,
383 3079 513 3148 Blagusa,
534 3095 607 3134 novo
620 3077 733 3149 praedio
753 3084 781 3132 et
798 3078 889 3132 insula
901 3095 964 3132 cum
978 3083 1060 3148 portu
1073 3078 1101 3131 in
1114 3078 1198 3132 Zara.
1211 3077 1336 3132 Tandem
1350 3084 1463 3150 propter

220 3165 324 3221 bonnm
351 3167 428 3237 pacis
457 3167 520 3220 talis
549 3166 638 3221 forma
664 3165 875 3235 compositionis
899 3165 970 3220 inter
993 3171 1085 3234 partes
1112 3165 1195 3230 11111,
1215 3163 1289 3235 quod
1308 3165 1461 3236 capitulum

219 3271 269 3324 pro
288 3270 321 3310 eo
341 3253 416 3324 quod
435 3254 627 3325 progenitores
644 3253 756 3308 relictae
775 3251 902 3306 Pribislai
921 3252 1053 3308 111111111
1071 3251 1189 3306 fideliter
1208 3251 1368 3306 serviverint
1386 3257 1414 3306 et
1426 3250 1462 3306 ab

219 3340 316 3396 eadem
335 3341 451 3396 ecclesia
473 3342 584 3396 enutriti
609 3339 712 3394 luerint
729 3344 757 3394 et
776 3339 895 3406 educati,
920 3341 1062 3392 solverunt
1086 3337 1177 3393 eidem
1201 3338 1311 3393 relictas
1334 3338 1462 3393 Pribislai

219 3427 467 3496 trigintaquinque
485 3443 593 3481 marcas
611 3432 639 3481 et
657 3427 714 3482 suis
727 3428 836 3496 generis
850 3427 1000 3496 uuicuique
1012 3425 1109 3479 decem
1127 3431 1155 3479 11
1173 3432 1236 3480 octo
1254 3426 1461 3480 1111111111-

218 3519 298 3570 erunt
317 3513 439 3567 Mathias
457 3513 530 3567 filius
550 3513 647 3582 Boset,
666 3531 753 3584 nepos
770 3513 906 3580 Kinciani,
926 3512 999 3566 filius
1020 3512 1093 3566 filiae
1112 3529 1180 3567 suae
1199 3513 1460 3582 1111111111ιηί-

219 3599 279 3654 liter
298 3599 395 3654 habuit
413 3599 509 3669 viginti
528 3616 636 3654 marcas
655 3617 689 3654 ex
708 3605 786 3670 parte
805 3600 919 3670 capituli
938 3599 1045 3654 ratione
1067 3604 1181 3668 quartae
1200 3599 1385 3668 contingentis
1403 3615 1460 3653 ms-

218 3691 287 3741 trem
306 3703 386 3740 suam
404 3687 491 3740 liliam
510 3687 647 3742 Kinciani.

273 3791 575 3846 1111111111.
599 3791 628 3845 n.
649 3792 671 3844 r.
688 3807 717 3860 p.
736 3795 793 3846 11.

271 3930 424 3985 MLXXII.
444 3934 575 3984 121114.
594 3931 750 3986 Februarii.
771 3930 932 4001 Capitulum
950 3929 1082 3985 ecclesiae
1101 3927 1296 3997 Zagrabiensis
1314 3927 1459 3998 significat,

218 4017 293 4089 quod
312 4034 375 4072 oum
394 4023 471 4088 pater
489 4016 650 4071 Timotheus
670 4017 820 4088 episcopus
839 4017 957 4086 Zagrsb.
977 4017 1085 4071 nobiles
1102 4016 1175 4069 viros
1194 4015 1355 4071 Farcasium
1371 4015 1459 4069 lilium

217 4105 392 4172 Tholomerii‚
411 4104 584 4174 Stephanum
602 4103 690 4158 filium
708 4105 792 4160 Belus
810 4109 838 4158 et
857 4105 988 4160 Oozmam
1008 4103 1095 4158 filium
1112 4102 1239 4157 Pridislai
1252 4100 1287 4156 de
1300 4102 1459 4157 Kamarcha

222 4193 490 4247 excommunicasset
509 4207 558 4260 pro
577 4208 618 4258 eo,
638 4191 712 4262 quod
732 4191 853 4246 decimas
873 4208 938 4246 suas
957 4193 985 4245 iu
1005 4191 1096 4262 specie
1114 4191 1221 4245 solvere
1231 4189 1404 4245 recusabant.
1423 4191 1459 4243 Et

215 4278 289 4334 idem
308 4279 415 4333 nobiles
438 4277 616 4348 postmodum
642 4278 807 4348 Zagrabism
831 4278 992 4334 accedentes
1017 4278 1047 4332 in
1072 4278 1144 4332 loco*
1160 4276 1274 4348 capituli
1299 4277 1346 4334 ab.
1360 4275 1458 4332 eodem

215 4365 348 4436 episcopo
367 4381 469 4418 munus
488 4363 669 4419 absolutionis
690 4371 820 4436 peterent.
839 4365 964 4420 Tandem
991 4365 1063 4419 idem
1087 4365 1236 4436 episcopus
1255 4379 1349 4418 eorum
1369 4369 1397 4418 et
1409 4377 1458 4418 'ca-

216 4452 296 4522 pituli
319 4451 445 4522 precibus
469 4451 625 4518 inclinatus,
645 4469 692 4507 eos
710 4453 747 4506 ab
765 4453 1051 4508 excommunicatione
1074 4451 1195 4506 absolvit
1213 4456 1240 4505 et
1259 4450 1323 4505 dicti
1349 4451 1457 4506 nobiles

215 4543 427 4609 assumpserunt
444 4539 529 4592 sacris
552 4539 640 4606 tactis,
662 4537 737 4608 quod
757 4539 780 4592 si
798 4539 930 4608 magister
953 4540 1052 4594 Petrus
1079 4539 1255 4608 praepositus
1279 4537 1457 4592 Ohssmensis

216 4635 245 4686 et
262 4625 467 4690 concanonicus
492 4641 575 4696 snper
599 4625 653 4681 hoc
677 4625 752 4696 quod
777 4625 899 4682 decimas
917 4627 945 4680 in
965 4627 1057 4698 specie
1081 4625 1187 4681 solvere
1210 4628 1357 4684 teneamur
1380 4641 1458 4696 prae·
