3488 5380
348 321 414 394 tlt
850 349 871 390 1.
892 334 1090 410 mauvis,

350 527 408 570 non
425 509 560 576 modicos,
577 509 689 568 labores
707 515 737 568 et
752 509 856 568 damna
872 527 963 584 usque
980 511 1018 568 ad
1035 511 1251 570 exinanitum
1269 515 1409 570 ext'emae
1421 512 1532 570 virtub's
1550 529 1597 570 su·

352 599 472 655 bierunt
489 599 591 671 Iteque
607 614 657 656 rex
674 598 748 656 bano
764 597 820 656 illis
839 599 1059 672 praerogativum
1077 597 1212 667 concedit,
1236 603 1269 656 ut
1292 615 1344 656 nec
1366 615 1416 671 per
1439 617 1477 668 se,
1502 616 1599 672 perso·

350 687 448 743 naliter
465 686 502 742 sd
521 687 681 758 exeuntum,
699 701 783 757 quem
804 686 898 758 ipsum
914 690 964 742 aut
981 685 1070 742 lilium
1093 701 1176 742 sunm
1198 685 1295 742 Belem
1312 685 1413 744 ducem
1430 688 1519 744 totins
1537 687 1598 746 Sla-

349 773 449 830 voniae
467 777 495 830 et
513 773 642 830 Orosllu
658 772 750 830 faeere
775 772 930 844 contigerit,
954 773 993 830 ire
1017 772 1185 840 nullutonns,
1210 788 1262 830 noo
1279 773 1386 845 aliquid
1405 777 1520 846 propter
1543 775 1598 832 boc

350 859 504 931 impensiori
522 863 677 916 teneantur.
695 858 863 927 Acollectis,
883 859 967 927 tellis,
986 859 1179 918 exactionibus
1192 861 1249 917 sint
1259 860 1347 932 liberi,
1359 862 1399 916 its
1409 866 1504 917 temen
1522 860 1599 931 quod

350 947 416 1005 duci
433 947 518 1003 Belue
536 947 590 1002 XL
608 961 716 1002 marcas
734 947 762 1001 in
781 947 877 1003 uenali
892 951 1004 1004 moneta
1029 947 1109 1004 cuins
1132 947 1269 1005 ducentes
1292 963 1397 1020 pensae
1419 948 1542 1004 valorem
1563 947 1601 1004 40

350 1049 508 1091 marcarum
525 1035 691 1104 ocntiugvmt
707 1035 735 1088 in
755 1032 799 1089 dle
818 1039 974 1090 strensrum
992 1035 1099 1090 solvere
1117 1039 1271 1091 teneantur.
1284 1033 1466 1092 Oonditiones
1478 1038 1507 1091 et
1517 1033 1599 1092 libes·

351 1125 423 1178 tetes
447 1122 589 1193 hospitum
614 1121 668 1193 ipsi
695 1121 768 1178 inter
793 1137 825 1177 se
848 1120 973 1178 lecerunt
994 1127 1023 1176 et
1045 1137 1094 1177 rex
1118 1121 1284 1193 approbavit
1307 1117 1451 1178 videlicet:
1472 1120 1599 1191 Quodsi

351 1207 435 1264 iidem
462 1209 538 1266 cives
555 1209 583 1263 in
601 1207 728 1264 distrimu
754 1207 928 1279 Hnugarise,
951 1207 1117 1276 Dalmatiae,
1141 1208 1278 1277 Oroatlee,
1304 1207 1461 1278 Slcvoniee,
1485 1208 1599 1280 spoliati

351 1293 455 1352 meunt
473 1295 517 1352 vel
535 1295 619 1352 occisi
647 1311 697 1367 per
721 1294 843 1351 latrones
868 1299 896 1350 et
919 1293 1120 1363 mercenses,
1143 1292 1274 1351 dominus
1299 1299 1388 1352 terras
1412 1295 1441 1350 iu
1464 1311 1522 1366 qus
1544 1293 1599 1352 boc

350 1381 482 1439 aoelderit
500 1381 646 1440 aestimata
663 1381 819 1454 quantitate
837 1382 981 1452 pecuniae,
999 1382 1078 1437 iuxta
1102 1380 1247 1438 arbitrium
1270 1381 1409 1439 bonorum
1431 1383 1554 1440 virorum
1571 1388 1600 1438 et

351 1475 555 1526 secramentnm
573 1469 675 1525 civium
693 1468 730 1526 ad
748 1468 802 1526 boc
820 1467 979 1538 electorum,
997 1469 1042 1524 vol
1059 1468 1156 1526 ablate
1169 1468 1307 1538 refundat,
1326 1470 1370 1526 vel
1387 1469 1597 1526 malefactorem

352 1556 498 1615 ostendere
527 1561 664 1624 tenestem,
690 1562 740 1613 ant
766 1555 907 1612 homicidii
934 1571 1053 1628 poenam
1081 1555 1180 1626 solvat,
1204 1557 1283 1613 iuxta
1305 1556 1425 1614 ducatus
1449 1555 1599 1614 Slavoulae

351 1641 581 1702 consvetndinem
602 1643 795 1716 approbatum.
814 1643 887 1700 Item
904 1642 1008 1699 tribute
1028 1645 1100 1702 inter
1123 1643 1231 1714 regales
1253 1645 1386 1700 terminos
1409 1644 1517 1701 solvere
1541 1659 1598 1702 nou

278 1803 284 1812 ὑ
352 1735 507 1788 teneantur.
525 1729 599 1786 Item
617 1746 669 1802 pro
686 1731 837 1804 vituperiis,
856 1729 1013 1802 opprobriis
1031 1737 1059 1788 et
1075 1731 1261 1800 contumeliis,
1278 1731 1399 1802 quilibet
1413 1732 1503 1788 victus
1520 1731 1598 1787 laeso

353 1818 450 1876 decem
467 1833 578 1890 pensae,
596 1833 654 1874 non
673 1817 764 1873 minus
782 1833 921 1890 expensus
939 1824 1051 1875 centum
1068 1817 1246 1874 denariorum
1259 1819 1358 1876 solvet
1376 1817 1407 1875 Si
1420 1823 1485 1890 post
1496 1818 1598 1874 ninam

351 1906 550 1963 correctionem
568 1921 598 1962 se
617 1920 674 1960 uon
692 1903 886 1974 emendaverit,
905 1904 989 1962 rebus
1007 1905 1138 1964 omuibus
1155 1905 1184 1962 in
1203 1899 1351 1962 commune
1369 1903 1517 1978 applicatis
1529 1909 1598 1962 tem·

352 2009 438 2064 quem
456 1991 575 2060 infamis,
593 1990 629 2046 de
656 1990 766 2047 civitate
786 1992 904 2064 turpiter
928 1993 1089 2064 expelletur.
1113 1991 1145 2050 Si
1169 1993 1232 2064 quis
1254 1993 1345 2074 elteri·
1357 1991 1469 2064 alapam
1491 1990 1599 2048 dederit

352 2079 396 2136 vel
414 2095 464 2150 por
482 2078 572 2135 crines
589 2077 728 2134 malitiose
745 2079 865 2148 truerit,
885 2080 1003 2136 eandem
1021 2096 1140 2152 poenam
1158 2080 1288 2152 patiatur.
1306 2079 1338 2137 sl
1355 2079 1425 2136 baec
1440 2077 1536 2150 judice
1554 2093 1598 2134 se·

351 2165 434 2226 dente
453 2182 504 2238 pro
522 2163 656 2222 tribunsffl
673 2165 718 2222 vel
736 2165 904 2237 ubicumque
922 2167 951 2222 ln
969 2167 1030 2223 eius
1051 2171 1213 2238 conspectu,
1237 2166 1310 2224 idem
1336 2169 1495 2239 perpetrare
1518 2180 1598 2238 pree·

353 2257 484 2322 sumeret,
501 2267 594 2324 poena
611 2251 691 2326 dupli
716 2252 861 2324 plectetur.
890 2251 922 2310 Si
948 2253 1001 2310 boc
1028 2253 1057 2308 in
1085 2269 1206 2325 persons
1231 2254 1331 2311 iudicis
1358 2254 1401 2310 vel
1427 2253 1599 2325 cuiseunqne

352 2341 503 2397 essmsorir
522 2340 567 2396 sui
585 2339 660 2396 idem
678 2339 860 2407 attentaverit,
884 2337 981 2396 decem
1005 2355 1114 2397 marcas
1140 2341 1248 2397 usualis
1274 2343 1403 2398 monehe
1429 2357 1481 2413 pro
1507 2355 1599 2414 poena

353 2427 450 2486 solvet
468 2426 500 2484 Si
518 2426 626 2482 solvere
644 2441 700 2482 nou
718 2425 826 2498 polerit,
838 2441 953 2481 manum
970 2427 1088 2483 amittet
1106 2426 1137 2484 Si
1155 2427 1219 2499 quis
1236 2427 1357 2496 cultello,
1375 2425 1478 2498 gladio,
1490 2427 1598 2500 lanea,

353 2519 404 2571 sut
420 2514 517 2585 sagitt,
536 2519 586 2570 sut
603 2513 699 2586 aliquo
717 2511 766 2568 tali
783 2511 868 2569 modo
888 2513 975 2568 alium
993 2513 1178 2572 vulneraverit
1194 2519 1223 2570 et
1240 2513 1314 2570 idem
1339 2515 1399 2571 siue
1421 2513 1532 2574 delectu
1556 2529 1599 2570 re·

353 2605 468 2660 mustus
485 2601 577 2667 fuerit,
595 2600 704 2658 medico
721 2601 790 2656 laesi
809 2600 963 2658 satisfaciet
989 2605 1017 2656 et
1042 2601 1118 2658 laeso
1143 2599 1239 2658 decem
1262 2617 1379 2670 marces,
1402 2605 1430 2656 et
1453 2600 1490 2657 ad
1514 2616 1599 2658 usum

355 2690 476 2748 civitetb
492 2689 565 2746 dues
589 2705 696 2746 marcas
721 2687 868 2759 persolvat
896 2687 927 2742 Si
953 2689 1017 2758 quis
1043 2689 1184 2746 hominem
1209 2688 1376 2756 interfecerit
1401 2691 1430 2745 et
1451 2687 1600 2760 aufugerit,

355 2777 429 2835 (luae
447 2781 541 2850 partes
558 2792 651 2832 rerum
674 2791 787 2832 suerum
811 2771 912 2830 cedent
934 2775 1097 2846 perentibus
1121 2776 1212 2844 occisi,
1237 2791 1302 2848 pers
1326 2775 1408 2832 tertis
1430 2773 1544 2832 civitati
1568 2774 1600 2832 Si

356 2869 457 2938 ceptus
475 2863 566 2932 fuerit,
589 2861 992 2919 secundumconsuetudinem
1015 2862 1052 2920 de
1073 2863 1136 2934 lpse
1158 2861 1279 2919 undicta
1302 2867 1435 2932 sumetur,
1459 2862 1514 2918 uisi
1537 2861 1600 2934 quls

356 2953 385 3010 in
403 2952 479 3020 ludo,
498 2951 558 3007 sine
576 2947 777 3022 praemeditare
794 2949 901 3006 malitis
930 2950 1053 3021 aliquem
1079 2949 1250 3007 interfecerit.
1278 2949 1312 3005 1n
1330 2949 1384 3007 boc
1401 2965 1469 3006 essu
1487 2953 1601 3006 centum

357 3055 460 3114 penses
477 3027 612 3110 cognatis}
631 3036 729 3108 viginti
747 3053 811 3094 vero
829 3036 866 3094 ad
884 3052 1046 3094 communes
1068 3053 1137 3092 neus
1152 3037 1341 3093 refundantur.
1366 3035 1398 3094 Si
1420 3035 1600 3093 facultatibus

356 3143 413 3183 non
431 3125 578 3194 suffecerit,
595 3123 698 3182 civium
715 3124 828 3181 arbitrio
841 3125 1003 3196 resignetur.
1022 3123 1094 3180 Item
1113 3125 1136 3180 ei
1154 3125 1219 3194 quis
1235 3123 1272 3180 de
1290 3124 1429 3181 extraneis
1446 3124 1553 3180 intrans
1570 3123 1600 3178 in

357 3214 498 3272 civitem
515 3213 573 3268 sive
591 3211 620 3268 in
638 3213 708 3279 vico,
729 3211 787 3268 sive
804 3209 944 3278 iudomo,
969 3212 1027 3267 sive
1049 3211 1079 3266 in
1103 3211 1172 3279 soro,
1197 3211 1298 3268 similia
1321 3211 1527 3284 perpetraverit
1550 3224 1600 3281 per

356 3299 479 3358 iudicem
505 3299 624 3356 civitstis
645 3297 790 3368 indicetur,
808 3301 837 3353 et
854 3297 959 3353 eisdem
983 3298 1081 3369 poenis
1104 3296 1246 3354 subiaceat
1269 3301 1298 3354 et
1318 3295 1484 3370 dependeat
1508 3295 1540 3353 Sl
1565 3311 1600 3352 ex

356 3388 455 3446 incelis
471 3387 590 3444 civim
603 3385 703 3456 aliquia
721 3386 779 3442 sive
792 3423 799 3442 .
811 3426 818 3442 .
831 3424 838 3440 .
855 3425 862 3440 .
881 3383 1008 3442 delectus
1025 3383 1115 3452 inerit
1134 3400 1184 3456 per
1196 3381 1315 3441 iudicem
1327 3383 1446 3442 civitatis
1458 3383 1601 3456 punietur.

357 3473 429 3532 Item
454 3474 478 3528 si
501 3472 567 3544 quis
595 3477 744 3528 extanens
766 3471 888 3542 eliqncm
911 3469 1078 3527 decivitate
1102 3469 1131 3526 iu
1154 3486 1240 3526 ceusu
1264 3470 1432 3542 pecuniaria
1456 3469 1501 3526 vel
1522 3468 1601 3526 illan

358 3561 459 3617 iniurie
476 3559 596 3616 voluerit
612 3560 768 3628 conversim,
794 3575 890 3615 coram
915 3555 1006 3614 iudice
1032 3557 1083 3613 civ.
1110 3557 1265 3625 conveniat,
1293 3561 1321 3614 et
1347 3557 1427 3612 nulla
1451 3571 1538 3612 censa
1563 3553 1601 3610 sd
1728 3613 1729 3624 χ

357 3647 484 3706 duellum
507 3645 654 3715 iudicetur,
676 3644 725 3702 sed
744 3661 794 3716 per
811 3649 897 3702 testes
914 3648 943 3704 et
957 3645 1147 3715 iuramentum
1171 3643 1340 3700 terminetur.
1364 3643 1430 3700 Sive
1452 3645 1601 3700 mireum

358 3734 481 3791 inveniat
499 3732 576 3805 apud
594 3733 701 3790 incolas
719 3733 776 3788 sive
795 3733 885 3788 incole
902 3730 979 3804 apud
998 3735 1144 3788 exbaneos
1163 3747 1275 3802 equum,
1298 3729 1407 3799 bovem,
1426 3734 1475 3785 aut
1488 3727 1601 3800 -eliqnas

357 3837 402 3879 res
420 3819 545 3890 lbrtivas‚
564 3836 675 3892 semper
692 3823 777 3876 testes
797 3817 994 3890 producentur.
1013 3817 1086 3874 ltem
1103 3817 1178 3874 cives
1196 3815 1231 3872 de
1248 3817 1367 3888 cipitate
1380 3815 1601 3888 veljobegioues

357 3908 393 3968 de
412 3908 484 3964 villis
502 3908 539 3963 ad
556 3907 648 3980 lpsem
666 3905 867 3978 pertinentibus
891 3922 978 3979 prope
996 3906 1136 3962 civimtm
1153 3903 1257 3960 nullius
1275 3903 1379 3961 indicio
1396 3903 1508 3960 adstare
1526 3907 1601 3960 tene-
1727 3915 1728 3928 ¹

358 4001 449 4053 antur.
468 3995 500 4054 Sl
517 3994 602 4052 ludex
620 3999 769 4066 susspectus
787 3991 942 4061 habebitur,
960 3992 1120 4049 convocetis
1144 3990 1275 4049 omnibns
1298 3990 1451 4048 melotibus
1474 3989 1603 4057 civitatis,

357 4085 421 4157 ipso
440 4083 530 4140 iudice
549 4087 694 4154 praesente
711 4081 855 4153 nogotium
879 4079 1030 4138 decidatur.
1048 4079 1080 4135 Si
1097 4085 1174 4136 ector
1197 4077 1234 4134 ad
1258 4093 1352 4148 regem
1375 4077 1501 4134 citaverit
1524 4075 1602 4134 solus

359 4170 445 4228 iudex
462 4170 499 4227 ad
516 4186 611 4242 regem
628 4169 669 4227 ire
687 4173 821 4226 teumtnr.
839 4168 870 4224 Si
889 4167 999 4238 uliquis,
1016 4167 1090 4222 cives
1108 4181 1165 4222 nou
1183 4165 1334 4236 requirens,
1353 4163 1390 4220 ad
1407 4176 1502 4235 regm
1514 4163 1605 4232 iverit,
1726 4191 1727 4196 κ

358 4257 498 4316 tenebitur
523 4256 609 4314 indici
632 4255 772 4313 citatorias
800 4269 937 4327 expensus
959 4253 1114 4322 refundere,
1138 4253 1206 4324 quis
1228 4257 1388 4323 contempto
1410 4250 1498 4322 regali
1520 4250 1603 4322 privi·
1726 4321 1727 4330 ἵ

359 4347 433 4416 legio
451 4344 571 4401 iudicem
589 4344 777 4415 irrequisitum
789 4341 915 4413 letigevit
932 4339 1075 4396 laboribus
1087 4346 1115 4397 et
1126 4341 1265 4412 expemis.
1278 4339 1361 4396 (lives
1372 4337 1477 4394 habeut
1487 4335 1604 4393 liberam

359 4431 482 4504 digeudi
500 4431 661 4488 facultatem
678 4429 806 4498 iudicem,
825 4427 1060 4501 praesentandum
1084 4428 1153 4498 regi,
1171 4432 1199 4483 et
1216 4425 1342 4482 mnmndi
1369 4441 1433 4482 enm
1458 4423 1603 4480 aunuabm

359 4536 411 4592 pro
428 4535 498 4576 suae
515 4519 629 4576 arbitrio
646 4518 806 4574 voluntstis.
824 4516 1023 4584 Calumniator,
1042 4515 1132 4570 falsus
1155 4513 1234 4570 testis
1252 4519 1305 4571 ete.
1322 4529 1378 4572 nen
1391 4517 1485 4586 petest
1496 4511 1563 4583 eligi
1574 4512 1603 4567 in

356 4605 480 4668 iadicem
490 4607 535 4665 vel
545 4619 715 4664 umerorum
726 4609 776 4662 aut
786 4603 982 4663 consiliarium.
999 4603 1031 4662 sl
1041 4603 1106 4676 quis
1118 4601 1178 4660 eins
1189 4600 1309 4661 bassede
1320 4600 1471 4662 lmsmt
1481 4599 1599 4659 liberem
