<?xml version="1.0" encoding="UTF-8"?>
<!DOCTYPE html PUBLIC "-//W3C//DTD XHTML 1.0 Transitional//EN"
    "http://www.w3.org/TR/xhtml1/DTD/xhtml1-transitional.dtd">
<html xmlns="http://www.w3.org/1999/xhtml" xml:lang="en" lang="en">
 <head>
  <title>
</title>
<meta http-equiv="Content-Type" content="text/html;charset=utf-8" />
  <meta name='ocr-system' content='tesseract 3.04.00' />
  <meta name='ocr-capabilities' content='ocr_page ocr_carea ocr_par ocr_line ocrx_word'/>
</head>
<body>
  <div class='ocr_page' id='page_1' title='image "./regestadocument00sakcgoog_0350.png"; bbox 0 0 3480 5356; ppageno 0'>
   <div class='ocr_carea' id='block_1_1' title="bbox 318 401 1055 485">
    <p class='ocr_par' dir='ltr' id='par_1_1' title="bbox 318 401 1055 485">
     <span class='ocr_line' id='line_1_1' title="bbox 318 401 1055 485; baseline -0.001 -17"><span class='ocrx_word' id='word_1_1' title='bbox 318 401 382 468; x_wconf 84' lang='lat'><strong>346</strong></span> <span class='ocrx_word' id='word_1_2' title='bbox 816 425 836 466; x_wconf 94' lang='lat'><strong>1.</strong></span> <span class='ocrx_word' id='word_1_3' title='bbox 857 411 1055 485; x_wconf 59' lang='lat' dir='ltr'><strong>sormunt</strong></span> 
     </span>
    </p>
   </div>
   <div class='ocr_carea' id='block_1_2' title="bbox 193 577 1559 659">
    <p class='ocr_par' dir='ltr' id='par_1_2' title="bbox 193 577 1559 659">
     <span class='ocr_line' id='line_1_2' title="bbox 193 577 1559 659; baseline -0.003 -10"><span class='ocrx_word' id='word_1_4' title='bbox 193 577 196 584; x_wconf 48' lang='lat'><strong>⁴</strong></span> <span class='ocrx_word' id='word_1_5' title='bbox 318 591 467 650; x_wconf 76' lang='lat' dir='ltr'><strong>Shvoniae</strong></span> <span class='ocrx_word' id='word_1_6' title='bbox 485 589 610 646; x_wconf 72' lang='lat' dir='ltr'><strong>societati</strong></span> <span class='ocrx_word' id='word_1_7' title='bbox 628 593 724 645; x_wconf 88' lang='lat' dir='ltr'><strong>contra</strong></span> <span class='ocrx_word' id='word_1_8' title='bbox 741 588 880 644; x_wconf 86' lang='lat' dir='ltr'><strong>civitatem</strong></span> <span class='ocrx_word' id='word_1_9' title='bbox 898 588 1111 659; x_wconf 83' lang='lat' dir='ltr'><strong>Traguriensem</strong></span> <span class='ocrx_word' id='word_1_10' title='bbox 1125 587 1332 658; x_wconf 88' lang='lat' dir='ltr'><strong>processissent,</strong></span> <span class='ocrx_word' id='word_1_11' title='bbox 1351 593 1380 644; x_wconf 91' lang='lat' dir='ltr'><strong>et</strong></span> <span class='ocrx_word' id='word_1_12' title='bbox 1396 605 1452 645; x_wconf 89' lang='lat' dir='ltr'><strong>uon</strong></span> <span class='ocrx_word' id='word_1_13' title='bbox 1467 587 1559 645; x_wconf 89' lang='lat' dir='ltr'><strong>solum</strong></span> 
     </span>
    </p>
   </div>
   <div class='ocr_carea' id='block_1_3' title="bbox 318 674 1559 837">
    <p class='ocr_par' dir='ltr' id='par_1_3' title="bbox 318 674 1559 837">
     <span class='ocr_line' id='line_1_3' title="bbox 318 674 1558 747; baseline -0.001 -13"><span class='ocrx_word' id='word_1_14' title='bbox 318 679 402 746; x_wconf 89' lang='lat' dir='ltr'><strong>hona,</strong></span> <span class='ocrx_word' id='word_1_15' title='bbox 420 675 469 734; x_wconf 89' lang='lat' dir='ltr'><strong>sed</strong></span> <span class='ocrx_word' id='word_1_16' title='bbox 487 677 571 733; x_wconf 89' lang='lat' dir='ltr'><strong>etiam</strong></span> <span class='ocrx_word' id='word_1_17' title='bbox 589 676 729 732; x_wconf 81' lang='lat' dir='ltr'><strong>civitatem</strong></span> <span class='ocrx_word' id='word_1_18' title='bbox 747 674 888 732; x_wconf 88' lang='lat' dir='ltr'><strong>destruere</strong></span> <span class='ocrx_word' id='word_1_19' title='bbox 912 679 1068 742; x_wconf 83' lang='lat' dir='ltr'><strong>conserent,</strong></span> <span class='ocrx_word' id='word_1_20' title='bbox 1087 675 1141 730; x_wconf 84' lang='lat' dir='ltr'><strong>uisi</strong></span> <span class='ocrx_word' id='word_1_21' title='bbox 1163 675 1251 746; x_wconf 87' lang='lat' dir='ltr'><strong>ipsius</strong></span> <span class='ocrx_word' id='word_1_22' title='bbox 1271 675 1391 732; x_wconf 81' lang='lat' dir='ltr'><strong>civitatis</strong></span> <span class='ocrx_word' id='word_1_23' title='bbox 1409 676 1493 747; x_wconf 89' lang='lat' dir='ltr'><strong>episc.</strong></span> <span class='ocrx_word' id='word_1_24' title='bbox 1511 693 1558 733; x_wconf 86' lang='lat' dir='ltr'><strong>es·</strong></span> 
     </span>
     <span class='ocr_line' id='line_1_4' title="bbox 318 761 1559 837; baseline -0.001 -17"><span class='ocrx_word' id='word_1_25' title='bbox 318 765 438 837; x_wconf 88' lang='lat' dir='ltr'><strong>pituium</strong></span> <span class='ocrx_word' id='word_1_26' title='bbox 456 769 484 820; x_wconf 90' lang='lat' dir='ltr'><strong>et</strong></span> <span class='ocrx_word' id='word_1_27' title='bbox 501 765 574 820; x_wconf 83' lang='lat' dir='ltr'><strong>cives</strong></span> <span class='ocrx_word' id='word_1_28' title='bbox 592 763 792 835; x_wconf 77' lang='lat' dir='ltr'><strong>promitterent,</strong></span> <span class='ocrx_word' id='word_1_29' title='bbox 809 762 885 834; x_wconf 90' lang='lat' dir='ltr'><strong>quod</strong></span> <span class='ocrx_word' id='word_1_30' title='bbox 904 762 1045 834; x_wconf 81' lang='lat' dir='ltr'><strong>praedicta</strong></span> <span class='ocrx_word' id='word_1_31' title='bbox 1062 764 1246 820; x_wconf 86' lang='lat' dir='ltr'><strong>communitas</strong></span> <span class='ocrx_word' id='word_1_32' title='bbox 1264 761 1468 834; x_wconf 82' lang='lat' dir='ltr'><strong>Sybeniceusis,</strong></span> <span class='ocrx_word' id='word_1_33' title='bbox 1486 778 1559 834; x_wconf 80' lang='lat' dir='ltr'><strong>quae</strong></span> 
     </span>
    </p>
   </div>
   <div class='ocr_carea' id='block_1_4' title="bbox 221 848 1558 924">
    <p class='ocr_par' dir='ltr' id='par_1_4' title="bbox 221 848 1558 924">
     <span class='ocr_line' id='line_1_5' title="bbox 221 848 1558 924; baseline -0.002 -16"><span class='ocrx_word' id='word_1_34' title='bbox 221 858 223 868; x_wconf 90' lang='lat'>&#39;</span> <span class='ocrx_word' id='word_1_35' title='bbox 317 869 334 908; x_wconf 87' lang='lat' dir='ltr'><strong>a</strong></span> <span class='ocrx_word' id='word_1_36' title='bbox 352 857 483 924; x_wconf 85' lang='lat' dir='ltr'><strong>tempora,</strong></span> <span class='ocrx_word' id='word_1_37' title='bbox 501 851 581 908; x_wconf 88' lang='lat' dir='ltr'><strong>ouius</strong></span> <span class='ocrx_word' id='word_1_38' title='bbox 593 868 650 907; x_wconf 92' lang='lat' dir='ltr'><strong>non</strong></span> <span class='ocrx_word' id='word_1_39' title='bbox 662 849 756 906; x_wconf 76' lang='lat' dir='ltr'><strong>existit</strong></span> <span class='ocrx_word' id='word_1_40' title='bbox 770 849 912 922; x_wconf 83' lang='lat' dir='ltr'><strong>memoria,</strong></span> <span class='ocrx_word' id='word_1_41' title='bbox 931 849 984 906; x_wconf 85' lang='lat' dir='ltr'><strong>init</strong></span> <span class='ocrx_word' id='word_1_42' title='bbox 1001 848 1037 906; x_wconf 91' lang='lat' dir='ltr'><strong>de</strong></span> <span class='ocrx_word' id='word_1_43' title='bbox 1055 849 1176 908; x_wconf 87' lang='lat' dir='ltr'><strong>dioecesi</strong></span> <span class='ocrx_word' id='word_1_44' title='bbox 1187 850 1259 907; x_wconf 87' lang='lat' dir='ltr'><strong>civit</strong></span> <span class='ocrx_word' id='word_1_45' title='bbox 1271 849 1387 922; x_wconf 83' lang='lat' dir='ltr'><strong>Tragur.</strong></span> <span class='ocrx_word' id='word_1_46' title='bbox 1399 851 1558 921; x_wconf 84' lang='lat' dir='ltr'><strong>(exempta),</strong></span> 
     </span>
    </p>
   </div>
   <div class='ocr_carea' id='block_1_5' title="bbox 316 935 1560 2230">
    <p class='ocr_par' dir='ltr' id='par_1_5' title="bbox 316 935 1560 2230">
     <span class='ocr_line' id='line_1_6' title="bbox 317 935 1559 1013; baseline -0.003 -17"><span class='ocrx_word' id='word_1_47' title='bbox 317 941 401 1013; x_wconf 85' lang='lat' dir='ltr'><strong>episc.</strong></span> <span class='ocrx_word' id='word_1_48' title='bbox 419 939 533 996; x_wconf 84' lang='lat' dir='ltr'><strong>haberet</strong></span> <span class='ocrx_word' id='word_1_49' title='bbox 554 938 697 1010; x_wconf 88' lang='lat' dir='ltr'><strong>proprium</strong></span> <span class='ocrx_word' id='word_1_50' title='bbox 715 943 743 993; x_wconf 89' lang='lat' dir='ltr'><strong>et</strong></span> <span class='ocrx_word' id='word_1_51' title='bbox 761 943 901 1009; x_wconf 89' lang='lat' dir='ltr'><strong>pastorem</strong></span> <span class='ocrx_word' id='word_1_52' title='bbox 917 937 946 994; x_wconf 93' lang='lat' dir='ltr'><strong>iu</strong></span> <span class='ocrx_word' id='word_1_53' title='bbox 965 937 1093 994; x_wconf 81' lang='lat' dir='ltr'><strong>Sihauico</strong></span> <span class='ocrx_word' id='word_1_54' title='bbox 1117 936 1291 994; x_wconf 87' lang='lat' dir='ltr'><strong>residentem.</strong></span> <span class='ocrx_word' id='word_1_55' title='bbox 1315 937 1352 992; x_wconf 79' lang='lat' dir='ltr'><strong>iit</strong></span> <span class='ocrx_word' id='word_1_56' title='bbox 1374 936 1429 992; x_wconf 93' lang='lat' dir='ltr'><strong>uisi</strong></span> <span class='ocrx_word' id='word_1_57' title='bbox 1452 935 1559 1009; x_wconf 81' lang='lat' dir='ltr'><strong>Spaist.</strong></span> 
     </span>
     <span class='ocr_line' id='line_1_7' title="bbox 316 1023 1558 1098; baseline -0.002 -15"><span class='ocrx_word' id='word_1_58' title='bbox 316 1027 493 1082; x_wconf 71' lang='lat' dir='ltr'><strong>restituerent</strong></span> <span class='ocrx_word' id='word_1_59' title='bbox 510 1025 647 1097; x_wconf 87' lang='lat' dir='ltr'><strong>quasdam</strong></span> <span class='ocrx_word' id='word_1_60' title='bbox 672 1029 760 1080; x_wconf 84' lang='lat' dir='ltr'><strong>terras</strong></span> <span class='ocrx_word' id='word_1_61' title='bbox 781 1041 832 1098; x_wconf 91' lang='lat' dir='ltr'><strong>per</strong></span> <span class='ocrx_word' id='word_1_62' title='bbox 849 1024 1023 1096; x_wconf 85' lang='lat' dir='ltr'><strong>privilegium</strong></span> <span class='ocrx_word' id='word_1_63' title='bbox 1046 1025 1130 1080; x_wconf 81' lang='lat' dir='ltr'><strong>Belus</strong></span> <span class='ocrx_word' id='word_1_64' title='bbox 1153 1025 1334 1081; x_wconf 81' lang='lat' dir='ltr'><strong>c&#39;ommnntati</strong></span> <span class='ocrx_word' id='word_1_65' title='bbox 1358 1023 1474 1093; x_wconf 74' lang='lat' dir='ltr'><strong>uagos.</strong></span> <span class='ocrx_word' id='word_1_66' title='bbox 1492 1039 1558 1080; x_wconf 87' lang='lat' dir='ltr'><strong>con·</strong></span> 
     </span>
     <span class='ocr_line' id='line_1_8' title="bbox 316 1111 1558 1186; baseline -0.004 -15"><span class='ocrx_word' id='word_1_67' title='bbox 316 1131 410 1171; x_wconf 89' lang='lat' dir='ltr'><strong>cessas</strong></span> <span class='ocrx_word' id='word_1_68' title='bbox 434 1120 462 1170; x_wconf 89' lang='lat' dir='ltr'><strong>et</strong></span> <span class='ocrx_word' id='word_1_69' title='bbox 485 1129 535 1186; x_wconf 83' lang='lat' dir='ltr'><strong>per</strong></span> <span class='ocrx_word' id='word_1_70' title='bbox 552 1112 725 1184; x_wconf 77' lang='lat' dir='ltr'><strong>Stephanum</strong></span> <span class='ocrx_word' id='word_1_71' title='bbox 743 1129 837 1184; x_wconf 86' lang='lat' dir='ltr'><strong>regem</strong></span> <span class='ocrx_word' id='word_1_72' title='bbox 854 1112 1039 1178; x_wconf 83' lang='lat' dir='ltr'><strong>confirmatas,</strong></span> <span class='ocrx_word' id='word_1_73' title='bbox 1058 1116 1142 1182; x_wconf 89' lang='lat' dir='ltr'><strong>prout</strong></span> <span class='ocrx_word' id='word_1_74' title='bbox 1159 1128 1193 1167; x_wconf 88' lang='lat' dir='ltr'><strong>ex</strong></span> <span class='ocrx_word' id='word_1_75' title='bbox 1211 1112 1280 1184; x_wconf 93' lang='lat' dir='ltr'><strong>ipsis</strong></span> <span class='ocrx_word' id='word_1_76' title='bbox 1292 1111 1443 1183; x_wconf 82' lang='lat' dir='ltr'><strong>privilegiis</strong></span> <span class='ocrx_word' id='word_1_77' title='bbox 1454 1111 1558 1167; x_wconf 88' lang='lat' dir='ltr'><strong>abano</strong></span> 
     </span>
     <span class='ocr_line' id='line_1_9' title="bbox 317 1197 1560 1272; baseline -0.002 -15"><span class='ocrx_word' id='word_1_78' title='bbox 317 1199 538 1258; x_wconf 79' lang='lat' dir='ltr'><strong>visissvidenter</strong></span> <span class='ocrx_word' id='word_1_79' title='bbox 556 1205 678 1272; x_wconf 83' lang='lat' dir='ltr'><strong>apparot.</strong></span> <span class='ocrx_word' id='word_1_80' title='bbox 706 1199 909 1258; x_wconf 85' lang='lat' dir='ltr'><strong>Prohibitioncs</strong></span> <span class='ocrx_word' id='word_1_81' title='bbox 934 1203 970 1255; x_wconf 75' lang='lat' dir='ltr'><strong>etv</strong></span> <span class='ocrx_word' id='word_1_82' title='bbox 985 1197 1116 1260; x_wconf 82' lang='lat' dir='ltr'><strong>mandata</strong></span> <span class='ocrx_word' id='word_1_83' title='bbox 1139 1199 1205 1254; x_wconf 88' lang='lat' dir='ltr'><strong>bani</strong></span> <span class='ocrx_word' id='word_1_84' title='bbox 1229 1215 1264 1255; x_wconf 88' lang='lat' dir='ltr'><strong>ex</strong></span> <span class='ocrx_word' id='word_1_85' title='bbox 1286 1199 1363 1270; x_wconf 87' lang='lat' dir='ltr'><strong>regia</strong></span> <span class='ocrx_word' id='word_1_86' title='bbox 1383 1205 1462 1270; x_wconf 81' lang='lat' dir='ltr'><strong>parte</strong></span> <span class='ocrx_word' id='word_1_87' title='bbox 1485 1197 1560 1254; x_wconf 80' lang='lat' dir='ltr'><strong>iacta</strong></span> 
     </span>
     <span class='ocr_line' id='line_1_10' title="bbox 317 1285 1557 1358; baseline -0.002 -14"><span class='ocrx_word' id='word_1_88' title='bbox 317 1288 430 1344; x_wconf 69' lang='lat' dir='ltr'><strong>modern</strong></span> <span class='ocrx_word' id='word_1_89' title='bbox 447 1287 708 1344; x_wconf 85' lang='lat' dir='ltr'><strong>commumunitstes</strong></span> <span class='ocrx_word' id='word_1_90' title='bbox 730 1285 940 1358; x_wconf 78' lang='lat' dir='ltr'><strong>vilipenderant</strong></span> <span class='ocrx_word' id='word_1_91' title='bbox 960 1285 1109 1356; x_wconf 78' lang='lat' dir='ltr'><strong>Quumque</strong></span> <span class='ocrx_word' id='word_1_92' title='bbox 1136 1285 1226 1342; x_wconf 88' lang='lat' dir='ltr'><strong>hauns</strong></span> <span class='ocrx_word' id='word_1_93' title='bbox 1249 1285 1355 1342; x_wconf 84' lang='lat' dir='ltr'><strong>videret</strong></span> <span class='ocrx_word' id='word_1_94' title='bbox 1371 1287 1462 1358; x_wconf 86' lang='lat' dir='ltr'><strong>ipsam</strong></span> <span class='ocrx_word' id='word_1_95' title='bbox 1485 1287 1557 1342; x_wconf 78' lang='lat' dir='ltr'><strong>civit.</strong></span> 
     </span>
     <span class='ocr_line' id='line_1_11' title="bbox 317 1371 1558 1446; baseline -0.002 -15"><span class='ocrx_word' id='word_1_96' title='bbox 317 1377 452 1446; x_wconf 86' lang='lat' dir='ltr'><strong>(Trsgnr.)</strong></span> <span class='ocrx_word' id='word_1_97' title='bbox 471 1391 532 1431; x_wconf 87' lang='lat' dir='ltr'><strong>esse</strong></span> <span class='ocrx_word' id='word_1_98' title='bbox 550 1374 671 1431; x_wconf 83' lang='lat' dir='ltr'><strong>totaliter</strong></span> <span class='ocrx_word' id='word_1_99' title='bbox 695 1373 911 1445; x_wconf 86' lang='lat' dir='ltr'><strong>praecopitatam</strong></span> <span class='ocrx_word' id='word_1_100' title='bbox 927 1377 956 1429; x_wconf 91' lang='lat' dir='ltr'><strong>at</strong></span> <span class='ocrx_word' id='word_1_101' title='bbox 974 1373 1085 1430; x_wconf 83' lang='lat' dir='ltr'><strong>sociatis</strong></span> <span class='ocrx_word' id='word_1_102' title='bbox 1106 1372 1270 1430; x_wconf 85' lang='lat' dir='ltr'><strong>adversariis</strong></span> <span class='ocrx_word' id='word_1_103' title='bbox 1288 1377 1402 1445; x_wconf 87' lang='lat' dir='ltr'><strong>propter</strong></span> <span class='ocrx_word' id='word_1_104' title='bbox 1419 1371 1558 1429; x_wconf 87' lang='lat' dir='ltr'><strong>modicam</strong></span> 
     </span>
     <span class='ocr_line' id='line_1_12' title="bbox 320 1458 1558 1531; baseline -0.002 -12"><span class='ocrx_word' id='word_1_105' title='bbox 320 1479 400 1519; x_wconf 88' lang='lat' dir='ltr'><strong>suam</strong></span> <span class='ocrx_word' id='word_1_106' title='bbox 426 1463 587 1518; x_wconf 88' lang='lat' dir='ltr'><strong>societatem</strong></span> <span class='ocrx_word' id='word_1_107' title='bbox 613 1462 740 1516; x_wconf 82' lang='lat' dir='ltr'><strong>resistere</strong></span> <span class='ocrx_word' id='word_1_108' title='bbox 767 1476 823 1516; x_wconf 92' lang='lat' dir='ltr'><strong>uon</strong></span> <span class='ocrx_word' id='word_1_109' title='bbox 850 1459 981 1528; x_wconf 85' lang='lat' dir='ltr'><strong>audebat,</strong></span> <span class='ocrx_word' id='word_1_110' title='bbox 1008 1458 1044 1516; x_wconf 86' lang='lat' dir='ltr'><strong>sd</strong></span> <span class='ocrx_word' id='word_1_111' title='bbox 1070 1459 1238 1531; x_wconf 85' lang='lat' dir='ltr'><strong>praedictam</strong></span> <span class='ocrx_word' id='word_1_112' title='bbox 1260 1458 1476 1515; x_wconf 75' lang='lat' dir='ltr'><strong>destructionem</strong></span> <span class='ocrx_word' id='word_1_113' title='bbox 1503 1460 1558 1516; x_wconf 83' lang='lat' dir='ltr'><strong>eri·</strong></span> 
     </span>
     <span class='ocr_line' id='line_1_13' title="bbox 318 1545 1559 1619; baseline -0.004 -13"><span class='ocrx_word' id='word_1_114' title='bbox 318 1549 443 1619; x_wconf 82' lang='lat' dir='ltr'><strong>tandum,</strong></span> <span class='ocrx_word' id='word_1_115' title='bbox 470 1548 613 1606; x_wconf 83' lang='lat' dir='ltr'><strong>mandarit</strong></span> <span class='ocrx_word' id='word_1_116' title='bbox 639 1547 879 1619; x_wconf 82' lang='lat' dir='ltr'><strong>Tragurieusihus,</strong></span> <span class='ocrx_word' id='word_1_117' title='bbox 906 1547 982 1618; x_wconf 91' lang='lat' dir='ltr'><strong>qnod</strong></span> <span class='ocrx_word' id='word_1_118' title='bbox 1007 1546 1187 1619; x_wconf 84' lang='lat' dir='ltr'><strong>petitionibus</strong></span> <span class='ocrx_word' id='word_1_119' title='bbox 1211 1545 1415 1618; x_wconf 86' lang='lat' dir='ltr'><strong>praedictorum</strong></span> <span class='ocrx_word' id='word_1_120' title='bbox 1437 1545 1559 1602; x_wconf 88' lang='lat' dir='ltr'><strong>debeant</strong></span> 
     </span>
     <span class='ocr_line' id='line_1_14' title="bbox 318 1633 1559 1710; baseline -0.003 -16"><span class='ocrx_word' id='word_1_121' title='bbox 318 1638 430 1710; x_wconf 87' lang='lat' dir='ltr'><strong>penitus</strong></span> <span class='ocrx_word' id='word_1_122' title='bbox 444 1637 610 1694; x_wconf 81' lang='lat' dir='ltr'><strong>satisfacere.</strong></span> <span class='ocrx_word' id='word_1_123' title='bbox 624 1665 656 1678; x_wconf 89' lang='lat'>-</span> <span class='ocrx_word' id='word_1_124' title='bbox 674 1635 720 1690; x_wconf 83' lang='lat' dir='ltr'><strong>Ad</strong></span> <span class='ocrx_word' id='word_1_125' title='bbox 738 1633 814 1706; x_wconf 88' lang='lat' dir='ltr'><strong>quod</strong></span> <span class='ocrx_word' id='word_1_126' title='bbox 825 1635 880 1708; x_wconf 87' lang='lat' dir='ltr'><strong>ipsi</strong></span> <span class='ocrx_word' id='word_1_127' title='bbox 894 1634 1092 1705; x_wconf 83' lang='lat' dir='ltr'><strong>Tragurieuses</strong></span> <span class='ocrx_word' id='word_1_128' title='bbox 1105 1633 1322 1707; x_wconf 79' lang='lat' dir='ltr'><strong>responderunt:</strong></span> <span class='ocrx_word' id='word_1_129' title='bbox 1340 1633 1416 1705; x_wconf 91' lang='lat' dir='ltr'><strong>quod</strong></span> <span class='ocrx_word' id='word_1_130' title='bbox 1428 1638 1493 1690; x_wconf 88' lang='lat' dir='ltr'><strong>anta</strong></span> <span class='ocrx_word' id='word_1_131' title='bbox 1510 1649 1559 1706; x_wconf 85' lang='lat' dir='ltr'><strong>pa·</strong></span> 
     </span>
     <span class='ocr_line' id='line_1_15' title="bbox 318 1720 1558 1794; baseline -0.002 -14"><span class='ocrx_word' id='word_1_132' title='bbox 318 1725 422 1781; x_wconf 74' lang='lat' dir='ltr'><strong>dentur</strong></span> <span class='ocrx_word' id='word_1_133' title='bbox 448 1739 544 1780; x_wconf 88' lang='lat' dir='ltr'><strong>eornm</strong></span> <span class='ocrx_word' id='word_1_134' title='bbox 568 1724 705 1780; x_wconf 79' lang='lat' dir='ltr'><strong>civitatem</strong></span> <span class='ocrx_word' id='word_1_135' title='bbox 729 1721 844 1790; x_wconf 88' lang='lat' dir='ltr'><strong>destrui,</strong></span> <span class='ocrx_word' id='word_1_136' title='bbox 873 1738 957 1794; x_wconf 90' lang='lat' dir='ltr'><strong>quam</strong></span> <span class='ocrx_word' id='word_1_137' title='bbox 984 1723 1159 1780; x_wconf 86' lang='lat' dir='ltr'><strong>consentiant</strong></span> <span class='ocrx_word' id='word_1_138' title='bbox 1184 1721 1365 1794; x_wconf 82' lang='lat' dir='ltr'><strong>petitionibus</strong></span> <span class='ocrx_word' id='word_1_139' title='bbox 1392 1720 1558 1794; x_wconf 85' lang='lat' dir='ltr'><strong>supradictis</strong></span> 
     </span>
     <span class='ocr_line' id='line_1_16' title="bbox 318 1805 1557 1882; baseline -0.001 -14"><span class='ocrx_word' id='word_1_140' title='bbox 318 1818 347 1868; x_wconf 87' lang='lat' dir='ltr'><strong>et</strong></span> <span class='ocrx_word' id='word_1_141' title='bbox 365 1817 397 1868; x_wconf 90' lang='lat' dir='ltr'><strong>ut</strong></span> <span class='ocrx_word' id='word_1_142' title='bbox 413 1827 512 1882; x_wconf 88' lang='lat' dir='ltr'><strong>regum</strong></span> <span class='ocrx_word' id='word_1_143' title='bbox 530 1811 673 1882; x_wconf 82' lang='lat' dir='ltr'><strong>privilegis</strong></span> <span class='ocrx_word' id='word_1_144' title='bbox 690 1809 882 1881; x_wconf 74' lang='lat' dir='ltr'><strong>frangerentur</strong></span> <span class='ocrx_word' id='word_1_145' title='bbox 906 1805 1014 1881; x_wconf 80' lang='lat' dir='ltr'><strong>absque</strong></span> <span class='ocrx_word' id='word_1_146' title='bbox 1031 1811 1124 1882; x_wconf 84' lang='lat' dir='ltr'><strong>regiae</strong></span> <span class='ocrx_word' id='word_1_147' title='bbox 1147 1809 1301 1866; x_wconf 80' lang='lat' dir='ltr'><strong>maiestatis</strong></span> <span class='ocrx_word' id='word_1_148' title='bbox 1322 1809 1437 1865; x_wconf 86' lang='lat' dir='ltr'><strong>scientia</strong></span> <span class='ocrx_word' id='word_1_149' title='bbox 1460 1815 1489 1865; x_wconf 88' lang='lat' dir='ltr'><strong>at</strong></span> <span class='ocrx_word' id='word_1_150' title='bbox 1510 1825 1557 1867; x_wconf 85' lang='lat' dir='ltr'><strong>ro-</strong></span> 
     </span>
     <span class='ocr_line' id='line_1_17' title="bbox 318 1893 1558 1970; baseline -0.002 -16"><span class='ocrx_word' id='word_1_151' title='bbox 318 1901 433 1956; x_wconf 84' lang='lat' dir='ltr'><strong>luntats.</strong></span> <span class='ocrx_word' id='word_1_152' title='bbox 451 1899 574 1954; x_wconf 89' lang='lat' dir='ltr'><strong>Demum</strong></span> <span class='ocrx_word' id='word_1_153' title='bbox 591 1915 678 1968; x_wconf 89' lang='lat' dir='ltr'><strong>quum</strong></span> <span class='ocrx_word' id='word_1_154' title='bbox 697 1897 787 1953; x_wconf 89' lang='lat' dir='ltr'><strong>banus</strong></span> <span class='ocrx_word' id='word_1_155' title='bbox 804 1897 874 1952; x_wconf 88' lang='lat' dir='ltr'><strong>nihil</strong></span> <span class='ocrx_word' id='word_1_156' title='bbox 891 1897 967 1954; x_wconf 88' lang='lat' dir='ltr'><strong>aliud</strong></span> <span class='ocrx_word' id='word_1_157' title='bbox 986 1903 1116 1970; x_wconf 87' lang='lat' dir='ltr'><strong>potuerat</strong></span> <span class='ocrx_word' id='word_1_158' title='bbox 1133 1897 1225 1954; x_wconf 83' lang='lat' dir='ltr'><strong>iacere</strong></span> <span class='ocrx_word' id='word_1_159' title='bbox 1242 1895 1277 1952; x_wconf 90' lang='lat' dir='ltr'><strong>de</strong></span> <span class='ocrx_word' id='word_1_160' title='bbox 1295 1893 1363 1965; x_wconf 82' lang='lat' dir='ltr'><strong>idre,</strong></span> <span class='ocrx_word' id='word_1_161' title='bbox 1383 1897 1475 1968; x_wconf 82' lang='lat' dir='ltr'><strong>coegit</strong></span> <span class='ocrx_word' id='word_1_162' title='bbox 1491 1897 1558 1952; x_wconf 83' lang='lat' dir='ltr'><strong>Tra·</strong></span> 
     </span>
     <span class='ocr_line' id='line_1_18' title="bbox 318 1983 1557 2058; baseline -0.004 -14"><span class='ocrx_word' id='word_1_163' title='bbox 318 1987 462 2058; x_wconf 87' lang='lat' dir='ltr'><strong>gurienscs</strong></span> <span class='ocrx_word' id='word_1_164' title='bbox 480 1984 516 2042; x_wconf 90' lang='lat' dir='ltr'><strong>ad</strong></span> <span class='ocrx_word' id='word_1_165' title='bbox 534 1985 690 2058; x_wconf 85' lang='lat' dir='ltr'><strong>praedictae</strong></span> <span class='ocrx_word' id='word_1_166' title='bbox 708 1985 856 2056; x_wconf 85' lang='lat' dir='ltr'><strong>petitiones</strong></span> <span class='ocrx_word' id='word_1_167' title='bbox 873 1983 1067 2054; x_wconf 87' lang='lat' dir='ltr'><strong>admittendas,</strong></span> <span class='ocrx_word' id='word_1_168' title='bbox 1080 1985 1127 2055; x_wconf 89' lang='lat' dir='ltr'><strong>qui</strong></span> <span class='ocrx_word' id='word_1_169' title='bbox 1139 1985 1205 2040; x_wconf 88' lang='lat' dir='ltr'><strong>licet</strong></span> <span class='ocrx_word' id='word_1_170' title='bbox 1215 1985 1293 2040; x_wconf 86' lang='lat' dir='ltr'><strong>iuviti</strong></span> <span class='ocrx_word' id='word_1_171' title='bbox 1306 1989 1465 2055; x_wconf 80' lang='lat' dir='ltr'><strong>paruerunt</strong></span> <span class='ocrx_word' id='word_1_172' title='bbox 1478 1983 1557 2052; x_wconf 77' lang='lat' dir='ltr'><strong>Quae</strong></span> 
     </span>
     <span class='ocr_line' id='line_1_19' title="bbox 319 2070 1558 2144; baseline -0.001 -15"><span class='ocrx_word' id='word_1_173' title='bbox 319 2075 420 2141; x_wconf 87' lang='lat' dir='ltr'><strong>omnia,</strong></span> <span class='ocrx_word' id='word_1_174' title='bbox 439 2073 516 2128; x_wconf 91' lang='lat' dir='ltr'><strong>utin</strong></span> <span class='ocrx_word' id='word_1_175' title='bbox 534 2077 677 2144; x_wconf 87' lang='lat' dir='ltr'><strong>posterum</strong></span> <span class='ocrx_word' id='word_1_176' title='bbox 689 2071 852 2143; x_wconf 89' lang='lat' dir='ltr'><strong>reprehendi</strong></span> <span class='ocrx_word' id='word_1_177' title='bbox 870 2089 926 2128; x_wconf 92' lang='lat' dir='ltr'><strong>non</strong></span> <span class='ocrx_word' id='word_1_178' title='bbox 945 2073 1041 2144; x_wconf 89' lang='lat' dir='ltr'><strong>possit,</strong></span> <span class='ocrx_word' id='word_1_179' title='bbox 1059 2087 1123 2128; x_wconf 90' lang='lat' dir='ltr'><strong>cum</strong></span> <span class='ocrx_word' id='word_1_180' title='bbox 1142 2088 1197 2128; x_wconf 91' lang='lat' dir='ltr'><strong>nou</strong></span> <span class='ocrx_word' id='word_1_181' title='bbox 1216 2071 1358 2128; x_wconf 81' lang='lat' dir='ltr'><strong>voluntate</strong></span> <span class='ocrx_word' id='word_1_182' title='bbox 1376 2070 1426 2127; x_wconf 86' lang='lat' dir='ltr'><strong>sed</strong></span> <span class='ocrx_word' id='word_1_183' title='bbox 1444 2077 1558 2128; x_wconf 86' lang='lat' dir='ltr'><strong>coactus</strong></span> 
     </span>
     <span class='ocr_line' id='line_1_20' title="bbox 319 2149 902 2230; baseline -0.005 -13"><span class='ocrx_word' id='word_1_184' title='bbox 319 2161 379 2216; x_wconf 83' lang='lat' dir='ltr'><strong>fleri</strong></span> <span class='ocrx_word' id='word_1_185' title='bbox 396 2159 499 2228; x_wconf 87' lang='lat' dir='ltr'><strong>iecerit,</strong></span> <span class='ocrx_word' id='word_1_186' title='bbox 517 2159 659 2215; x_wconf 84' lang='lat' dir='ltr'><strong>Maiestati</strong></span> <span class='ocrx_word' id='word_1_187' title='bbox 676 2159 769 2230; x_wconf 88' lang='lat' dir='ltr'><strong>regias</strong></span> <span class='ocrx_word' id='word_1_188' title='bbox 786 2157 877 2215; x_wconf 84' lang='lat' dir='ltr'><strong>refert.</strong></span> <span class='ocrx_word' id='word_1_189' title='bbox 900 2149 902 2158; x_wconf 72' lang='grc'>’</span> 
     </span>
    </p>
   </div>
   <div class='ocr_carea' id='block_1_6' title="bbox 320 2264 1556 2421">
    <p class='ocr_par' dir='ltr' id='par_1_6' title="bbox 320 2264 1556 2421">
     <span class='ocr_line' id='line_1_21' title="bbox 372 2264 1556 2336; baseline 0 -16"><span class='ocrx_word' id='word_1_190' title='bbox 372 2265 470 2334; x_wconf 65' lang='lat' dir='ltr'><strong>Fq&#39;er:</strong></span> <span class='ocrx_word' id='word_1_191' title='bbox 492 2264 557 2322; x_wconf 81' lang='lat' dir='ltr'><strong>Ood.</strong></span> <span class='ocrx_word' id='word_1_192' title='bbox 575 2264 645 2335; x_wconf 81' lang='lat' dir='ltr'><strong>dipi.</strong></span> <span class='ocrx_word' id='word_1_193' title='bbox 666 2267 695 2321; x_wconf 81' lang='grc' dir='ltr'><strong>Τ.</strong></span> <span class='ocrx_word' id='word_1_194' title='bbox 718 2267 748 2320; x_wconf 90' lang='lat' dir='ltr'><strong>V.</strong></span> <span class='ocrx_word' id='word_1_195' title='bbox 765 2264 818 2320; x_wconf 86' lang='lat' dir='ltr'><strong>oui.</strong></span> <span class='ocrx_word' id='word_1_196' title='bbox 836 2265 878 2320; x_wconf 82' lang='lat'><strong>11.</strong></span> <span class='ocrx_word' id='word_1_197' title='bbox 900 2281 931 2336; x_wconf 88' lang='lat' dir='ltr'><strong>p.</strong></span> <span class='ocrx_word' id='word_1_198' title='bbox 955 2269 1006 2320; x_wconf 83' lang='grc'><strong>361</strong></span> <span class='ocrx_word' id='word_1_199' title='bbox 1033 2279 1162 2322; x_wconf 75' lang='lat' dir='ltr'><strong>moseos</strong></span> <span class='ocrx_word' id='word_1_200' title='bbox 1188 2265 1226 2320; x_wconf 84' lang='lat' dir='ltr'><strong>cd</strong></span> <span class='ocrx_word' id='word_1_201' title='bbox 1253 2282 1279 2324; x_wconf 86' lang='lat' dir='ltr'><strong>u.</strong></span> <span class='ocrx_word' id='word_1_202' title='bbox 1304 2265 1382 2323; x_wconf 82' lang='lat'><em>1276.</em></span> <span class='ocrx_word' id='word_1_203' title='bbox 1405 2265 1556 2336; x_wconf 77' lang='lat' dir='ltr'><strong>prolatum.</strong></span> 
     </span>
     <span class='ocr_line' id='line_1_22' title="bbox 320 2352 801 2421; baseline -0.002 -12"><span class='ocrx_word' id='word_1_204' title='bbox 320 2354 435 2409; x_wconf 67' lang='lat' dir='ltr'><strong>Metius:</strong></span> <span class='ocrx_word' id='word_1_205' title='bbox 457 2352 538 2408; x_wconf 76' lang='lat' dir='ltr'><strong>Metu.</strong></span> <span class='ocrx_word' id='word_1_206' title='bbox 557 2352 589 2408; x_wconf 84' lang='lat' dir='ltr'><strong>di</strong></span> <span class='ocrx_word' id='word_1_207' title='bbox 609 2354 693 2420; x_wconf 74' lang='lat' dir='ltr'><strong>iheu,</strong></span> <span class='ocrx_word' id='word_1_208' title='bbox 709 2368 738 2421; x_wconf 84' lang='lat' dir='ltr'><strong>p.</strong></span> <span class='ocrx_word' id='word_1_209' title='bbox 759 2356 801 2408; x_wconf 86' lang='grc'><strong>96.</strong></span> 
     </span>
    </p>
   </div>
   <div class='ocr_carea' id='block_1_7' title="bbox 318 2509 1559 3803">
    <p class='ocr_par' dir='ltr' id='par_1_7' title="bbox 318 2509 1559 3718">
     <span class='ocr_line' id='line_1_23' title="bbox 372 2509 1557 2584; baseline -0.003 -17"><span class='ocrx_word' id='word_1_210' title='bbox 372 2510 566 2567; x_wconf 85' lang='lat' dir='ltr'>MOLXXIV.</span> <span class='ocrx_word' id='word_1_211' title='bbox 584 2512 620 2566; x_wconf 80' lang='lat' dir='ltr'><strong>In</strong></span> <span class='ocrx_word' id='word_1_212' title='bbox 638 2511 698 2568; x_wconf 78' lang='lat' dir='ltr'><strong>cnr</strong></span> <span class='ocrx_word' id='word_1_213' title='bbox 711 2551 718 2566; x_wconf 91' lang='lat'><strong>.</strong></span> <span class='ocrx_word' id='word_1_214' title='bbox 732 2552 758 2568; x_wconf 88' lang='lat'><strong>..</strong></span> <span class='ocrx_word' id='word_1_215' title='bbox 778 2515 853 2567; x_wconf 77' lang='lat'><em>1275.</em></span> <span class='ocrx_word' id='word_1_216' title='bbox 870 2511 1006 2584; x_wconf 77' lang='lat' dir='ltr'><strong>Nicolaus</strong></span> <span class='ocrx_word' id='word_1_217' title='bbox 1030 2511 1116 2567; x_wconf 83' lang='lat' dir='ltr'><strong>totius</strong></span> <span class='ocrx_word' id='word_1_218' title='bbox 1139 2511 1298 2567; x_wconf 86' lang='lat' dir='ltr'><strong>Dalmatiae</strong></span> <span class='ocrx_word' id='word_1_219' title='bbox 1321 2515 1405 2582; x_wconf 87' lang='lat' dir='ltr'><strong>atque</strong></span> <span class='ocrx_word' id='word_1_220' title='bbox 1427 2509 1557 2566; x_wconf 81' lang='lat' dir='ltr'><strong>Orostiae</strong></span> 
     </span>
     <span class='ocr_line' id='line_1_24' title="bbox 318 2596 1558 2670; baseline -0.001 -16"><span class='ocrx_word' id='word_1_221' title='bbox 318 2600 409 2654; x_wconf 86' lang='lat' dir='ltr'><strong>banus</strong></span> <span class='ocrx_word' id='word_1_222' title='bbox 426 2603 457 2654; x_wconf 93' lang='lat' dir='ltr'><strong>et</strong></span> <span class='ocrx_word' id='word_1_223' title='bbox 475 2613 569 2654; x_wconf 88' lang='lat' dir='ltr'><strong>comes</strong></span> <span class='ocrx_word' id='word_1_224' title='bbox 586 2597 622 2656; x_wconf 77' lang='lat' dir='ltr'><strong>ds</strong></span> <span class='ocrx_word' id='word_1_225' title='bbox 640 2596 752 2654; x_wconf 83' lang='lat' dir='ltr'><strong>Geacha</strong></span> <span class='ocrx_word' id='word_1_226' title='bbox 769 2603 867 2653; x_wconf 86' lang='lat' dir='ltr'><strong>notum</strong></span> <span class='ocrx_word' id='word_1_227' title='bbox 886 2597 959 2665; x_wconf 84' lang='lat' dir='ltr'><strong>facit,</strong></span> <span class='ocrx_word' id='word_1_228' title='bbox 978 2596 1053 2668; x_wconf 88' lang='lat' dir='ltr'><strong>quod</strong></span> <span class='ocrx_word' id='word_1_229' title='bbox 1072 2613 1137 2654; x_wconf 87' lang='lat' dir='ltr'><strong>cum</strong></span> <span class='ocrx_word' id='word_1_230' title='bbox 1156 2597 1191 2652; x_wconf 93' lang='lat' dir='ltr'><strong>de</strong></span> <span class='ocrx_word' id='word_1_231' title='bbox 1209 2597 1323 2670; x_wconf 80' lang='lat' dir='ltr'><strong>speciali</strong></span> <span class='ocrx_word' id='word_1_232' title='bbox 1339 2597 1471 2653; x_wconf 85' lang='lat' dir='ltr'><strong>mandato</strong></span> <span class='ocrx_word' id='word_1_233' title='bbox 1485 2598 1558 2668; x_wconf 86' lang='lat' dir='ltr'><strong>regia</strong></span> 
     </span>
     <span class='ocr_line' id='line_1_25' title="bbox 318 2683 1558 2758; baseline -0.002 -16"><span class='ocrx_word' id='word_1_234' title='bbox 318 2686 442 2743; x_wconf 78' lang='lat' dir='ltr'><strong>Indialai</strong></span> <span class='ocrx_word' id='word_1_235' title='bbox 461 2687 623 2742; x_wconf 84' lang='lat' dir='ltr'><strong>accessisset</strong></span> <span class='ocrx_word' id='word_1_236' title='bbox 639 2685 675 2741; x_wconf 86' lang='lat' dir='ltr'><strong>ad</strong></span> <span class='ocrx_word' id='word_1_237' title='bbox 693 2685 831 2741; x_wconf 82' lang='lat' dir='ltr'><strong>civitatem</strong></span> <span class='ocrx_word' id='word_1_238' title='bbox 856 2683 1049 2758; x_wconf 74' lang='lat' dir='ltr'><strong>spalatensem</strong></span> <span class='ocrx_word' id='word_1_239' title='bbox 1071 2689 1100 2740; x_wconf 93' lang='lat' dir='ltr'><strong>et</strong></span> <span class='ocrx_word' id='word_1_240' title='bbox 1117 2683 1328 2756; x_wconf 79' lang='lat' dir='ltr'><strong>Traguriensem</strong></span> <span class='ocrx_word' id='word_1_241' title='bbox 1356 2701 1407 2758; x_wconf 89' lang='lat' dir='ltr'><strong>pro</strong></span> <span class='ocrx_word' id='word_1_242' title='bbox 1433 2683 1558 2742; x_wconf 83' lang='lat' dir='ltr'><strong>sedanda</strong></span> 
     </span>
     <span class='ocr_line' id='line_1_26' title="bbox 318 2771 1558 2844; baseline -0.002 -14"><span class='ocrx_word' id='word_1_243' title='bbox 318 2773 457 2830; x_wconf 86' lang='lat' dir='ltr'><strong>discordia</strong></span> <span class='ocrx_word' id='word_1_244' title='bbox 475 2789 546 2844; x_wconf 87' lang='lat' dir='ltr'><strong>quae</strong></span> <span class='ocrx_word' id='word_1_245' title='bbox 564 2771 708 2828; x_wconf 88' lang='lat' dir='ltr'><strong>dicebatur</strong></span> <span class='ocrx_word' id='word_1_246' title='bbox 728 2772 799 2828; x_wconf 90' lang='lat' dir='ltr'><strong>iuter</strong></span> <span class='ocrx_word' id='word_1_247' title='bbox 816 2771 942 2830; x_wconf 85' lang='lat' dir='ltr'><strong>homiues</strong></span> <span class='ocrx_word' id='word_1_248' title='bbox 960 2771 1110 2828; x_wconf 86' lang='lat' dir='ltr'><strong>earundem</strong></span> <span class='ocrx_word' id='word_1_249' title='bbox 1132 2775 1265 2828; x_wconf 80' lang='lat' dir='ltr'><strong>tanarum</strong></span> <span class='ocrx_word' id='word_1_250' title='bbox 1290 2771 1431 2841; x_wconf 82' lang='lat' dir='ltr'><strong>suscitata,</strong></span> <span class='ocrx_word' id='word_1_251' title='bbox 1454 2772 1558 2828; x_wconf 84' lang='lat' dir='ltr'><strong>invenit</strong></span> 
     </span>
     <span class='ocr_line' id='line_1_27' title="bbox 318 2858 1557 2931; baseline -0.003 -13"><span class='ocrx_word' id='word_1_252' title='bbox 318 2863 389 2918; x_wconf 92' lang='lat' dir='ltr'><strong>inter</strong></span> <span class='ocrx_word' id='word_1_253' title='bbox 406 2867 552 2931; x_wconf 88' lang='lat' dir='ltr'><strong>utramque</strong></span> <span class='ocrx_word' id='word_1_254' title='bbox 578 2861 717 2915; x_wconf 80' lang='lat' dir='ltr'><strong>civitatem</strong></span> <span class='ocrx_word' id='word_1_255' title='bbox 742 2859 891 2931; x_wconf 86' lang='lat' dir='ltr'><strong>capitalem</strong></span> <span class='ocrx_word' id='word_1_256' title='bbox 914 2859 1092 2915; x_wconf 86' lang='lat' dir='ltr'><strong>inimicitiam.</strong></span> <span class='ocrx_word' id='word_1_257' title='bbox 1117 2858 1245 2930; x_wconf 76' lang='lat' dir='ltr'><strong>Cumque</strong></span> <span class='ocrx_word' id='word_1_258' title='bbox 1267 2858 1302 2915; x_wconf 91' lang='lat' dir='ltr'><strong>de</strong></span> <span class='ocrx_word' id='word_1_259' title='bbox 1326 2859 1419 2916; x_wconf 77' lang='lat' dir='ltr'><strong>esuris</strong></span> <span class='ocrx_word' id='word_1_260' title='bbox 1442 2858 1557 2914; x_wconf 90' lang='lat' dir='ltr'><strong>iuimici-</strong></span> 
     </span>
     <span class='ocr_line' id='line_1_28' title="bbox 319 2945 1558 3020; baseline -0.003 -16"><span class='ocrx_word' id='word_1_261' title='bbox 319 2949 374 3004; x_wconf 85' lang='lat' dir='ltr'><strong>tias</strong></span> <span class='ocrx_word' id='word_1_262' title='bbox 393 2955 421 3004; x_wconf 89' lang='lat' dir='ltr'><strong>et</strong></span> <span class='ocrx_word' id='word_1_263' title='bbox 438 2963 600 3019; x_wconf 77' lang='lat' dir='ltr'><strong>guerrarum</strong></span> <span class='ocrx_word' id='word_1_264' title='bbox 620 2947 741 3018; x_wconf 89' lang='lat' dir='ltr'><strong>cepisset</strong></span> <span class='ocrx_word' id='word_1_265' title='bbox 758 2947 903 3018; x_wconf 86' lang='lat' dir='ltr'><strong>inquirere,</strong></span> <span class='ocrx_word' id='word_1_266' title='bbox 916 2946 1045 3002; x_wconf 88' lang='lat' dir='ltr'><strong>dicebant</strong></span> <span class='ocrx_word' id='word_1_267' title='bbox 1057 2946 1245 3020; x_wconf 81' lang='lat' dir='ltr'><strong>Spalateuses,</strong></span> <span class='ocrx_word' id='word_1_268' title='bbox 1266 2945 1342 3018; x_wconf 88' lang='lat' dir='ltr'><strong>quod</strong></span> <span class='ocrx_word' id='word_1_269' title='bbox 1360 2946 1558 3018; x_wconf 70' lang='lat' dir='ltr'><strong>Tragurieuses</strong></span> 
     </span>
     <span class='ocr_line' id='line_1_29' title="bbox 318 3032 1556 3106; baseline -0.002 -15"><span class='ocrx_word' id='word_1_270' title='bbox 318 3042 415 3092; x_wconf 89' lang='lat' dir='ltr'><strong>contra</strong></span> <span class='ocrx_word' id='word_1_271' title='bbox 436 3035 529 3091; x_wconf 90' lang='lat' dir='ltr'><strong>Deum</strong></span> <span class='ocrx_word' id='word_1_272' title='bbox 547 3039 576 3090; x_wconf 91' lang='lat' dir='ltr'><strong>et</strong></span> <span class='ocrx_word' id='word_1_273' title='bbox 592 3034 725 3090; x_wconf 83' lang='lat' dir='ltr'><strong>iustitiam</strong></span> <span class='ocrx_word' id='word_1_274' title='bbox 743 3033 796 3089; x_wconf 89' lang='lat' dir='ltr'><strong>sibi</strong></span> <span class='ocrx_word' id='word_1_275' title='bbox 813 3033 949 3106; x_wconf 86' lang='lat' dir='ltr'><strong>quasdam</strong></span> <span class='ocrx_word' id='word_1_276' title='bbox 973 3040 1061 3089; x_wconf 90' lang='lat' dir='ltr'><strong>terras</strong></span> <span class='ocrx_word' id='word_1_277' title='bbox 1078 3035 1107 3089; x_wconf 91' lang='lat' dir='ltr'><strong>iu</strong></span> <span class='ocrx_word' id='word_1_278' title='bbox 1125 3032 1251 3090; x_wconf 82' lang='lat' dir='ltr'><strong>dirtrictu</strong></span> <span class='ocrx_word' id='word_1_279' title='bbox 1269 3039 1296 3089; x_wconf 90' lang='lat' dir='ltr'><strong>et</strong></span> <span class='ocrx_word' id='word_1_280' title='bbox 1314 3033 1472 3090; x_wconf 82' lang='lat' dir='ltr'><strong>confinibus</strong></span> <span class='ocrx_word' id='word_1_281' title='bbox 1489 3035 1556 3106; x_wconf 83' lang='lat' dir='ltr'><strong>Spa·</strong></span> 
     </span>
     <span class='ocr_line' id='line_1_30' title="bbox 319 3119 1559 3194; baseline -0.002 -16"><span class='ocrx_word' id='word_1_282' title='bbox 319 3123 468 3178; x_wconf 88' lang='lat' dir='ltr'><strong>latenainm</strong></span> <span class='ocrx_word' id='word_1_283' title='bbox 491 3121 653 3178; x_wconf 85' lang='lat' dir='ltr'><strong>detinebant</strong></span> <span class='ocrx_word' id='word_1_284' title='bbox 670 3127 829 3193; x_wconf 87' lang='lat' dir='ltr'><strong>occupatas,</strong></span> <span class='ocrx_word' id='word_1_285' title='bbox 848 3120 922 3177; x_wconf 92' lang='lat' dir='ltr'><strong>uude</strong></span> <span class='ocrx_word' id='word_1_286' title='bbox 940 3121 1072 3194; x_wconf 86' lang='lat' dir='ltr'><strong>petebant</strong></span> <span class='ocrx_word' id='word_1_287' title='bbox 1090 3138 1138 3177; x_wconf 88' lang='lat' dir='ltr'><strong>eas</strong></span> <span class='ocrx_word' id='word_1_288' title='bbox 1155 3120 1208 3176; x_wconf 90' lang='lat' dir='ltr'><strong>sibi</strong></span> <span class='ocrx_word' id='word_1_289' title='bbox 1226 3121 1343 3178; x_wconf 87' lang='lat' dir='ltr'><strong>restitui.</strong></span> <span class='ocrx_word' id='word_1_290' title='bbox 1361 3119 1499 3192; x_wconf 78' lang='lat' dir='ltr'><strong>siquod</strong></span> <span class='ocrx_word' id='word_1_291' title='bbox 1517 3136 1559 3176; x_wconf 89' lang='lat' dir='ltr'><strong>re·</strong></span> 
     </span>
     <span class='ocr_line' id='line_1_31' title="bbox 319 3203 1557 3282; baseline -0.002 -17"><span class='ocrx_word' id='word_1_292' title='bbox 319 3209 495 3282; x_wconf 88' lang='lat' dir='ltr'><strong>spondebant</strong></span> <span class='ocrx_word' id='word_1_293' title='bbox 512 3209 711 3280; x_wconf 83' lang='lat' dir='ltr'><strong>Tragurienses</strong></span> <span class='ocrx_word' id='word_1_294' title='bbox 736 3225 767 3265; x_wconf 85' lang='lat' dir='ltr'><strong>se</strong></span> <span class='ocrx_word' id='word_1_295' title='bbox 790 3207 853 3265; x_wconf 86' lang='lat' dir='ltr'><strong>illas</strong></span> <span class='ocrx_word' id='word_1_296' title='bbox 876 3215 964 3266; x_wconf 84' lang='lat' dir='ltr'><strong>terras</strong></span> <span class='ocrx_word' id='word_1_297' title='bbox 987 3213 1080 3265; x_wconf 82' lang='lat' dir='ltr'><strong>tauers</strong></span> <span class='ocrx_word' id='word_1_298' title='bbox 1104 3209 1139 3264; x_wconf 87' lang='lat' dir='ltr'><strong>de</strong></span> <span class='ocrx_word' id='word_1_299' title='bbox 1161 3203 1305 3266; x_wconf 69' lang='lat' dir='ltr'><strong>uoluntate</strong></span> <span class='ocrx_word' id='word_1_300' title='bbox 1328 3209 1448 3280; x_wconf 86' lang='lat' dir='ltr'><strong>gratuita</strong></span> <span class='ocrx_word' id='word_1_301' title='bbox 1471 3208 1557 3264; x_wconf 87' lang='lat' dir='ltr'><strong>totius</strong></span> 
     </span>
     <span class='ocr_line' id='line_1_32' title="bbox 319 3295 1557 3369; baseline -0.003 -15"><span class='ocrx_word' id='word_1_302' title='bbox 319 3297 524 3354; x_wconf 84' lang='lat' dir='ltr'><strong>communitatis</strong></span> <span class='ocrx_word' id='word_1_303' title='bbox 543 3303 571 3352; x_wconf 92' lang='lat' dir='ltr'><strong>et</strong></span> <span class='ocrx_word' id='word_1_304' title='bbox 587 3297 732 3353; x_wconf 86' lang='lat' dir='ltr'><strong>homiuum</strong></span> <span class='ocrx_word' id='word_1_305' title='bbox 753 3296 788 3352; x_wconf 89' lang='lat' dir='ltr'><strong>de</strong></span> <span class='ocrx_word' id='word_1_306' title='bbox 812 3296 928 3369; x_wconf 79' lang='lat' dir='ltr'><strong>Spalato</strong></span> <span class='ocrx_word' id='word_1_307' title='bbox 952 3295 1038 3353; x_wconf 91' lang='lat' dir='ltr'><strong>etde</strong></span> <span class='ocrx_word' id='word_1_308' title='bbox 1062 3312 1178 3352; x_wconf 87' lang='lat' dir='ltr'><strong>assensu</strong></span> <span class='ocrx_word' id='word_1_309' title='bbox 1203 3296 1287 3352; x_wconf 86' lang='lat' dir='ltr'><strong>Baiae</strong></span> <span class='ocrx_word' id='word_1_310' title='bbox 1311 3297 1384 3368; x_wconf 89' lang='lat' dir='ltr'><strong>regis</strong></span> <span class='ocrx_word' id='word_1_311' title='bbox 1407 3301 1436 3352; x_wconf 90' lang='lat' dir='ltr'><strong>et</strong></span> <span class='ocrx_word' id='word_1_312' title='bbox 1458 3296 1557 3353; x_wconf 68' lang='lat' dir='ltr'><strong>confir</strong></span> 
     </span>
     <span class='ocr_line' id='line_1_33' title="bbox 319 3383 1556 3456; baseline 0.001 -18"><span class='ocrx_word' id='word_1_313' title='bbox 319 3384 441 3439; x_wconf 85' lang='lat' dir='ltr'><strong>rusticus</strong></span> <span class='ocrx_word' id='word_1_314' title='bbox 458 3384 531 3454; x_wconf 88' lang='lat' dir='ltr'><strong>regis</strong></span> <span class='ocrx_word' id='word_1_315' title='bbox 549 3383 692 3455; x_wconf 78' lang='lat' dir='ltr'><strong>Stephani,</strong></span> <span class='ocrx_word' id='word_1_316' title='bbox 720 3383 891 3440; x_wconf 73' lang='lat' dir='ltr'><strong>vedficautes</strong></span> <span class='ocrx_word' id='word_1_317' title='bbox 919 3399 953 3438; x_wconf 84' lang='lat' dir='ltr'><strong>er</strong></span> <span class='ocrx_word' id='word_1_318' title='bbox 979 3388 1039 3439; x_wconf 91' lang='lat' dir='ltr'><strong>toto</strong></span> <span class='ocrx_word' id='word_1_319' title='bbox 1067 3400 1116 3456; x_wconf 88' lang='lat' dir='ltr'><strong>per</strong></span> <span class='ocrx_word' id='word_1_320' title='bbox 1134 3383 1277 3454; x_wconf 86' lang='lat' dir='ltr'><strong>privilegia</strong></span> <span class='ocrx_word' id='word_1_321' title='bbox 1304 3383 1453 3455; x_wconf 89' lang='lat' dir='ltr'><strong>superbis</strong></span> <span class='ocrx_word' id='word_1_322' title='bbox 1477 3383 1556 3439; x_wconf 82' lang='lat' dir='ltr'><strong>terris</strong></span> 
     </span>
     <span class='ocr_line' id='line_1_34' title="bbox 320 3459 1557 3544; baseline 0 -18"><span class='ocrx_word' id='word_1_323' title='bbox 320 3459 492 3541; x_wconf 70' lang='lat' dir='ltr'><strong>ab&#39;utroque</strong></span> <span class='ocrx_word' id='word_1_324' title='bbox 509 3486 575 3541; x_wconf 89' lang='lat' dir='ltr'><strong>rege</strong></span> <span class='ocrx_word' id='word_1_325' title='bbox 593 3469 645 3526; x_wconf 89' lang='lat' dir='ltr'><strong>sibi</strong></span> <span class='ocrx_word' id='word_1_326' title='bbox 663 3469 746 3539; x_wconf 89' lang='lat' dir='ltr'><strong>edita,</strong></span> <span class='ocrx_word' id='word_1_327' title='bbox 765 3487 838 3542; x_wconf 86' lang='lat' dir='ltr'><strong>qnae</strong></span> <span class='ocrx_word' id='word_1_328' title='bbox 854 3471 945 3526; x_wconf 88' lang='lat' dir='ltr'><strong>banus</strong></span> <span class='ocrx_word' id='word_1_329' title='bbox 956 3473 1078 3543; x_wconf 89' lang='lat' dir='ltr'><strong>repperit</strong></span> <span class='ocrx_word' id='word_1_330' title='bbox 1089 3471 1143 3526; x_wconf 89' lang='lat' dir='ltr'><strong>flde</strong></span> <span class='ocrx_word' id='word_1_331' title='bbox 1155 3471 1249 3542; x_wconf 84' lang='lat' dir='ltr'><strong>digus.</strong></span> <span class='ocrx_word' id='word_1_332' title='bbox 1267 3471 1362 3540; x_wconf 80' lang='lat' dir='ltr'><strong>Quare</strong></span> <span class='ocrx_word' id='word_1_333' title='bbox 1373 3472 1484 3542; x_wconf 88' lang='lat' dir='ltr'><strong>utrique</strong></span> <span class='ocrx_word' id='word_1_334' title='bbox 1495 3487 1557 3544; x_wconf 88' lang='lat' dir='ltr'><strong>par·</strong></span> 
     </span>
     <span class='ocr_line' id='line_1_35' title="bbox 319 3556 1555 3631; baseline 0.002 -18"><span class='ocrx_word' id='word_1_335' title='bbox 319 3559 389 3614; x_wconf 87' lang='lat' dir='ltr'><strong>tium</strong></span> <span class='ocrx_word' id='word_1_336' title='bbox 407 3556 485 3613; x_wconf 90' lang='lat' dir='ltr'><strong>dedit</strong></span> <span class='ocrx_word' id='word_1_337' title='bbox 501 3559 529 3612; x_wconf 92' lang='lat' dir='ltr'><strong>in</strong></span> <span class='ocrx_word' id='word_1_338' title='bbox 547 3557 695 3626; x_wconf 84' lang='lat' dir='ltr'><strong>mandatis,</strong></span> <span class='ocrx_word' id='word_1_339' title='bbox 713 3562 745 3613; x_wconf 90' lang='lat' dir='ltr'><strong>ut</strong></span> <span class='ocrx_word' id='word_1_340' title='bbox 762 3573 827 3614; x_wconf 91' lang='lat' dir='ltr'><strong>cum</strong></span> <span class='ocrx_word' id='word_1_341' title='bbox 850 3558 956 3613; x_wconf 89' lang='lat' dir='ltr'><strong>iuribus</strong></span> <span class='ocrx_word' id='word_1_342' title='bbox 981 3559 1040 3614; x_wconf 91' lang='lat' dir='ltr'><strong>suis</strong></span> <span class='ocrx_word' id='word_1_343' title='bbox 1063 3575 1156 3614; x_wconf 88' lang='lat' dir='ltr'><strong>coram</strong></span> <span class='ocrx_word' id='word_1_344' title='bbox 1179 3559 1256 3630; x_wconf 89' lang='lat' dir='ltr'><strong>regia</strong></span> <span class='ocrx_word' id='word_1_345' title='bbox 1273 3559 1421 3615; x_wconf 84' lang='lat' dir='ltr'><strong>Maiestate</strong></span> <span class='ocrx_word' id='word_1_346' title='bbox 1444 3575 1555 3631; x_wconf 85' lang='lat' dir='ltr'><strong>compe·</strong></span> 
     </span>
     <span class='ocr_line' id='line_1_36' title="bbox 319 3643 1485 3718; baseline 0.003 -18"><span class='ocrx_word' id='word_1_347' title='bbox 319 3650 405 3714; x_wconf 84' lang='lat' dir='ltr'><strong>ruant,</strong></span> <span class='ocrx_word' id='word_1_348' title='bbox 424 3645 459 3700; x_wconf 87' lang='lat' dir='ltr'><strong>ad</strong></span> <span class='ocrx_word' id='word_1_349' title='bbox 478 3643 648 3700; x_wconf 87' lang='lat' dir='ltr'><strong>audiendum</strong></span> <span class='ocrx_word' id='word_1_350' title='bbox 667 3645 743 3716; x_wconf 91' lang='lat' dir='ltr'><strong>quod</strong></span> <span class='ocrx_word' id='word_1_351' title='bbox 760 3645 837 3716; x_wconf 89' lang='lat' dir='ltr'><strong>regia</strong></span> <span class='ocrx_word' id='word_1_352' title='bbox 855 3644 992 3701; x_wconf 88' lang='lat' dir='ltr'><strong>celsitudo</strong></span> <span class='ocrx_word' id='word_1_353' title='bbox 1010 3661 1094 3718; x_wconf 87' lang='lat' dir='ltr'><strong>super</strong></span> <span class='ocrx_word' id='word_1_354' title='bbox 1110 3646 1154 3701; x_wconf 90' lang='lat' dir='ltr'><strong>his</strong></span> <span class='ocrx_word' id='word_1_355' title='bbox 1173 3645 1332 3718; x_wconf 86' lang='lat' dir='ltr'><strong>dignabitur</strong></span> <span class='ocrx_word' id='word_1_356' title='bbox 1349 3647 1485 3704; x_wconf 83' lang='lat' dir='ltr'><strong>ordinare.</strong></span> 
     </span>
    </p>

    <p class='ocr_par' dir='ltr' id='par_1_8' title="bbox 372 3731 853 3803">
     <span class='ocr_line' id='line_1_37' title="bbox 372 3731 853 3803; baseline 0 -15"><span class='ocrx_word' id='word_1_357' title='bbox 372 3733 491 3788; x_wconf 64' lang='lat' dir='ltr'><strong>mute:</strong></span> <span class='ocrx_word' id='word_1_358' title='bbox 510 3733 592 3788; x_wconf 77' lang='lat' dir='ltr'><strong>Mem.</strong></span> <span class='ocrx_word' id='word_1_359' title='bbox 611 3731 642 3788; x_wconf 69' lang='lat' dir='ltr'><strong>aa·</strong></span> <span class='ocrx_word' id='word_1_360' title='bbox 662 3733 745 3802; x_wconf 70' lang='lat' dir='ltr'><strong>ibon,</strong></span> <span class='ocrx_word' id='word_1_361' title='bbox 762 3749 791 3803; x_wconf 85' lang='lat' dir='ltr'><strong>p.</strong></span> <span class='ocrx_word' id='word_1_362' title='bbox 811 3737 853 3788; x_wconf 70' lang='lat'><strong>94.</strong></span> 
     </span>
    </p>
   </div>
   <div class='ocr_carea' id='block_1_8' title="bbox 317 3887 1558 4645">
    <p class='ocr_par' dir='ltr' id='par_1_9' title="bbox 317 3887 1558 4645">
     <span class='ocr_line' id='line_1_38' title="bbox 373 3887 1558 3964; baseline 0.004 -20"><span class='ocrx_word' id='word_1_363' title='bbox 373 3887 549 3944; x_wconf 83' lang='lat' dir='ltr'>MOLXXV.</span> <span class='ocrx_word' id='word_1_364' title='bbox 568 3889 740 3962; x_wconf 82' lang='lat' dir='ltr'><strong>zaprabiaa.</strong></span> <span class='ocrx_word' id='word_1_365' title='bbox 760 3893 835 3948; x_wconf 78' lang='lat'><em>1275.</em></span> <span class='ocrx_word' id='word_1_366' title='bbox 853 3889 998 3948; x_wconf 80' lang='lat' dir='ltr'><strong>iohannes</strong></span> <span class='ocrx_word' id='word_1_367' title='bbox 1016 3891 1105 3948; x_wconf 89' lang='lat' dir='ltr'><strong>hauns</strong></span> <span class='ocrx_word' id='word_1_368' title='bbox 1130 3893 1215 3948; x_wconf 89' lang='lat' dir='ltr'><strong>totius</strong></span> <span class='ocrx_word' id='word_1_369' title='bbox 1240 3893 1388 3950; x_wconf 72' lang='lat' dir='ltr'><strong>Bistoniae</strong></span> <span class='ocrx_word' id='word_1_370' title='bbox 1413 3893 1558 3964; x_wconf 73' lang='lat' dir='ltr'><strong>significat,</strong></span> 
     </span>
     <span class='ocr_line' id='line_1_39' title="bbox 319 3974 1557 4051; baseline 0.002 -20"><span class='ocrx_word' id='word_1_371' title='bbox 319 3974 395 4048; x_wconf 89' lang='lat' dir='ltr'><strong>quod</strong></span> <span class='ocrx_word' id='word_1_372' title='bbox 420 3977 494 4032; x_wconf 79' lang='lat' dir='ltr'><strong>uires</strong></span> <span class='ocrx_word' id='word_1_373' title='bbox 520 3977 555 4033; x_wconf 91' lang='lat' dir='ltr'><strong>de</strong></span> <span class='ocrx_word' id='word_1_374' title='bbox 582 3983 677 4034; x_wconf 86' lang='lat' dir='ltr'><strong>monte</strong></span> <span class='ocrx_word' id='word_1_375' title='bbox 705 3977 837 4035; x_wconf 89' lang='lat' dir='ltr'><strong>Greoeusi</strong></span> <span class='ocrx_word' id='word_1_376' title='bbox 861 3979 1051 4036; x_wconf 88' lang='lat' dir='ltr'><strong>exhibuissent</strong></span> <span class='ocrx_word' id='word_1_377' title='bbox 1073 3979 1179 4036; x_wconf 83' lang='lat' dir='ltr'><strong>litterae</strong></span> <span class='ocrx_word' id='word_1_378' title='bbox 1202 3979 1327 4037; x_wconf 86' lang='lat' dir='ltr'><strong>Ladislsi</strong></span> <span class='ocrx_word' id='word_1_379' title='bbox 1349 3979 1400 4038; x_wconf 85' lang='lat' dir='ltr'><strong>IV.</strong></span> <span class='ocrx_word' id='word_1_380' title='bbox 1427 3982 1509 4051; x_wconf 87' lang='lat' dir='ltr'><strong>regis,</strong></span> <span class='ocrx_word' id='word_1_381' title='bbox 1528 3981 1557 4034; x_wconf 93' lang='lat' dir='ltr'><strong>iu</strong></span> 
     </span>
     <span class='ocr_line' id='line_1_40' title="bbox 320 4063 1557 4140; baseline 0.002 -21"><span class='ocrx_word' id='word_1_382' title='bbox 320 4063 423 4134; x_wconf 88' lang='lat' dir='ltr'><strong>quibus</strong></span> <span class='ocrx_word' id='word_1_383' title='bbox 446 4063 641 4136; x_wconf 83' lang='lat' dir='ltr'><strong>praecipiebat,</strong></span> <span class='ocrx_word' id='word_1_384' title='bbox 660 4064 735 4137; x_wconf 89' lang='lat' dir='ltr'><strong>quod</strong></span> <span class='ocrx_word' id='word_1_385' title='bbox 754 4065 847 4122; x_wconf 83' lang='lat' dir='ltr'><strong>viliam</strong></span> <span class='ocrx_word' id='word_1_386' title='bbox 865 4067 950 4122; x_wconf 75' lang='lat' dir='ltr'><strong>casui</strong></span> <span class='ocrx_word' id='word_1_387' title='bbox 970 4067 1164 4138; x_wconf 83' lang='lat' dir='ltr'><strong>Zagrabieusis</strong></span> <span class='ocrx_word' id='word_1_388' title='bbox 1187 4067 1325 4140; x_wconf 85' lang='lat' dir='ltr'><strong>Kchyiam</strong></span> <span class='ocrx_word' id='word_1_389' title='bbox 1345 4085 1410 4124; x_wconf 87' lang='lat' dir='ltr'><strong>cum</strong></span> <span class='ocrx_word' id='word_1_390' title='bbox 1428 4067 1557 4124; x_wconf 87' lang='lat' dir='ltr'><strong>omnibus</strong></span> 
     </span>
     <span class='ocr_line' id='line_1_41' title="bbox 318 4151 1557 4222; baseline 0.006 -17"><span class='ocrx_word' id='word_1_391' title='bbox 318 4151 490 4222; x_wconf 87' lang='lat' dir='ltr'><strong>pertinentiis</strong></span> <span class='ocrx_word' id='word_1_392' title='bbox 508 4152 548 4207; x_wconf 88' lang='lat' dir='ltr'><strong>eis</strong></span> <span class='ocrx_word' id='word_1_393' title='bbox 567 4157 688 4208; x_wconf 84' lang='lat' dir='ltr'><strong>statuere</strong></span> <span class='ocrx_word' id='word_1_394' title='bbox 706 4152 826 4222; x_wconf 86' lang='lat' dir='ltr'><strong>deberet,</strong></span> <span class='ocrx_word' id='word_1_395' title='bbox 845 4169 910 4210; x_wconf 91' lang='lat' dir='ltr'><strong>cum</strong></span> <span class='ocrx_word' id='word_1_396' title='bbox 923 4153 1038 4210; x_wconf 87' lang='lat' dir='ltr'><strong>eandem</strong></span> <span class='ocrx_word' id='word_1_397' title='bbox 1051 4155 1088 4210; x_wconf 93' lang='lat' dir='ltr'><strong>ob</strong></span> <span class='ocrx_word' id='word_1_398' title='bbox 1101 4157 1198 4212; x_wconf 86' lang='lat' dir='ltr'><strong>merita</strong></span> <span class='ocrx_word' id='word_1_399' title='bbox 1214 4157 1388 4214; x_wconf 83' lang='lat' dir='ltr'><strong>servitiorum</strong></span> <span class='ocrx_word' id='word_1_400' title='bbox 1406 4155 1557 4213; x_wconf 87' lang='lat' dir='ltr'><strong>eorundem</strong></span> 
     </span>
     <span class='ocr_line' id='line_1_42' title="bbox 318 4238 1558 4315; baseline 0.005 -23"><span class='ocrx_word' id='word_1_401' title='bbox 318 4244 453 4310; x_wconf 89' lang='lat' dir='ltr'><strong>perpetuo</strong></span> <span class='ocrx_word' id='word_1_402' title='bbox 471 4238 575 4296; x_wconf 87' lang='lat' dir='ltr'><strong>eisdem</strong></span> <span class='ocrx_word' id='word_1_403' title='bbox 593 4240 763 4298; x_wconf 87' lang='lat' dir='ltr'><strong>contulisset</strong></span> <span class='ocrx_word' id='word_1_404' title='bbox 782 4241 876 4298; x_wconf 87' lang='lat' dir='ltr'><strong>Banus</strong></span> <span class='ocrx_word' id='word_1_405' title='bbox 894 4241 988 4313; x_wconf 87' lang='lat' dir='ltr'><strong>itaque</strong></span> <span class='ocrx_word' id='word_1_406' title='bbox 1012 4243 1088 4298; x_wconf 90' lang='lat' dir='ltr'><strong>misit</strong></span> <span class='ocrx_word' id='word_1_407' title='bbox 1111 4243 1180 4300; x_wconf 90' lang='lat' dir='ltr'><strong>Inus</strong></span> <span class='ocrx_word' id='word_1_408' title='bbox 1204 4245 1331 4300; x_wconf 86' lang='lat' dir='ltr'><strong>comitem</strong></span> <span class='ocrx_word' id='word_1_409' title='bbox 1350 4260 1433 4300; x_wconf 88' lang='lat' dir='ltr'><strong>suum</strong></span> <span class='ocrx_word' id='word_1_410' title='bbox 1457 4245 1558 4315; x_wconf 78' lang='lat' dir='ltr'><strong>Zagru-</strong></span> 
     </span>
     <span class='ocr_line' id='line_1_43' title="bbox 320 4325 1557 4404; baseline 0.006 -25"><span class='ocrx_word' id='word_1_411' title='bbox 320 4325 444 4381; x_wconf 90' lang='lat' dir='ltr'><strong>biensem</strong></span> <span class='ocrx_word' id='word_1_412' title='bbox 463 4331 494 4382; x_wconf 90' lang='lat' dir='ltr'><strong>ut</strong></span> <span class='ocrx_word' id='word_1_413' title='bbox 511 4332 612 4384; x_wconf 87' lang='lat' dir='ltr'><strong>terram</strong></span> <span class='ocrx_word' id='word_1_414' title='bbox 631 4327 746 4386; x_wconf 88' lang='lat' dir='ltr'><strong>eandem</strong></span> <span class='ocrx_word' id='word_1_415' title='bbox 765 4329 965 4386; x_wconf 87' lang='lat' dir='ltr'><strong>reambulando</strong></span> <span class='ocrx_word' id='word_1_416' title='bbox 983 4331 1090 4388; x_wconf 83' lang='lat' dir='ltr'><strong>civibus</strong></span> <span class='ocrx_word' id='word_1_417' title='bbox 1109 4333 1269 4404; x_wconf 81' lang='lat' dir='ltr'><strong>assignaret</strong></span> <span class='ocrx_word' id='word_1_418' title='bbox 1293 4333 1410 4388; x_wconf 84' lang='lat' dir='ltr'><strong>Peracta</strong></span> <span class='ocrx_word' id='word_1_419' title='bbox 1432 4331 1557 4388; x_wconf 85' lang='lat' dir='ltr'><strong>rcambu·</strong></span> 
     </span>
     <span class='ocr_line' id='line_1_44' title="bbox 317 4412 1557 4492; baseline 0.006 -26"><span class='ocrx_word' id='word_1_420' title='bbox 317 4412 421 4469; x_wconf 86' lang='lat' dir='ltr'><strong>latione</strong></span> <span class='ocrx_word' id='word_1_421' title='bbox 445 4415 504 4469; x_wconf 89' lang='lat' dir='ltr'><strong>sins</strong></span> <span class='ocrx_word' id='word_1_422' title='bbox 527 4413 586 4470; x_wconf 90' lang='lat' dir='ltr'><strong>ulla</strong></span> <span class='ocrx_word' id='word_1_423' title='bbox 609 4414 825 4473; x_wconf 82' lang='lat' dir='ltr'><strong>conhadictioue</strong></span> <span class='ocrx_word' id='word_1_424' title='bbox 840 4417 1024 4488; x_wconf 87' lang='lat' dir='ltr'><strong>jobsgionum</strong></span> <span class='ocrx_word' id='word_1_425' title='bbox 1048 4420 1139 4488; x_wconf 71' lang='lat' dir='ltr'><strong>casui,</strong></span> <span class='ocrx_word' id='word_1_426' title='bbox 1164 4420 1286 4492; x_wconf 89' lang='lat' dir='ltr'><strong>perlecto</strong></span> <span class='ocrx_word' id='word_1_427' title='bbox 1311 4420 1455 4492; x_wconf 79' lang='lat' dir='ltr'><strong>priuilegio</strong></span> <span class='ocrx_word' id='word_1_428' title='bbox 1482 4419 1557 4490; x_wconf 86' lang='lat' dir='ltr'><strong>regio</strong></span> 
     </span>
     <span class='ocr_line' id='line_1_45' title="bbox 318 4503 1557 4579; baseline 0.006 -25"><span class='ocrx_word' id='word_1_429' title='bbox 318 4515 410 4556; x_wconf 88' lang='lat' dir='ltr'><strong>coram</strong></span> <span class='ocrx_word' id='word_1_430' title='bbox 438 4503 582 4572; x_wconf 82' lang='lat' dir='ltr'><strong>universis,</strong></span> <span class='ocrx_word' id='word_1_431' title='bbox 609 4504 768 4560; x_wconf 77' lang='lat' dir='ltr'><strong>assentiens</strong></span> <span class='ocrx_word' id='word_1_432' title='bbox 796 4504 885 4560; x_wconf 88' lang='lat' dir='ltr'><strong>banus</strong></span> <span class='ocrx_word' id='word_1_433' title='bbox 912 4506 1053 4563; x_wconf 83' lang='lat' dir='ltr'><strong>collationi</strong></span> <span class='ocrx_word' id='word_1_434' title='bbox 1077 4508 1177 4579; x_wconf 87' lang='lat' dir='ltr'><strong>regiae,</strong></span> <span class='ocrx_word' id='word_1_435' title='bbox 1200 4506 1265 4564; x_wconf 83' lang='lat' dir='ltr'><strong>iecit</strong></span> <span class='ocrx_word' id='word_1_436' title='bbox 1290 4507 1398 4565; x_wconf 84' lang='lat' dir='ltr'><strong>ciuibus</strong></span> <span class='ocrx_word' id='word_1_437' title='bbox 1423 4506 1557 4578; x_wconf 85' lang='lat' dir='ltr'><strong>assignari</strong></span> 
     </span>
     <span class='ocr_line' id='line_1_46' title="bbox 319 4585 550 4645; baseline 0.022 -5"><span class='ocrx_word' id='word_1_438' title='bbox 319 4585 422 4642; x_wconf 84' lang='lat' dir='ltr'><strong>dictam</strong></span> <span class='ocrx_word' id='word_1_439' title='bbox 440 4593 550 4645; x_wconf 84' lang='lat' dir='ltr'><strong>terram.</strong></span> 
     </span>
    </p>
   </div>
   <div class='ocr_carea' id='block_1_9' title="bbox 375 4693 1087 4769">
    <p class='ocr_par' dir='ltr' id='par_1_10' title="bbox 375 4693 1087 4769">
     <span class='ocr_line' id='line_1_47' title="bbox 375 4693 1087 4769; baseline 0.014 -21"><span class='ocrx_word' id='word_1_440' title='bbox 375 4693 590 4752; x_wconf 66' lang='grc'><strong><em>1111661106.</em></strong></span> <span class='ocrx_word' id='word_1_441' title='bbox 609 4696 683 4754; x_wconf 80' lang='lat' dir='ltr'><strong>civit.</strong></span> <span class='ocrx_word' id='word_1_442' title='bbox 702 4697 823 4769; x_wconf 80' lang='lat' dir='ltr'><strong>Zoprah.</strong></span> <span class='ocrx_word' id='word_1_443' title='bbox 841 4699 893 4756; x_wconf 84' lang='lat' dir='ltr'><strong>eol.</strong></span> <span class='ocrx_word' id='word_1_444' title='bbox 912 4700 935 4756; x_wconf 91' lang='lat'><strong>1.</strong></span> <span class='ocrx_word' id='word_1_445' title='bbox 955 4699 1024 4756; x_wconf 88' lang='lat' dir='ltr'><strong>Duc.</strong></span> <span class='ocrx_word' id='word_1_446' title='bbox 1045 4705 1087 4758; x_wconf 83' lang='lat'><strong>63.</strong></span> 
     </span>
    </p>
   </div>
   <div class='ocr_carea' id='block_1_10' title="bbox 0 0 1744 5356">
    <p class='ocr_par' dir='ltr' id='par_1_11' title="bbox 0 0 1744 5356">
     <span class='ocr_line' id='line_1_48' title="bbox 0 0 1744 5356; baseline 0 0"><span class='ocrx_word' id='word_1_447' title='bbox 0 0 1744 5356; x_wconf 95' lang='lat' dir='ltr'><strong> </strong></span> 
     </span>
    </p>
   </div>
  </div>
 </body>
</html>
