3480 5356
707 443 853 490 naoasra.
1338 419 1402 486 329

158 609 325 672 unoellarii.
343 609 536 668 Existentibua
554 609 625 666 inter
643 613 782 666 eaeteroa:
799 607 929 667 Jobanne
947 607 1157 680 archiepiscopo
1171 607 1338 679 Spalatensi,
1359 609 1405 663 Ti·

157 701 272 760 motbso
290 699 423 772 episeopo
441 697 631 770 Zagrabiensi,
649 695 779 753 Rolando
806 695 938 768 palatino,
957 695 1075 752 Herrioo
1098 695 1173 752 bano
1196 697 1283 752 totius
1306 695 1404 754 iilavo·

158 787 230 859 niae,
248 785 351 860 agidio
368 787 443 844 bano
460 785 496 842 de
514 785 636 842 biaobov
653 787 681 839 et
698 782 735 839 tle
754 783 856 852 Boane,
874 783 964 840 Paulo
982 782 1056 839 bano
1068 781 1104 838 de
1117 783 1246 852 Zeurino,
1265 782 1285 839 J
1286 783 1405 839 oaohino

158 875 295 946 magistro
314 873 520 933 uvmioomn
538 872 640 930 comite
652 872 817 928 Posoniensi
835 875 864 926 et
880 870 917 926 de
934 870 1010 942 Pipa,
1023 870 1107 942 Moye
1119 871 1221 927 comite
1238 869 1406 942 simigiensi,

158 961 271 1018 Dedalo
289 961 391 1018 oomite
409 959 577 1018 Zaladienai.
687 950 691 958 ’

213 1051 258 1104 lis
276 1047 389 1105 orobioo
408 1047 537 1103 muers
554 1045 725 1116 Bottbyooi.
749 1045 871 1108 wanoh
892 1044 958 1101 Ood.
977 1045 1049 1114 dipl.
1067 1045 1177 1115 amaa.
1196 1045 1266 1102 ΧΗ.
1283 1049 1324 1102 73.
1339 1045 1406 1102 boa.

159 1133 230 1205 dipl.
246 1134 361 1206 patriae
378 1134 419 1190 ΙΙ.
433 1149 465 1204 p.
483 1135 509 1188 8.

213 1289 308 1346 Μῦν.
326 1295 407 1347 1273.
427 1294 470 1348 25.
487 1290 617 1362 sapuere.
636 1289 797 1362 Capitulum
816 1289 949 1346 ecelesiae
967 1288 1162 1361 Zagrabiensis
1180 1287 1311 1358 desierat,
1328 1288 1405 1360 qnod

160 1377 239 1434 Elias
257 1376 292 1434 de
310 1377 479 1435 Woroedino
503 1377 577 1434 filius
596 1377 711 1433 Martini
729 1377 846 1449 Wolpot
868 1381 969 1434 terram
995 1393 1075 1432 suam
1093 1377 1201 1432 Polana
1218 1377 1283 1432 usui
1301 1381 1408 1448 septem

160 1470 315 1522 aratrorum
334 1465 526 1530 suffimentem.
553 1466 714 1536 contiguam
740 1469 830 1520 terrae
857 1465 990 1536 episcopi,
1014 1462 1143 1520 videlieet
1169 1464 1251 1520 villae
1274 1463 1408 1520 eooieaiae

160 1569 183 1610 s.
202 1553 310 1610 Mariae
327 1552 406 1610 iuxta
424 1551 632 1620 Worosdinum,
650 1567 715 1608 oum
727 1552 858 1608 omnibus
872 1551 1055 1623 pertinentiis,
1067 1550 1213 1628 confessus
1232 1556 1274 1608 est
1292 1566 1322 1608 ee
1340 1567 1405 1608 ven·

160 1637 266 1696 didisse
292 1656 328 1696 ex
355 1639 537 1713 permissione
564 1637 700 1710 Stephani
726 1638 836 1694 comitis
859 1637 1074 1706 Woroedieneis,
1101 1638 1249 1694 Timotheo
1276 1639 1409 1712 episcopo

162 1726 343 1798 ngrsbiensi
368 1743 420 1798 pro
438 1727 474 1784 80
491 1726 591 1782 mareis
614 1725 800 1794 denariorum,
825 1725 917 1780 minus
942 1724 1054 1782 duebns
1071 1725 1182 1795 mareis,
1199 1743 1270 1798 quas
1288 1743 1319 1782 se
1336 1725 1407 1782 dixit

162 1815 301 1888 reeepisse
318 1821 347 1873 et
365 1814 536 1887 esseinsai
554 1811 773 1886 redemptionem
793 1829 810 1868 a
828 1813 1008 1870 Thentonioie
1030 1813 1195 1884 persolutae.

216 1901 516 1960 remeaverint.
539 1903 568 1957 Τ.
587 1903 611 1960 l.
627 1915 655 1970 p.
674 1904 735 1956 166.

213 2058 323 2116 MOVI.
343 2063 423 2113 1273.
442 2063 486 2114 29.
505 2059 637 2129 Septemb.
664 2057 813 2114 LadisIaus
830 2057 883 2114 1v.
902 2074 951 2113 rex
969 2057 1101 2126 notificat,
1119 2058 1195 2130 quod
1213 2075 1277 2116 enm
1295 2073 1404 2130 possea·

163 2147 257 2204 aiones
275 2145 403 2218 Dyoniaii
415 2146 495 2214 eain,
507 2161 581 2217 quae
598 2143 634 2200 ad
652 2161 752 2200 manus
770 2145 861 2215 regias
879 2145 990 2200 fuerant
1000 2144 1156 2214 devolutae,
1175 2145 1301 2202 Iwaneae
1312 2145 1407 2202 eomiti

161 2231 389 2290 bsodniferorum
413 2233 487 2304 regie
509 2232 673 2289 eontulisset
690 2235 719 2287 et
735 2231 840 2287 laetum
863 2231 917 2288 hoo
935 2232 1107 2303 inquisitioni
1131 2233 1246 2305 capitoli
1274 2231 1406 2288 Albensis

162 2320 298 2380 eeclesiae
316 2321 515 2388 commisissem
530 2319 606 2376 idem
625 2319 779 2391 capitulum
800 2319 948 2390 resoripsit,
973 2318 1050 2390 qnod
1074 2335 1157 2375 auum
1181 2320 1319 2376 bominem
1345 2336 1409 2376 oum

162 2406 274 2464 bomine
292 2407 366 2478 regis
385 2408 468 2464 Petro
485 2405 522 2462 de
539 2406 625 2462 Putul
643 2405 679 2462 ad
697 2407 798 2462 laoiem
816 2405 870 2462 ioei
888 2407 1004 2476 miserit,
1022 2407 1070 2478 qui
1089 2405 1208 2463 eundem
1226 2407 1360 2463 Irsnoam
1371 2407 1408 2478 in

159 2499 222 2551 tota
239 2495 367 2566 portione
385 2493 451 2554 dieti
473 2493 602 2565 Dyonisii
620 2494 649 2548 iu
668 2493 741 2548 villis
760 2493 832 2561 Gan,
858 2493 982 2562 Ponoha,
1000 2492 1107 2549 Boldur
1125 2497 1154 2550 et
1170 2494 1269 2564 Meges
1285 2495 1337 2549 rite
1355 2498 1411 2548 ata·

161 2579 287 2638 tuissent
300 2579 407 2636 Datum
425 2597 476 2654 per
493 2579 675 2638 Benedictum
694 2581 884 2653 praepositam
902 2579 1094 2646 Orodieosem‚
1118 2581 1200 2637 aulae
1217 2581 1411 2637 meeoanoella·

161 2667 228 2724 rius.
246 2667 437 2724 Existentibus
455 2667 526 2724 inter
543 2671 683 2724 meteres:
706 2666 817 2724 Joanne
836 2667 999 2739 spalatensi
1024 2667 1241 2740 archiepiscopo,
1265 2668 1413 2724 iimotbeo

162 2753 280 2825 Zagrsb.
298 2754 439 2826 episcopo,
457 2753 587 2812 Rolando
600 2755 732 2826 palatino,
744 2755 868 2812 Henrioo
885 2755 958 2811 bano
976 2755 1061 2812 totius
1074 2755 1231 2824 Slaroniae,
1244 2755 1263 2812 J
1265 2754 1407 2812 orraobino

162 2843 297 2913 magistro
314 2842 527 2910 taremioorum‚
555 2841 663 2914 Ugrino
680 2843 814 2914 magistro
832 2858 988 2914 agasonum
1007 2847 1036 2898 et
1052 2843 1152 2900 comite
1176 2843 1328 2914 Sirmiensi,
1353 2843 1409 2899 De·

163 2928 228 2986 osio
245 2929 347 2986 comite
360 2928 527 2986 Zaladiensi.

218 3015 344 3074 Tuus:
362 3017 438 3072 Mea.
457 3017 531 3072 arist.
553 3018 582 3072 Τ.
601 3019 624 3072 1.
639 3033 670 3086 p.
688 3020 748 3073 166.
820 3093 823 3102 .

218 3172 343 3230 MOVII.
362 3177 439 3232 1273.
459 3179 485 3230 5.
505 3173 596 3230 Octob.
620 3172 770 3230 Ladislaus
788 3175 841 3232 IV.
860 3193 909 3232 rex
926 3181 1024 3232 notum
1042 3175 1116 3244 laoit,
1134 3175 1211 3247 quod
1229 3175 1410 3233 Timotbaeus

165 3261 314 3334 episeopus
332 3261 449 3334 Zagrab.
468 3260 594 3317 exhibuit
618 3262 792 3333 privilegium
810 3261 945 3335 Stephani
963 3265 1045 3334 regie,
1064 3263 1151 3334 patris
1169 3263 1238 3334 ejus,
1259 3263 1311 3320 sub
1329 3261 1407 3320 bulla

165 3363 251 3404 aurea
267 3363 331 3404 oum
349 3347 557 3416 donationibus,
581 3347 757 3405 libertatibus
775 3355 803 3406 et
821 3350 1046 3423 exemptionibus
1065 3367 1135 3422 quas
1154 3350 1270 3406 eeclesia
1289 3350 1409 3422 Zagrab.

166 3451 201 3491 ex
227 3435 375 3492 eousuone
401 3435 647 3507 praedeeessorum
671 3438 745 3508 regis
774 3437 915 3509 possidere
940 3437 1102 3507 dinosoitnr,
1121 3437 1265 3509 petensid
1284 3437 1410 3495 donoro

165 3521 329 3592 confirmari,
346 3523 391 3579 oui
410 3523 536 3594 petitioni
553 3539 603 3579 rex
620 3524 720 3580 annuit
737 3529 765 3581 et
783 3523 875 3596 sigillo
894 3540 946 3580 suo
964 3523 1113 3581 roboravit.

220 3609 343 3668 amaa:
360 3610 439 3666 Mon.
457 3609 521 3668 iot.
542 3612 571 3667 r.
589 3612 614 3668 1.
630 3627 660 3681 p.
682 3615 742 3666 ree.

219 3767 359 3824 llGVIII.
383 3769 508 3840 Spoleti.
531 3773 610 3825 12⁷3.
634 3774 661 3825 9.
682 3765 811 3826 Nobeosb
830 3769 977 3840 Regnante
995 3769 1127 3826 Ludisiao
1146 3769 1197 3826 Ν.
1216 3785 1288 3840 rege,
1307 3773 1414 3840 tempo

166 3854 244 3912 ribus
264 3855 402 3912 Jobsnnis
426 3855 628 3927 arehiepiscopi
650 3855 833 3928 Spalatensis,
851 3857 933 3912 Pauli
957 3856 993 3912 de
1016 3857 1136 3912 Bribirio
1160 3857 1278 3926 comitis,
1302 3857 1416 3927 Rogerii

166 3944 261 4016 Luppi
278 3942 314 3999 de
333 3943 428 4000 Firmo
450 3944 597 4014 potestatis
615 3959 649 4000 ao
666 3943 839 4015 Dragimani
863 3943 953 4000 Dobri
978 3943 1116 4001 Dusoisae
1140 3951 1168 4000 et
1191 3943 1309 4017 Josepbi
1337 3944 1412 3998 Petri

163 4030 299 4102 judicum,
319 4031 469 4086 Marisiava
487 4047 559 4087 uxor
576 4030 719 4102 quondam
747 4031 893 4088 Michaelis
917 4029 1065 4098 Leonardi,
1094 4037 1249 4103 spontanea
1271 4031 1415 4088 voluntate

168 4117 246 4179 dedit
266 4117 340 4175 llliae
359 4133 428 4174 suae
445 4117 558 4174 Dabrae
582 4118 663 4175 uxori
683 4118 784 4176 Jaoobi
808 4117 937 4175 Andreae
961 4118 1063 4175 Petu-iai
1086 4118 1122 4174 de
1145 4117 1258 4186 Jedera,
1282 4119 1345 4190 ipso
1367 4116 1416 4173 Ja-

167 4205 240 4262 oobo
256 4206 447 4262 consentiente
465 4203 581 4261 domum
599 4221 680 4262 snam
698 4205 727 4260 in
745 4206 856 4264 mutate
879 4199 1020 4274 Jadren'si,
1038 4206 1083 4262 oui
1101 4203 1212 4262 adiacet
1234 4205 1335 4262 domus
1359 4205 1416 4260 Da·

167 4294 253 4350 miani
270 4293 404 4350 biiouiiae
430 4297 516 4363 atque
540 4296 630 4348 totum
654 4308 738 4349 snum
765 4294 885 4348 Duarum
911 4292 987 4364 quod
1011 4293 1134 4348 babebat
1155 4294 1184 4348 in
1209 4293 1346 4348 territorio
1367 4291 1416 4347 Ja-

167 4380 269 4449 drensi,
288 4381 342 4438 sub
359 4381 564 4438 existimatione
582 4379 765 4437 ducentorum
777 4385 806 4436 et
823 4381 968 4451 ”aginta
985 4379 1119 4436 librarum
1136 4379 1312 4436 denariorum
1331 4393 1412 4434 rene·

168 4468 286 4526 tinorum
312 4469 500 4540 parvulorum.
529 4467 661 4524 Testibus
679 4509 686 4524 .
706 4508 713 4525 .
732 4508 739 4525 .
757 4468 885 4536 liaeoooe,
910 4467 1007 4524 Leono
1034 4472 1062 4523 et
1089 4467 1173 4523 frene
1199 4465 1414 4536 Bueoanoeopli,

168 4555 307 4612 biiobseie
324 4555 475 4626 Laurentii,
493 4553 591 4615 Simon
612 4555 726 4612 Martini
751 4555 930 4624 examinator,
957 4555 1090 4626 magister
1115 4555 1279 4610 Francisous
1303 4553 1417 4610 anooni·

168 4648 252 4701 nnus
268 4642 377 4717 speleu
392 4643 519 4702 notarius
537 4644 656 4716 soripsit.

221 4747 755 4824 assensionem
