3544 5344
337 428 357 496 8
836 450 857 491 1.
880 434 1079 504 noeumane,

388 616 485 672 XXII.
504 615 610 687 Gluqii,
628 631 662 670 ra.
679 611 836 670 Februario
854 628 881 666 a.
901 615 981 668 1202.
1000 611 1154 668 Rainaldua
1172 628 1229 670 una
1246 629 1309 670 cum
1328 613 1387 668 suis
1404 613 1577 683 haeredibus,

336 703 423 760 donat
439 703 459 758 J
460 703 562 764 ohanni
580 701 666 756 Bolso
683 706 712 756 et
730 699 789 754 eius
807 697 974 754 haeredibus
991 699 1019 752 in
1037 699 1194 768 praesentia
1211 699 1326 754 Bacileri
1338 699 1440 755 Veneti
1458 702 1577 771 gastaldi

337 790 494 860 Olugiensis
518 795 546 844 et
569 789 629 844 eius
653 787 777 844 iudicem
802 785 957 857 portionem
980 783 1015 842 de
1038 791 1112 840 terra
1136 791 1164 840 et
1186 785 1267 840 vinea
1290 786 1318 840 in
1337 785 1454 844 Oissene
1478 792 1576 858 posite.

336 877 433 932 Testes
446 875 570 934 bierunt:
584 875 685 930 Vitalis
698 873 858 928 Zambonus
876 871 1005 938 decanus,
1023 872 1122 926 Petrus
1140 871 1176 931 de
1188 872 1295 930 Putbeo
1311 878 1339 926 et
1351 873 1479 930 Medicus
1495 875 1577 942 Buffi,

340 964 503 1020 Dominieus
521 962 621 1029 Silius,
641 959 775 1018 diaconus
794 964 822 1014 et
838 959 962 1014 somnus
981 959 1104 1029 scriptor.
1324 949 1327 955 ’
1426 1024 1429 1029 ι

392 1049 468 1120 Orip.
485 1051 518 1104 ia
535 1065 594 1106 raca
613 1050 734 1118 critque
752 1047 917 1115 collectione,
941 1047 1020 1100 morlo
1038 1046 1070 1100 ia
1088 1046 1153 1103 br'bl.
1179 1047 1273 1102 acccd.
1298 1047 1394 1104 emeat.
1413 1048 1577 1118 Zaprabiae

389 1171 502 1227 XXIII.
521 1170 626 1244 Clnqii,
650 1169 1059 1224 malvernensem.
1080 1165 1179 1222 viralis
1204 1167 1363 1223 Zambonus
1387 1167 1517 1237 decanus,
1541 1177 1580 1226 te-

338 1259 449 1314 stificat:
474 1257 549 1328 quod
568 1257 613 1312 die
631 1257 728 1327 qulnto
745 1255 864 1310 intrante
887 1271 983 1309 mense
1000 1253 1152 1310 Februario
1171 1261 1318 1325 praecepte
1336 1255 1460 1310 Bacaleri
1478 1256 1579 1312 Veneti

338 1345 519 1416 gastaldIonis
548 1343 638 1413 Olugii
663 1347 690 1397 et
715 1342 776 1412 lege
800 1341 924 1396 iudicum
946 1341 1084 1396 investivit
1108 1357 1192 1396 unam
1219 1342 1415 1412 proprietatem
1441 1347 1531 1398 terrae
1554 1350 1583 1399 et

339 1431 436 1488 vineae
453 1431 483 1486 in
502 1431 618 1486 Oissone
637 1429 756 1500 positam
775 1428 810 1483 ad
829 1445 929 1483 nomen
942 1427 1079 1482 Iohannis
1096 1427 1181 1481 Bolso
1200 1427 1247 1481 filii
1266 1427 1400 1483 Matthaei
1415 1427 1500 1485 Bolao
1512 1431 1578 1499 (sic).

339 1519 419 1586 Quae
437 1517 591 1588 proprietas
605 1515 715 1571 advenit
727 1514 780 1570 sibi
791 1532 809 1569 a
820 1513 945 1570 Jordano
963 1514 1020 1568 filio
1037 1513 1174 1568 Iohannis
1192 1513 1227 1568 de
1244 1514 1360 1569 Pntheo.
1373 1515 1581 1571 Testificantur:

338 1605 468 1660 Matheus
487 1603 579 1659 Silvas
598 1603 671 1658 filius
690 1601 832 1673 quondam
849 1601 968 1668 Martini,
987 1601 1046 1657 Leo
1064 1601 1149 1656 Bolso
1168 1601 1239 1656 fihus
1252 1601 1385 1668 Matbaei,
1404 1619 1486 1673 porro
1503 1605 1581 1658 testis

338 1693 438 1747 Petrus
456 1689 491 1746 dc
509 1691 626 1761 Rogana
644 1696 671 1744 et
685 1687 879 1744 Varimbertus
890 1687 1026 1742 Venetus.
1045 1688 1209 1744 Dominicus
1228 1687 1321 1744 Silvas
1340 1687 1538 1745 subdiaconus
1556 1696 1584 1746 et

338 1779 462 1834 notarius
480 1777 636 1848 complevit.

394 1865 539 1935 Oripiaale
555 1864 587 1918 ia
605 1879 665 1917 area
683 1862 803 1930 critque
821 1859 987 1930 collectione,
1005 1877 1081 1917 aare
1098 1863 1130 1917 la
1147 1862 1211 1917 ascl.
1229 1863 1389 1920 academiae
1406 1879 1481 1933 capr.

392 1987 502 2044 XXIV.
515 1988 549 2042 In
560 1986 723 2044 Absarensi
740 1985 854 2060 palatio
872 1983 1036 2052 tumltiaae,
1055 1987 1094 2040 15.
1110 1985 1207 2040 maii
1219 1988 1298 2040 1202.
1316 1985 1415 2042 Daria¹
1427 1985 1480 2042 Dei
1493 1987 1582 2056 gratia

339 2075 496 2132 absarensis
515 2073 655 2129 comitissa
673 2090 729 2128 nna
747 2089 810 2128 cum
828 2071 891 2126 filiis
910 2072 967 2126 suls
985 2071 1108 2126 lieberto
1127 2077 1154 2126 et
1172 2072 1254 2127 Petro
1272 2073 1428 2138 comitibus,
1450 2073 1585 2144 premittit

339 2163 448 2220 arbensi
466 2161 567 2216 deitati
587 2178 638 2231 pro
657 2176 686 2214 se
705 2164 733 2214 et
751 2161 809 2214 suis
827 2157 955 2214 omnibus
975 2157 1045 2224 filiis,
1065 2157 1140 2228 quod
1160 2159 1183 2212 si
1201 2159 1333 2216 arbenses
1351 2161 1439 2216 filium
1457 2161 1517 2216 eius
1529 2160 1584 2216 Ro·

339 2250 448 2304 bertum
465 2248 579 2302 fecerint
596 2247 723 2302 comitem
742 2245 896 2310 arbensem,
916 2245 1010 2300 omnia
1024 2246 1090 2318 jura
1108 2251 1245 2312 veterana,
1265 2263 1338 2318 quae
1352 2247 1437 2302 habet
1453 2247 1482 2302 in
1494 2247 1584 2302 Kassa

339 2337 378 2392 eis
396 2335 472 2390 vellit
489 2331 647 2398 concedere,
672 2348 819 2402 quousque
838 2331 927 2386 dicbus
951 2349 1045 2388 comes
1063 2332 1202 2390 Roberbrs
1221 2334 1249 2388 in
1268 2333 1367 2390 eodem
1395 2334 1523 2388 existeret
1540 2349 1584 2388 co-

338 2423 444 2489 mitatu,
467 2421 540 2476 dieto
563 2437 628 2476 vero
645 2419 768 2476 Roberto
790 2416 940 2474 decedente
958 2421 1001 2473 vel
1035 2419 1196 2486 deficiente,
1221 2421 1334 2476 siblios
1358 2421 1418 2476 eius
1435 2420 1478 2474 vel
1502 2419 1585 2474 irater

341 2525 434 2564 comes
458 2507 548 2574 fuerit,
573 2505 744 2578 praedictum
768 2506 860 2560 locum
883 2505 990 2560 Kessae
1014 2505 1155 2576 praedicto
1179 2505 1263 2562 modo
1290 2513 1389 2574 teneat,
1417 2507 1459 2562 sin
1483 2506 1582 2572 miuus,

341 2597 406 2667 jura
424 2596 580 2654 comitissae
598 2593 634 2650 ad
651 2595 742 2666 ipsam
759 2593 873 2648 redeant
891 2599 919 2648 et
936 2593 1076 2649 Arbenses
1094 2593 1169 2666 apud
1187 2595 1327 2652 Arbenses
1345 2599 1511 2650 remaneant.

395 2683 516 2738 Lucius:
535 2684 577 2736 De
594 2696 677 2751 repas
696 2681 860 2738 Dalmatiae
877 2686 903 2736 ei
923 2679 1061 2736 &catice
1080 2681 1139 2736 Lib.
1159 2681 1301 2752 1V.,oap.
1324 2681 1404 2736 VIII.

397 2803 491 2858 XXV.
517 2804 636 2860 Romae
659 2802 807 2868 Laterani,
830 2804 869 2854 21.
888 2801 1147 2856 Naaerrbris1202.
1171 2801 1350 2858 Innocentius
1368 2802 1423 2856 III.
1448 2818 1522 2873 papa
1550 2801 1585 2854 si-

343 2890 456 2960 gnificat
473 2888 663 2958 Blernardino)
687 2887 838 2958 spalatensi
860 2887 1068 2959 archiepiscopo
1093 2893 1121 2943 et
1137 2889 1260 2942 Iohanni
1278 2890 1421 2960 capellano
1446 2895 1473 2943 et
1493 2888 1584 2958 legato

340 2991 399 3044 suo,
418 2993 481 3032 oum
493 2977 520 3030 in
536 2981 608 3031 terra
621 2975 722 3030 collini
737 2975 801 3029 bani
820 2975 969 3030 multitudo
986 2975 1129 3031 hominum
1147 2981 1276 3042 moretur,
1290 2977 1337 3046 qui
1351 2975 1385 3029 de
1399 2975 1583 3029 Oatharornm

342 3063 449 3118 haeresi
468 3067 533 3118 sunt
551 3063 726 3118 vehementer
750 3063 871 3132 suspecti
890 3067 917 3116 et
934 3063 1054 3131 gravitm
1071 3061 1203 3127 infamati,
1228 3063 1357 3132 quocirca
1381 3061 1489 3132 scripsit
1511 3077 1585 3132 papa

340 3149 464 3205 Henrico
482 3150 541 3220 regi
560 3149 664 3218 Hung,
689 3149 738 3218 qui
757 3147 857 3202 Oulino
882 3148 955 3202 bano
974 3149 1121 3219 praecepit,
1140 3155 1173 3202 ut
1189 3148 1348 3204 huiusmodi
1373 3148 1498 3202 homines
1523 3165 1585 3219 pro-

342 3237 480 3292 scriberet
504 3235 561 3291 Sed
580 3251 717 3290 excusans
735 3249 765 3289 sc
783 3234 873 3288 banus
891 3233 1041 3305 respondit,
1066 3234 1141 3304 quod
1160 3251 1208 3290 eos
1226 3253 1282 3290 non
1303 3235 1455 3290 haereticos
1474 3233 1522 3290 sed
1542 3251 1585 3289 ca·

341 3323 459 3379 tholicos
478 3339 539 3378 esse
557 3321 694 3388 credebat,
720 3328 833 3392 paratus
855 3319 992 3391 quosdam
1010 3319 1046 3375 ad
1064 3322 1157 3376 sedem
1181 3321 1362 3391 apostolicam
1383 3321 1529 3388 destinare,
1555 3327 1586 3376 ut

343 3411 426 3466 fidem
445 3427 524 3465 suam
542 3415 720 3480 exponerent.
745 3409 842 3479 Nuper
866 3425 931 3478 ergo
951 3407 1067 3462 Oulinus
1090 3408 1180 3462 banus
1199 3407 1436 3479 archiepiscopum
1454 3415 1483 3464 et
1500 3409 1585 3464 arohi-

342 3497 490 3552 diaconum
514 3497 675 3566 ragusinum
693 3513 756 3550 cum
778 3495 907 3566 praefatis
931 3494 1090 3550 hominibus
1114 3495 1233 3550 Romam
1255 3494 1403 3550 destinarit
1427 3502 1532 3568 petens,
1554 3501 1585 3550 ut

343 3601 419 3655 papa
442 3584 562 3654 aliquem
586 3583 675 3638 virum
698 3583 733 3637 de
757 3583 842 3637 latere
860 3583 958 3636 suein
977 3585 1098 3636 Bonnam
1117 3582 1243 3648 mitteret,
1269 3581 1316 3652 qui
1334 3581 1460 3637 homines
1478 3581 1513 3637 dc
1531 3581 1586 3636 fide

344 3670 514 3724 examinaret
532 3675 560 3724 et
577 3668 729 3740 plantanda
747 3668 891 3740 plantaret
916 3666 1033 3722 Mandat
1050 3669 1133 3737 igitur
1154 3669 1285 3740 praefatis
1302 3669 1424 3724 Iohanni
1442 3669 1585 3740 capebano

343 3761 371 3810 et
395 3756 426 3810 Β.
445 3755 660 3826 archiepiscopo,
688 3761 719 3808 ut
736 3755 856 3810 Romam
880 3755 1032 3824 procedant
1055 3756 1141 3812 etde
1165 3755 1219 3812 fide
1242 3761 1300 3812 tam
1323 3757 1396 3824 bani,
1417 3773 1502 3827 quam
1525 3755 1586 3827 ejus

346 3843 440 3897 moris
459 3847 487 3897 et
503 3842 647 3898 hominum
664 3847 753 3896 terrae
770 3841 918 3910 inquirant

396 3929 532 3986 Tta'arr:
550 3929 628 3984 Mon.
647 3927 721 3984 Slac.
740 3929 835 3982 maid.
853 3929 887 3998 I,
903 3945 930 3997 p.
950 3932 990 3982 15.

395 4049 505 4106 XXVI.
524 4051 558 4105 A.
571 4053 652 4107 1202.
670 4049 834 4105 Hemericns
853 4051 935 4120 Ung,
954 4051 1054 4118 Dalm,
1074 4051 1175 4119 Oroat,
1194 4052 1355 4122 Ramequae
1373 4070 1429 4118 rex,
1449 4053 1506 4122 egit
1523 4069 1584 4122 gra·

343 4137 395 4191 tias
414 4137 574 4192 consulibus
593 4144 620 4192 et
638 4138 743 4208 populo
761 4137 832 4192 civit.
852 4139 1025 4208 spalatensis,
1053 4137 1128 4208 quod
1147 4137 1172 4192 ei
1197 4139 1356 4194 fidelitatem
1374 4139 1541 4193 servaverint
1558 4141 1586 4191 et

344 4230 459 4290 servem,
479 4229 506 4279 et
523 4223 695 4278 Bernardum
713 4223 949 4296 archiepiscopum
968 4241 1062 4279 amore
1080 4241 1136 4294 quo
1155 4224 1248 4280 decuit
1264 4225 1466 4280 honoraverint
1490 4223 1584 4277 Liber·

343 4315 414 4365 tates
433 4317 461 4366 et
477 4310 596 4366 honores
615 4327 711 4366 eorum
729 4317 857 4383 paratum
876 4326 906 4364 ee
924 4310 1045 4366 declarat
1063 4319 1208 4382 protegere
1226 4313 1300 4366 omni
1319 4317 1452 4382 tempore.

396 4397 529 4452 Farloti:
547 4399 629 4469 Illyr.
647 4413 718 4454 sacr.
740 4399 769 4452 Τ.
787 4397 854 4468 111,
870 4415 900 4467 p.
921 4401 983 4451 234.

397 4547 408 4580 ¹
431 4545 503 4602 Filia
526 4545 664 4602 Leonardi
690 4545 797 4601 comitis
821 4544 922 4600 Absarl
949 4543 1060 4614 atejus
1087 4545 1182 4600 uxoris
1206 4543 1241 4600 N.
1266 4543 1340 4598 filiae
1367 4543 1445 4598 ducis
1470 4543 1586 4598 Dessae.

345 4613 440 4670 Huius
458 4615 595 4672 leonardi
619 4616 702 4672 frater
720 4615 853 4671 Nicotaus
878 4613 960 4682 (iilius
978 4613 1079 4670 Vltalis
1097 4613 1240 4670 Michaelis
1265 4612 1342 4670 ducis
1360 4613 1470 4682 Venet)
1488 4611 1586 4668 habuit

346 4699 460 4738 uxorem
478 4685 596 4740 Mariam
613 4684 752 4740 Ladislavi
773 4683 808 4740 de
827 4685 912 4758 stirpe
929 4682 1014 4758 regali
1031 4683 1190 4756 hungarica
