3376 5350
635 415 782 460 arensis.
1017 477 1034 503 χ
1140 433 1148 454 ι
1269 408 1334 474 405

88 593 215 648 dominae
238 595 343 650 statuit
365 593 412 649 sd
435 595 674 666 interpositionem
692 599 895 670 praedictorum
920 599 1038 654 cassavit
1057 600 1140 654 etiam
1159 599 1255 670 regina
1273 615 1334 654 eam

88 679 266 736 donationem
285 681 376 737 dictas
394 685 584 754 possessionis,
603 701 686 755 quam
705 686 819 762 dederat
837 686 945 742 Jacobo
964 687 1021 742 filio
1039 687 1150 755 Ponith‚
1169 689 1217 758 qni
1237 693 1333 742 contra

88 785 148 823 eam
165 770 249 824 talem
269 771 406 826 commisit
423 771 623 837 infidelitatem,
641 773 715 843 quod
733 776 804 830 inter
823 791 884 828 cam
902 781 930 830 et
950 775 1111 830 Ladislaum
1124 791 1226 846 regern,
1245 775 1334 830 filium
1402 841 1406 848 ¹

88 873 177 924 suurn,
196 859 226 914 iu
244 857 430 930 legationibus
449 877 518 930 quas
537 861 562 914 ei
580 861 703 928 confidit,
722 862 889 917 discordiam
902 863 1046 918 suscitavit
1062 879 1119 916 non
1137 861 1284 916 modicam.
1298 861 1336 916 Et

88 945 265 1014 postmodum
281 961 344 1000 cum
358 947 547 1016 possesionem
564 965 643 1002 suam
662 953 690 1004 et
708 950 812 1020 regiam
831 949 1132 1020 Kalman·Kiralychey
1144 965 1194 1020 per
1206 965 1266 1004 eam
1279 949 1332 1019 ipsi

88 1033 217 1086 collatam
237 1035 416 1103 repetivisset,
435 1035 496 1104 ipse
514 1034 603 1089 elatas
621 1035 649 1090 in
668 1037 827 1106 snperbiam
852 1042 948 1090 contra
965 1036 1042 1090 illam
1068 1042 1097 1090 et
1121 1035 1223 1106 regem,
1247 1041 1333 1090 taver-

87 1120 181 1174 nicum
200 1122 310 1190 reginas
328 1119 447 1176 Paulum
465 1121 501 1176 ad
520 1121 573 1176 lroc
591 1123 626 1176 ad
639 1123 732 1192 ipsum
746 1123 921 1191 destinatum,
936 1123 1027 1193 capite
1039 1123 1177 1177 truncavit
1190 1129 1218 1177 et
1230 1121 1332 1178 occidit
1427 1125 1431 1132 “

86 1213 115 1261 et
139 1207 180 1262 sic
203 1209 293 1278 ipsam
312 1210 515 1278 possessionem
534 1209 612 1280 (lhey
631 1209 759 1266 funditus
778 1211 914 1266 destruxit
933 1212 1022 1281 ipsam
1040 1211 1076 1265 ab
1094 1211 1142 1264 illa
1160 1207 1331 1265 renubendo.

86 1293 193 1348 Datum
212 1311 261 1366 per
279 1311 379 1350 manua
397 1296 527 1366 Vorhszy
546 1298 695 1368 praepositi
715 1298 750 1354 de
773 1297 883 1370 Posagu
905 1298 988 1352 arulae
1010 1297 1141 1369 reginalis
1165 1297 1331 1364 cancellarii,

86 1381 207 1436 doctoris
225 1381 327 1453 legum,
347 1383 450 1440 domini
469 1385 563 1456 Papae
581 1385 724 1456 Capelani.

139 1469 239 1538 ster:
261 1469 326 1525 Coti.
345 1471 414 1540 dapl.
436 1473 466 1528 Τ.
489 1472 519 1527 V.
538 1471 588 1527 ool.
609 1474 669 1528 ΙΙΙ.
686 1488 715 1540 p.
735 1475 795 1528 322.

140 1610 247 1666 MODI.
266 1611 353 1680 Apud
370 1613 523 1670 Barninm.
541 1616 618 1670 2287.
637 1617 662 1668 1.
686 1613 767 1668 Febr.
790 1613 936 1684 Regnante
962 1611 1063 1667 (larolo
1081 1627 1148 1682 rege
1165 1611 1277 1668 Siciliae
1302 1617 1330 1666 et

86 1697 285 1766 Hyemsalem,
303 1699 438 1756 Nicotaus
456 1700 645 1756 Oavamaccue
663 1702 762 1773 regalis
780 1701 872 1756 Baroli
890 1701 976 1755 iudex
994 1699 1196 1756 contestibus
1214 1705 1242 1756 st
1259 1700 1332 1754 litte·

85 1787 153 1840 ratis
171 1785 207 1840 ad
219 1786 274 1841 hoc
286 1789 390 1842 vocans
403 1788 533 1856 latentur,
546 1789 622 1859 quod
635 1789 782 1844 Mathaeus
796 1789 830 1844 de
842 1787 947 1859 Longis
960 1787 995 1843 de
1007 1787 1099 1842 Trano
1112 1788 1225 1842 nundus
1237 1787 1330 1840 fratris

84 1873 297 1929 Bonaventnrae
314 1874 514 1948 archiepiscopi
529 1875 665 1948 Ragusini
692 1877 813 1932 ostendit
837 1876 972 1947 quasdam
996 1875 1102 1930 litteras
1124 1874 1329 1946 procuratorias

86 1959 168 2014 datas
186 1961 252 2016 olim
270 1963 305 2016 ab
325 1963 423 2017 eodem
441 1963 633 2035 arhiepiscopo
647 1964 710 2018 dno.
723 1964 872 2019 Barsuccio
885 1964 919 2018 de
937 1963 1045 2020 Olerico
1069 1964 1121 2018 civi
1140 1968 1169 2017 et
1186 1963 1332 2018 mercatori

84 2047 243 2104 Lucanensi
261 2065 346 2120 snper
363 2049 534 2106 extrahenda
552 2057 625 2106 certa
645 2053 799 2121 quantitate
818 2051 949 2106 frumenti
969 2051 1004 2105 de
1022 2055 1104 2122 portu
1128 2049 1229 2104 Baroli.
1255 2048 1332 2114 Quas

83 2135 192 2190 litteras
210 2137 290 2206 petiit
307 2137 420 2192 nuntius
439 2138 467 2192 in
486 2139 626 2209 publicam
645 2138 763 2194 sormam
775 2137 872 2210 redigt,
884 2139 913 2192 iu
926 2137 1028 2208 quibus
1041 2137 1240 2204 continebatur,
1253 2135 1331 2206 quod

83 2223 158 2276 idem
177 2225 291 2278 nuntius
310 2225 478 2280 Barsuchins
496 2226 603 2280 extrahi
622 2226 705 2282 debet
723 2226 757 2281 de
776 2231 858 2296 portu
877 2224 976 2294 Baroli,
996 2224 1127 2279 frumenti
1150 2224 1252 2280 salmas
1275 2229 1329 2278 tre·

85 2317 181 2366 centas
200 2328 249 2382 per
266 2328 341 2366 mare
359 2313 395 2368 ad
414 2320 515 2368 terram
535 2313 649 2385 Ragnsii
666 2331 717 2385 pro
735 2331 788 2368 usu
807 2330 858 2368 suo
877 2317 905 2366 et
922 2313 1043 2368 familiae
1067 2329 1142 2380 suae,
1168 2311 1202 2366 de
1229 2311 1331 2382 quibus

84 2399 181 2453 salmis
198 2399 329 2454 frumenti
341 2400 378 2454 ad
397 2401 557 2472 petitionem
570 2401 777 2458 illustrissimae
789 2401 900 2472 reginae
912 2399 1024 2456 Serviae
1036 2399 1174 2456 concessit
1189 2398 1331 2454 licentiam

85 2487 220 2542 ...sicut
237 2488 266 2541 in
284 2503 352 2542 snae
371 2489 542 2544 celsitudinis
559 2490 658 2544 litteris
676 2492 779 2561 apertis
797 2489 961 2544 continetur.

144 2573 218 2645 Ovv'p.
238 2575 353 2630 Mcmbr.
372 2577 403 2629 in
422 2577 534 2630 arctico
551 2578 619 2646 reip.
633 2577 804 2648 Rogasinae.

140 2729 261 2786 MGDII.
280 2735 357 2786 1287.
374 2734 400 2788 5.
418 2733 576 2796 Februarii.
597 2733 759 2804 Capitulum
777 2734 911 2788 ecclesiae
935 2734 1015 2804 Zagr.
1040 2733 1087 2788 dat
1112 2748 1162 2804 pro
1189 2733 1329 2798 memoria,

84 2817 164 2888 quod
183 2819 341 2874 constitutis
360 2820 500 2876 Domaldo
518 2821 575 2876 tilio
599 2820 730 2886 Thorace,
754 2822 960 2890 consanguineo
984 2819 1103 2874 Lantech
1130 2825 1158 2876 et
1181 2819 1269 2874 Stank
1295 2821 1331 2875 ab

83 2921 143 2958 una
162 2911 247 2974 parte,
266 2907 302 2961 ab
320 2908 408 2962 altera
425 2924 490 2962 sero
517 2908 623 2963 Brache
640 2924 690 2978 pro
710 2908 822 2962 domino
840 2924 891 2962 sno
910 2907 1012 2970 comite
1037 2905 1158 2962 Martino
1181 2907 1332 2962 castellano

84 2991 125 3047 do
144 2992 275 3063 Blagosa,
293 2994 367 3050 idem
392 2995 548 3050 Domaldus
572 2995 716 3050 consessus
740 2996 776 3050 sit
794 3011 824 3049 ae
842 2995 979 3066 recepisse
998 3011 1015 3048 a
1033 2995 1133 3050 comite
1152 2994 1274 3048 Murtino
1293 2994 1331 3047 vi·

82 3080 158 3150 giuti
182 3097 295 3150 marcas,
324 3100 373 3154 pro
398 3084 500 3153 quibus
522 3083 654 3152 obligavit
676 3084 832 3153 portionem
857 3099 936 3136 suam
959 3083 988 3136 in
1012 3083 1091 3136 terris
1109 3081 1144 3136 de
1169 3079 1331 3152 Scepniche.

82 3169 246 3224 Astiterunt
263 3170 444 3239 personaliter
462 3170 561 3226 Petrus
583 3170 656 3224 filius
674 3169 821 3237 Lnufrach,
839 3169 928 3224 Odola
946 3169 1020 3223 filins
1032 3169 1198 3239 Dragunlav,
1219 3167 1253 3222 W
1255 3167 1332 3222 ollro·

84 3255 157 3322 zlav,
190 3254 317 3311 Ocrocha
334 3265 361 3312 et
381 3257 555 3324 Karachinus
577 3257 651 3311 filius
674 3257 801 3323 Radilov,
820 3257 985 3328 jobagicnes
1009 3257 1091 3310 castri
1116 3255 1197 3326 Zagr.
1221 3256 1331 3325 cognati

82 3349 115 3396 et
135 3344 317 3398 commetanei
337 3344 403 3398 dicti
421 3345 560 3400 Domaldi.

142 3429 166 3482 Τ
167 3429 269 3484 lusidio:
288 3432 368 3486 Mon.
387 3432 463 3486 Hist.
487 3433 516 3486 Τ.
534 3433 559 3486 Ι.
574 3449 604 3500 p.
622 3435 682 3486 218.

140 3587 444 3662 neumanensis.
464 3593 539 3645 1287.
558 3593 601 3646 20.
620 3591 731 3644 Martii.
755 3590 887 3658 Joannes,
911 3590 1133 3662 archiepiscopus
1158 3567 1330 3662 spalatensis

75 3673 252 3743 manifestat,
271 3693 335 3731 cum
352 3678 381 3731 in
400 3678 541 3748 provincia
559 3678 715 3732 Dalmatiae
734 3695 782 3749 per
800 3696 821 3732 s.
840 3694 982 3736 romanam
1006 3679 1151 3733 ecclesiam
1176 3677 1330 3748 archiprae-

76 3763 195 3820 sulatus
213 3765 363 3836 primatum
382 3770 475 3819 teneat
492 3767 521 3819 in
540 3782 590 3820 sna
608 3765 754 3836 metropoli
780 3767 938 3836 spalatensi,
962 3766 1070 3820 edicere
1094 3765 1154 3822 vult
1179 3766 1330 3830 veritatem,

74 3853 161 3926 quod
179 3870 196 3907 a
214 3852 393 3924 temporibus,
412 3869 530 3922 quorum
549 3853 625 3908 nulla
643 3857 720 3908 exmt
738 3855 878 3921 memoria,
890 3854 919 3907 in
932 3855 1043 3908 civitate
1055 3853 1232 3924 Traguriemi
1249 3852 1331 3907 sedes

73 3940 204 4012 viguerit
221 3939 402 4006 Osthcdralis‚
434 3957 517 4010 quam
537 3941 563 3994 b.
581 3941 723 3996 Laurentii
747 3941 843 3996 fovent
867 3941 965 3995 merita
989 3947 1017 3995 et
1040 3942 1202 4012 patrocinia,
1226 3941 1270 3994 cui
1295 3939 1331 3993 ab

72 4027 189 4086 eisdem
209 4028 381 4098 temporibus
400 4028 491 4082 extitit
509 4028 634 4082 subiecta
659 4028 776 4083 ecclesia
794 4035 821 4082 et
839 4028 929 4082 clema
953 4028 1035 4082 castri
1054 4033 1082 4082 et
1100 4027 1195 4098 oppidi
1223 4027 1330 4082 Sibeni·

72 4116 184 4181 censis,
203 4119 234 4169 ut
252 4119 330 4185 patet
348 4131 382 4169 ex
401 4115 564 4185 pontificum
592 4114 765 4170 documentis
785 4123 812 4169 et
830 4116 915 4169 totius
940 4115 1057 4169 viciniae
1076 4115 1328 4169 acclamationibus.

70 4206 190 4260 Contra
208 4219 278 4272 quos
297 4201 488 4257 Sibenicenses
507 4207 619 4272 propter
637 4203 811 4256 renitentium
824 4219 902 4256 snam
916 4203 1064 4272 episcopus
1082 4201 1196 4272 Tragnr.
1216 4201 1328 4256 Colum-

69 4295 175 4348 bauns
203 4289 495 4344 excommunicationis
522 4290 685 4344 sententiam
710 4288 873 4344 fulminavit.
902 4289 955 4343 (lui
982 4293 1074 4342 tamen
1098 4288 1138 4342 illi
1163 4305 1218 4342 non
1245 4304 1330 4358 paruo

71 4383 160 4444 runt,
178 4375 227 4430 sed
246 4376 282 4430 ad
301 4376 395 4431 sedem
414 4377 595 4447 apostolicam
614 4377 796 4448 appellarunt,
815 4393 899 4446 quam
916 4375 1129 4446 appellationem
1147 4392 1164 4428 a
1183 4375 1330 4429 duodecim

67 4465 166 4524 annia
179 4471 206 4519 et
233 4464 306 4519 ultra
324 4471 390 4519 sunt
407 4465 519 4520 minime
538 4467 685 4535 prosecuti,
704 4466 867 4535 obsequium
887 4465 960 4518 ultro
979 4479 1090 4534 quoque
1109 4462 1277 4532 denegantes
1302 4469 1330 4517 et

65 4551 204 4612 Paulum
223 4551 366 4622 Ungarum
384 4553 413 4606 in
431 4553 591 4622 episcopum
609 4552 808 4622 praeficientes.
827 4551 919 4618 Quem
937 4557 1029 4606 tamen
1048 4551 1264 4620 adpetitionem
1285 4549 1330 4604 Si·

67 4640 275 4700 benicensium
306 4641 366 4710 ipse
396 4639 619 4710 archiepiscopus
646 4640 674 4694 in
702 4640 838 4710 principio
860 4655 1021 4694 consecrare
1048 4637 1137 4692 noluit
1161 4637 1210 4692 sed
1234 4641 1331 4708 postea

67 4727 227 4793 seductus,
246 4727 397 4781 formidans
415 4743 550 4798 personae
568 4743 642 4794 suae,
661 4727 787 4797 petitioni
803 4725 935 4782 adhaesit.
950 4726 1090 4780 Firminus
1107 4733 1201 4780 autem
1219 4726 1329 4796 legatus

1193 4833 1228 4886 ‘29
