3490 5408
691 419 837 464 anonam.
895 373 902 386 ’
1319 397 1384 466 295

138 585 278 640 baronum
301 588 329 640 et
354 601 404 657 per
424 585 553 642 comitem
576 585 612 641 de
640 584 758 654 Verbas,
782 602 816 640 ec
840 601 890 656 per
913 585 1031 642 curiales
1057 587 1172 643 comites
1195 586 1330 658 ejusdem,
1355 605 1385 644 sc

137 679 313 743 conquerant
330 672 417 728 fuisse
435 673 585 744 plurimum
604 677 779 744 aggravatos,
799 673 835 730 ad
855 674 995 744 petionem
1013 674 1140 745 ejusdem
1152 676 1277 746 episcopi
1299 677 1383 731 talem

139 761 258 830 gratiam
282 759 362 814 duxit
385 759 548 828 faciendam,
576 761 651 832 quod
676 761 703 814 in
727 765 811 816 antea
835 761 929 816 nullus
953 761 1090 817 baronum
1114 761 1280 818 descensum
1301 780 1385 834 super

140 847 254 904 eosdem
273 853 434 919 praesumat
452 847 544 904 iecere
562 849 722 916 violentum,
741 849 878 904 concessit
895 865 1010 920 quoque
1028 849 1103 922 quod
1117 850 1231 905 comites
1245 849 1279 905 de
1292 850 1385 905 Vrbaz

139 935 183 990 rel
207 935 268 1006 ejus
291 935 408 991 camales
432 937 547 992 comites
566 937 595 990 in
613 937 692 992 nullo
710 953 777 992 casu
796 935 908 992 eosdem
922 936 1032 992 valeam
1053 936 1182 1005 iudicare,
1202 941 1286 1008 prout
1303 937 1382 992 liber·

139 1027 184 1078 tas
205 1023 324 1079 aliorum
344 1023 512 1096 populorum
537 1023 661 1080 eiusdem
686 1024 810 1095 episcopi
828 1022 856 1078 id
875 1023 997 1094 requirit.
1015 1023 1122 1080 Datum
1140 1039 1308 1096 parmenus
1326 1041 1383 1079 ma-

139 1111 217 1181 gistri
236 1110 370 1168 Demetrii
388 1111 539 1183 praepositi
558 1111 697 1179 albensis,
716 1112 798 1167 aulae
816 1111 1041 1168 vicecancellarii.

194 1197 320 1255 rerer:
340 1199 420 1256 Moe.
438 1199 513 1255 civit.
531 1199 615 1269 Zepr.
637 1201 658 1255 Ι.
673 1202 776 1267 91⁶4·

193 1335 330 1393 OleOI.
357 1341 436 1394 12⁶9.
464 1339 531 1394 Bais
555 1339 613 1394 dux
640 1339 726 1394 totius
749 1337 906 1406 Blavoniae,
928 1337 1086 1393 Dalmatiae
1114 1345 1142 1394 et
1166 1339 1296 1394 Oroatiee
1314 1341 1384 1394 noti·

139 1426 211 1495 ficet,
231 1423 307 1495 quod
331 1442 397 1481 cum
422 1427 495 1481 Bora
518 1425 591 1480 filius
616 1427 769 1498 Hlapunae
793 1441 857 1480 cum
881 1425 1015 1496 proximis
1040 1425 1098 1480 suis
1123 1425 1158 1481 do
1183 1425 1293 1482 Keneee
1317 1427 1385 1497 pula

138 1512 262 1583 Voybna
280 1512 354 1568 filius
372 1511 501 1584 Vytalus,
526 1512 644 1584 Zorynlo
663 1513 739 1568 lilius·
755 1514 828 1570 Ozor
846 1529 909 1568 cum
929 1511 1062 1583 proximis
1080 1529 1177 1567 eorum
1195 1513 1230 1568 de
1249 1513 1384 1584 Borycha.

138 1601 242 1655 Buzete
260 1599 334 1654 filins
354 1599 452 1668 Bracl,
473 1600 587 1656 Posnan
605 1601 680 1656 iilius
699 1599 827 1672 Voybua,
846 1599 978 1654 Grabucb
1004 1599 1078 1654 iilius
1096 1600 1226 1672 Draaegl
1250 1617 1316 1656 cum
1339 1617 1383 1657 co-

138 1687 271 1760 gnatione
288 1702 385 1742 corum
403 1687 438 1742 de
455 1687 602 1759 Bompae,
622 1687 743 1744 Raduna
767 1689 840 1742 filius
859 1687 1002 1758 Ohornog,
1022 1686 1099 1758 Gyrd
1118 1688 1192 1744 filius
1210 1687 1309 1756 Vario,
1335 1689 1387 1760 Zy-

22 1817 26 1824 .
139 1773 213 1830 venlr
231 1774 304 1828 filius
322 1776 510 1830 rborrencum
537 1777 662 1845 cognatis
681 1776 739 1830 suis
762 1774 798 1830 de
822 1774 926 1846 Baiter,
954 1773 1089 1829 Gorirolk
1114 1775 1187 1829 lilius
1216 1775 1384 1846 Dragubrat,

23 4572 45 4628 ¹i

140 1861 229 1918 Jacus
248 1861 321 1916 filius
338 1862 474 1930 Braninlo,
492 1861 588 1918 Obrad
601 1863 675 1918 filius
688 1861 777 1932 Stepk
789 1878 853 1918 cum
867 1861 1001 1933 proximis
1014 1862 1081 1928 suis,
1093 1862 1165 1932 Elya
1177 1861 1251 1917 filius
1263 1861 1388 1930 Starlen,

140 1949 247 2020 Polyme
265 1948 340 2004 lilius
362 1947 471 2022 Vratyn
483 1965 547 2004 cum
559 1950 692 2020 proximis
711 1951 769 2004 suis
787 1949 822 2004 de
841 1948 989 2020 Bychlcha
1008 1950 1049 2004 As
1063 1990 1069 2005 .
1082 1987 1108 2005 ..
1127 1949 1201 2004 Beas
1219 1955 1247 2004 ct
1265 1950 1388 2022 Heynoh

141 2037 190 2092 filii
208 2035 333 2104 Parxicb,
355 2053 447 2092 coram
467 2041 495 2092 et
513 2041 609 2092 contra
627 2035 739 2092 eosdem
763 2040 976 2108 proposuerunt,
995 2035 1071 2106 quod
1089 2036 1143 2106 ipsi
1164 2035 1283 2092 fuissent
1303 2037 1384 2107 joba·

139 2123 230 2194 gionis
258 2123 342 2178 castri
359 2123 388 2178 in
407 2128 480 2178 terra
497 2122 653 2190 Vcdicban,
682 2128 709 2178 et
735 2123 785 2177 filii
809 2121 937 2192 Babonig
955 2123 1046 2194 ipsam
1072 2128 1173 2178 terram
1191 2121 1340 2179 Vodichan
1367 2142 1385 2180 a

142 2215 235 2266 castro
253 2215 416 2282 usurpatam
434 2209 590 2266 detinerent
608 2211 741 2267 violenter
759 2210 881 2266 indebite
900 2226 961 2266 eam
981 2215 1160 2282 occupantes.
1178 2210 1224 2266 Ad
1238 2227 1292 2282 que
1305 2229 1383 2283 prae·

140 2298 191 2354 fati
208 2297 257 2352 lilii
275 2297 404 2368 Bebonig
421 2297 633 2369 responderunt,
660 2298 736 2369 quod
762 2296 904 2368 praedicte
925 2301 1014 2352 terrae
1038 2296 1182 2367 Stephano
1204 2297 1239 2352 de
1264 2297 1386 2354 Goricbe

142 2401 195 2442 avo
214 2401 266 2442 suo
284 2386 410 2455 ipsorum
428 2403 478 2458 per
495 2402 630 2456 magnum
654 2386 817 2454 (seniorum)
843 2383 938 2440 Belem
956 2400 1050 2454 regem
1069 2384 1170 2446 collata
1188 2386 1332 2454 extitisset,
1351 2403 1384 2441 ac

141 2488 190 2544 per
208 2473 364 2528 Henricum
382 2489 415 2528 ac
432 2474 528 2528 Belem
547 2489 640 2543 regem
666 2478 773 2546 petrem
792 2471 872 2528 ducis
890 2472 1001 2528 collatio
1025 2471 1196 2540 confirmata,
1221 2487 1305 2543 super
1330 2491 1387 2544 que
1488 2471 1490 2476 ’

140 2560 288 2616 collatione
305 2560 440 2619 haberent
457 2565 485 2616 et
502 2561 645 2631 privilegia
658 2559 793 2615 dictorum
813 2575 924 2630 regum;
943 2575 1061 2628 quorum
1080 2559 1288 2630 privilegiorum
1311 2566 1384 2616 tran

141 2649 275 2718 scriptum
301 2645 354 2702 sub
377 2648 469 2718 sigillo
494 2647 605 2702 abbatis
629 2648 665 2702 de
692 2647 843 2702 Lonetraht
870 2645 1069 2715 (Lundstrm),
1098 2645 1148 2700 ubi
1171 2646 1233 2717 ipsa
1258 2645 1387 2702 dicebant

140 2751 202 2790 esse
220 2733 349 2806 deposita
368 2739 589 2806 praesentarunt.
609 2734 665 2790 Sed
684 2736 751 2804 quia
770 2731 911 2790 buismodi
930 2731 1063 2786 exhibitio
1083 2733 1291 2802 privilegiorum
1309 2734 1385 2788 suifi-

141 2838 203 2877 ccre
221 2837 277 2878 non
296 2821 443 2876 videbatur
461 2822 531 2876 Iuan
548 2822 642 2878 comiti
661 2820 696 2876 de
715 2821 870 2890 Prodanyz‚
890 2820 1024 2890 magistro
1044 2819 1143 2886 Busae,
1168 2821 1275 2875 cantori
1300 2821 1386 2876 eccle·

142 2910 200 2964 siae
219 2909 339 2980 Zagrab.
358 2914 385 2964 et
402 2909 536 2978 magistro
558 2909 641 2963 Petro
659 2905 853 2962 archidiacono
878 2905 1003 2960 eiusdem
1028 2906 1160 2960 ecclesiae
1179 2905 1276 2961 datum
1295 2914 1337 2962 est
1355 2908 1384 2962 in

145 2995 285 3051 mandetis
303 2995 379 3066 quod
398 2996 575 3066 inspicientes
593 2996 655 3064 ipsa
674 2994 819 3062 originalia
838 2999 865 3048 et
883 2993 1029 3048 transcribi
1047 2993 1179 3048 facientes
1202 2994 1293 3064 ipsum
1312 3000 1384 3049 tran-

139 3085 275 3154 scriptum
293 3082 357 3138 duci
375 3082 600 3144 transmitterent,
628 3079 703 3150 quod
721 3085 749 3134 et
767 3079 872 3134 iactum
891 3085 934 3133 est
952 3086 980 3132 et
997 3095 1046 3149 per
1064 3078 1165 3134 ducem
1191 3080 1384 3150 praesentibus

142 3171 294 3226 baronibus
313 3175 341 3224 et
359 3167 500 3224 nobilibus
518 3167 595 3236 regni
617 3167 660 3220 sui
679 3166 824 3236 privilegia
842 3166 964 3236 perlecta
983 3171 1055 3230 sunt,
1074 3181 1109 3220 ex
1128 3165 1230 3236 quibus
1240 3169 1384 3222 veritatem

139 3257 300 3313 assertionis
329 3256 450 3310 filiorum
477 3254 604 3324 Babonig
631 3253 809 3322 agnoscendo
837 3253 895 3307 dux
923 3251 1080 3323 praedictus
1108 3257 1210 3308 terram
1235 3253 1383 3310 Vodicban

140 3343 245 3399 eisdem
263 3343 299 3398 de
317 3359 390 3397 novo
401 3341 582 3404 confirmavit,
602 3357 634 3395 ea
652 3357 715 3394 cum
729 3340 863 3404 clausule,
876 3339 951 3408 quod
971 3340 994 3392 si
1010 3339 1147 3408 jamdicti
1161 3340 1242 3408 Bora,
1255 3341 1384 3414 Voybna,

141 3431 256 3498 Roscia,
276 3429 396 3484 Raduna
415 3435 442 3483 et
460 3429 544 3482 ceteri
563 3427 691 3497 superius
709 3427 842 3481 nominati
862 3442 948 3497 super
960 3427 1021 3496 ipsa
1034 3431 1107 3481 terre
1119 3426 1275 3498 Vodycban
1290 3436 1386 3485 contra

140 3517 213 3571 filios
232 3516 360 3584 Babonig
377 3515 422 3570 vel
441 3529 508 3570 suos
526 3514 659 3569 haeredes
687 3514 781 3584 aliquo
806 3520 930 3584 tempore
957 3519 1100 3568 moverent
1125 3517 1299 3585 questionem
1323 3517 1385 3588 ipso

142 3602 215 3658 facto
234 3619 285 3674 pro
303 3601 571 3674 calumpniatoribus
590 3607 618 3656 et
635 3601 691 3655 litis
709 3599 905 3656 refractaribus
923 3599 1088 3656 habeantur.
1102 3602 1207 3656 Datum
1223 3620 1272 3673 per
1284 3620 1383 3660 manus

140 3687 264 3744 Ladislai
281 3690 406 3761 episcopi
425 3688 611 3744 Tinniniensis
630 3688 711 3743 atilae
728 3687 809 3742 ducis
828 3687 992 3743 cancellarii.

191 3777 241 3831 It'a
259 3777 370 3832 arctico
389 3777 497 3832 comitis
515 3775 588 3831 Led.
608 3773 723 3843 Blopur'.
742 3775 779 3831 N.
799 3777 824 3830 5.
843 3774 917 3830 aaa.
936 3775 1067 3843 Lopeiit.

194 3916 344 3973 OMXOII.
374 3921 450 3972 1269.
480 3917 548 3972 Bela
574 3917 634 3972 dux
657 3917 743 3972 totius
772 3916 926 3984 maroniae,
954 3914 1113 3972 Dalmatiae
1140 3923 1225 3988 atquc
1253 3917 1383 3973 Oroatiae

140 4020 205 4059 cum
223 4004 289 4059 olim
307 4005 378 4059 inter
396 4005 492 4060 Belem
511 4003 562 4059 1v.
581 4019 674 4074 regem
692 4008 800 4074 patrem
818 4005 915 4074 ipsius,
935 4003 1046 4060 nomine
1059 4005 1128 4072 eius,
1141 4009 1238 4076 utpote
1250 4003 1285 4060 ed
1299 4021 1383 4075 quem

141 4091 201 4147 iure
219 4093 363 4163 geniturae
381 4091 501 4147 ducatus
519 4091 676 4155 Blavoniaa,
698 4091 853 4146 Dalmatiae
871 4096 956 4162 etque
975 4091 1104 4146 Oroatiac
1129 4092 1265 4162 pertinere
1290 4091 1383 4148 dinos-

140 4183 242 4234 cuntur
261 4195 295 4233 ex
313 4195 369 4233 una
395 4185 474 4250 parte
495 4181 523 4233 et
546 4179 710 4248 magistrum
735 4185 762 4232 et
787 4178 885 4233 iratres
904 4178 1013 4250 Templi
1036 4179 1064 4232 in
1089 4178 1213 4249 partibus
1237 4179 1384 4234 antedictis

141 4283 176 4321 ex
193 4267 289 4333 altere,
308 4266 441 4320 suscitata
458 4267 573 4319 materia
591 4265 764 4334 quaestionis
783 4282 867 4336 super
884 4267 993 4320 civitate
1013 4265 1148 4321 Scenniae
1167 4272 1194 4321 et
1205 4267 1383 4337 possessione

140 4353 176 4410 de
203 4353 316 4409 Gecble
343 4353 441 4408 fuisset
462 4351 566 4408 diutius
591 4369 640 4423 per
665 4358 857 4422 procuratores
881 4352 908 4406 in
933 4352 1102 4423 apostolicae
1126 4353 1201 4409 sedis
1224 4353 1302 4408 curia
1326 4352 1381 4408 dis·

140 4447 290 4512 captatum,
317 4440 430 4496 tandem
454 4439 538 4494 fratre
563 4440 709 4496 Francone
733 4445 911 4511 praeceptore
936 4455 985 4494 seu
1009 4441 1141 4511 magistro
1166 4445 1194 4495 et
1215 4445 1384 4495 conventum

142 4545 236 4584 sacrae
254 4528 368 4584 militiae
385 4528 495 4599 Templi
512 4527 548 4583 ad
567 4527 789 4598 procurationem
804 4543 853 4582 seu
866 4526 1096 4598 gubernationem
1114 4527 1259 4583 domorum
1273 4527 1383 4599 Templi

35 4631 41 4680 ,¹
141 4616 289 4684 destinato,
308 4616 398 4671 dictur
425 4616 532 4670 Franco
551 4615 643 4670 etalii
668 4614 765 4668 fratres
791 4630 855 4668 cum
873 4630 938 4684 rege
957 4613 1104 4684 Ungariae,
1130 4619 1227 4685 utpote
1251 4631 1314 4669 oum
1340 4632 1383 4681 eo,

4 4688 54 4809 ἵ(
143 4705 190 4775 qui
209 4721 243 4761 eo
261 4709 386 4776 tempore
404 4703 633 4773 gubernationem
653 4700 857 4772 praedictorum
876 4700 1008 4756 ducatum
1026 4701 1132 4770 babuit,
1151 4701 1224 4758 dicto
1243 4701 1314 4757 duce
1329 4717 1385 4772 qua

16 4816 21 4833 l

10 4859 36 4892 J

4 4899 15 4918 a
