3376 5350
312 323 375 388 382
816 333 835 377 1.
855 321 1063 390 ausumnvrd,

314 529 368 568 uon
396 513 515 568 ioannis
541 521 569 567 et
593 513 722 568 (luidosii
748 513 911 568 Farensium
933 515 1071 584 judicum,
1096 531 1231 570 consensu
1257 521 1285 570 et
1310 516 1455 571 voluntate
1480 517 1580 572 totius

315 601 522 655 communitatis
540 600 678 666 Forensis,
698 601 854 656 Draedosta
873 603 1029 672 (Dragosta)
1055 601 1111 656 filia
1136 604 1278 674 quondam
1299 605 1446 674 Drajectse
1466 605 1578 659 volun-

311 690 379 743 tarie
398 688 499 744 obtulit
517 705 547 743 se
566 689 667 744 servire
686 706 748 743 cum
768 690 897 744 erunibus
917 693 974 745 suis
993 691 1142 745 mobilibus
1160 697 1188 746 et
1206 691 1394 746 immobilibus
1412 699 1475 748 toto
1498 700 1578 748 tem·

311 793 377 846 pore
397 776 468 830 vitae
487 793 561 844 suae,
580 793 644 832 cum
663 777 782 848 quadam
808 779 886 848 pecie
909 785 1005 846 terrae,
1030 795 1101 849 quae
1126 785 1169 834 est
1191 781 1217 832 io
1243 780 1305 834 loco
1331 779 1485 852 Piscopatt‚
1508 799 1577 835 mo-

311 865 431 918 nasterio
456 883 477 918 s.
497 863 606 918 Nicolai
626 865 661 919 de
681 867 768 934 Lissa,
788 883 871 936 qraam
890 875 991 921 terram
1010 867 1083 921 idem
1102 868 1299 922 monasterium
1319 884 1335 920 a
1355 869 1495 938 praesenti
1522 867 1573 922 die

311 951 338 1004 in
357 959 439 1006 antea
458 951 564 1006 tenebit
582 959 609 1006 et
627 953 780 1022 possidebit
799 953 827 1008 in
846 961 1018 1024 perpetuum

363 1039 493 1092 Fcrlati:
505 1039 590 1109 Illyr.
610 1039 688 1094 siner.
710 1042 739 1095 Τ.
758 1041 778 1095 1
781 1041 811 1095 V.
826 1058 856 1110 p.
876 1045 936 1096 248.

365 1181 553 1236 MCOOXIX.
573 1182 658 1250 Apud
678 1184 767 1236 urbem
788 1190 907 1236 oclecou.
929 1187 1003 1236 lael.
1015 1187 1058 1237 23.
1074 1184 1240 1237 Decembris.
1258 1184 1395 1238 Martinus
1409 1182 1460 1236 1v.
1475 1201 1574 1254 papa:

314 1275 428 1323 vacante
447 1268 553 1323 dudum
577 1270 694 1325 ecclesia
721 1270 865 1340 llagusina
889 1288 938 1341 per
962 1271 1069 1325 obitum
1095 1270 1179 1325 Salvii
1203 1271 1410 1342 archiepiscopi,
1434 1273 1573 1324 canonici
1671 1328 1672 1333 .

311 1357 434 1412 eiusdem
455 1357 586 1412 ecclesiae
610 1357 654 1412 Fr,
681 1358 806 1412 Marcum
826 1358 861 1412 de
879 1358 1006 1413 Venetiis
1030 1359 1088 1412 ord.
1114 1359 1189 1412 lratr.
1214 1359 1352 1413 minorum
1374 1358 1402 1412 in
1428 1357 1574 1427 archiepi-

310 1461 426 1516 scopum
454 1461 543 1514 sunm,
571 1449 603 1498 ut
628 1444 729 1500 dicitur
754 1446 905 1515 elegerunt,
931 1448 977 1516 qui
1002 1451 1151 1516 antequ'am
1177 1453 1249 1500 esset
1273 1446 1461 1511 confirmatus,
1486 1446 1572 1499 obiit.

311 1531 379 1586 Post
398 1533 477 1586 cuius
496 1533 601 1586 obitum
630 1533 768 1603 petierunt
791 1533 938 1588 Nicolaum
963 1534 1123 1604 pontificem
1149 1539 1180 1587 ut
1197 1534 1244 1588 ille
1263 1536 1302 1588 eis
1321 1533 1572 1604 archiepiscopum

311 1619 510 1684 denominaret,
529 1622 576 1690 qui
590 1619 624 1674 ad
644 1620 695 1674 hoc
713 1637 815 1674 mainus
835 1621 1020 1675 destinauerat
1037 1621 1198 1692 Philippum
1217 1621 1251 1676 de
1271 1621 1388 1676 Mantua
1410 1621 1501 1690 ipsius
1523 1638 1572 1674 or-

311 1706 390 1774 dinis,
415 1707 604 1778 inquisitorem
626 1708 780 1764 haereticae
805 1709 947 1780 pravitatis
965 1710 993 1763 in
1013 1705 1134 1762 marchia
1150 1709 1305 1774 Tarvisium
1320 1709 1368 1762 illo
1385 1708 1456 1762 hanc
1471 1707 1571 1776 digni-

311 1799 396 1849 tatem
414 1813 471 1850 non
489 1801 659 1865 acceptante,
680 1796 830 1850 nominavit
849 1797 960 1851 fratrem
980 1795 1084 1850 Lucam
1111 1797 1145 1850 de
1171 1795 1268 1850 Padua
1295 1795 1419 1850 eiusdem
1445 1795 1571 1861 ordinis,

311 1883 357 1952 qui
377 1883 503 1938 similiter
520 1899 623 1938 munus
641 1884 799 1953 resignavit.
818 1884 942 1938 Tandem
962 1889 1158 1954 postmortem
1178 1884 1286 1938 Nicolai
1302 1899 1389 1954 papae
1402 1883 1488 1954 elegit
1501 1887 1570 1939 eiua

310 1974 469 2024 antecessor
487 1971 598 2025 fratrem
613 1971 833 2026 llouaventuram
854 1972 888 2026 de
907 1971 1014 2036 Parma,
1039 1988 1121 2042 ‹puem
1141 1988 1195 2041 qua
1214 1970 1452 2042 archiepiscopum
1467 1974 1572 2027 comiti

311 2063 339 2110 et
356 2057 462 2126 populo
479 2058 596 2112 civitatis
615 2059 728 2130 Ragusii
748 2059 779 2112 in
796 2058 904 2131 duobus
923 2060 1056 2129 separatis
1075 2059 1173 2113 litteris
1192 2057 1374 2113 commendat.

364 2146 412 2197 Em
430 2145 561 2200 Bullorio
581 2147 736 2216 Baptistae.
758 2146 823 2202 MS.
841 2163 871 2214 p.
889 2150 932 2201 33.
951 2149 1010 2200 389.

368 2269 539 2324 MCOGXX.
559 2273 635 2324 1281,
655 2270 802 2324 Ladislaus
827 2271 878 2324 IV.
898 2287 946 2324 rex
969 2269 1134 2335 ruanilestat,
1160 2269 1233 2338 quod
1253 2267 1352 2322 Petrus
1371 2269 1415 2335 (de
1442 2269 1570 2336 Palmae)

313 2359 401 2411 bantus
428 2365 456 2411 et
474 2375 567 2412 comes
587 2357 702 2425 Kemen,
727 2357 776 2411 filii
796 2358 902 2412 comitis
925 2357 1068 2412 Benedicti
1086 2358 1308 2426 significaverint,
1328 2357 1403 2427 quod
1422 2361 1570 2426 possessio

312 2443 413 2512 Gayul,
431 2461 503 2514 quae
522 2445 586 2500 olim
607 2445 816 2516 progenitorum
835 2461 949 2499 suorum
968 2446 1058 2500 suerat
1075 2445 1110 2498 ab
1128 2445 1196 2514 ipsis
1215 2445 1274 2498 sine
1291 2459 1386 2498 eorum
1401 2444 1492 2514 culpis
1513 2463 1566 2516 po-

312 2531 461 2586 tentialiter
479 2533 577 2588 fuisset
594 2533 722 2598 alienata,
742 2539 867 2603 petentes
887 2551 979 2604 regem
999 2539 1030 2586 ut
1048 2534 1116 2602 ipsis
1144 2531 1246 2585 dictam
1273 2533 1475 2602 possessiouem
1502 2535 1569 2588 red-

312 2617 377 2672 dere
396 2619 563 2689 dignaretur.
583 2621 691 2674 Idcirco
710 2621 825 2676 dederat
843 2638 890 2675 rex
910 2621 1031 2690 capitulo
1058 2620 1220 2674 Chasmeusi
1239 2621 1266 2673 in
1286 2620 1424 2684 mandatis
1445 2628 1476 2674 ut
1496 2638 1567 2677 cum

311 2705 440 2763 Johanne
459 2707 516 2762 lilio
534 2706 650 2778 Gugyae
668 2707 780 2762 homine
799 2709 882 2778 regie,
902 2710 1023 2762 mitteret
1041 2707 1182 2762 hominem
1208 2725 1297 2772 suum,
1324 2709 1371 2777 qui
1391 2707 1567 2778 praedictam

312 2801 412 2850 terram
431 2795 641 2860 rcambularent,
661 2803 688 2850 et
704 2797 726 2850 si
740 2813 795 2850 non
810 2797 892 2850 fuerit
911 2796 1111 2850 contradiction
1130 2795 1293 2865 petitoribus
1309 2797 1494 2862 restituerent,
1515 2801 1567 2866 qui

313 2883 403 2954 reipsa
422 2883 531 2938 nemine
551 2884 756 2939 contradicente
775 2885 979 2954 possessionem
998 2883 1091 2952 Gayul
1109 2882 1212 2937 eisdem
1231 2882 1315 2937 Petro
1333 2883 1406 2936 bauo
1419 2890 1448 2938 et
1466 2887 1566 2939 comiti

314 2971 420 3025 Kemen
444 2972 630 3026 restituissent
649 2979 677 3026 et
696 2971 808 3026 eosdem
827 2973 854 3025 in
873 2973 934 3041 ipsa
959 2971 1128 3024 statuissent.
1148 2970 1225 3024 Meta
1243 2977 1335 3024 autem
1355 2977 1443 3024 terrae
1464 2971 1569 3041 incipit

313 3059 361 3112 ubi
381 3057 534 3129 Mogoroch
554 3059 641 3130 potolr
660 3060 733 3114 cadit
751 3060 780 3113 in
799 3059 912 3114 fluvium
941 3056 1101 3128 Sopluncha
1124 3061 1151 3112 et
1175 3057 1301 3112 ascendit
1325 3057 1360 3111 ad
1384 3056 1482 3112 vallem
1509 3059 1568 3113 Zu-

311 3145 404 3214 hodol,
425 3147 463 3200 ibi
482 3147 573 3202 tendit
591 3148 619 3201 in
641 3164 771 3217 magnam
790 3148 871 3214 viam,
890 3147 954 3201 inde
972 3147 1044 3199 inter
1062 3145 1158 3198 silvam
1182 3151 1209 3198 et
1232 3146 1326 3198 vineas
1350 3145 1386 3199 ad
1409 3151 1498 3200 metas
1523 3146 1567 3201 St.

315 3233 404 3288 Borch
425 3241 453 3288 et
471 3251 522 3304 per
541 3233 656 3306 longum
675 3235 795 3305 spatium
820 3235 856 3288 ad
882 3233 996 3288 fluvium
1021 3231 1121 3302 Megye
1145 3232 1230 3302 potolr
1257 3237 1285 3286 et
1309 3232 1344 3287 ad
1369 3231 1484 3286 durium
1507 3233 1567 3286 De-

315 3320 410 3374 slnche
429 3321 571 3390 minorem,
590 3331 618 3375 et
635 3339 685 3392 per
703 3321 822 3376 eundem
841 3321 876 3375 ad
896 3321 1010 3374 fluvium
1025 3319 1194 3388 Sopluncha,
1208 3319 1255 3374 ubi
1269 3321 1358 3389 tangit
1371 3325 1471 3372 metam
1486 3319 1566 3375 Petri

315 3407 363 3462 filii
383 3409 534 3476 Benedicti,
554 3415 642 3464 terrae
660 3409 757 3463 Pulrur
776 3416 888 3463 vocatae
907 3417 934 3463 et
953 3425 1002 3477 per
1016 3406 1177 3477 Supluueha
1190 3407 1224 3460 ad
1238 3411 1339 3460 metam
1354 3407 1480 3477 priorem.
1500 3407 1566 3462 Rex

312 3497 398 3565 igitur
416 3496 594 3550 considerans
619 3498 730 3552 servitia
754 3496 828 3550 Petri
852 3497 923 3562 bani,
950 3496 1069 3565 quaein
1094 3495 1208 3548 diversis
1230 3495 1307 3566 regni
1326 3493 1561 3564 expeditionibus,

313 3584 393 3640 bellis
412 3584 541 3639 videlicet
567 3587 704 3640 intestinis
723 3591 750 3640 ct
775 3585 943 3651 extrinsecis,
968 3599 1086 3636 coronae
1111 3584 1203 3651 regiae
1226 3581 1490 3636 incommutabiliter
1514 3583 1564 3636 ad·

313 3672 450 3727 haerendo
469 3673 604 3745 inpendit,
623 3678 651 3726 et
670 3673 825 3743 specialiter
843 3673 871 3726 in
891 3671 1097 3742 expugnatione
1110 3671 1191 3724 castri
1205 3668 1377 3730 Zombuthel,
1391 3668 1467 3738 quod
1479 3675 1562 3740 rupta

314 3777 381 3828 pace
400 3777 449 3830 per
467 3779 559 3830 regem
578 3761 744 3814 Boemorum
763 3766 874 3830 captum
894 3759 992 3825 isserat,
1012 3758 1059 3812 ubi
1080 3756 1189 3810 laetalia
1213 3757 1327 3810 sustulit
1350 3755 1471 3822 vulnera,
1496 3773 1561 3812 con·

314 3848 438 3901 sideratis
466 3850 547 3902 ctiam
575 3849 641 3914 hiis,
669 3865 740 3918 quae
764 3849 791 3902 in
821 3845 1028 3917 compescendis
1047 3845 1156 3898 Oroatis
1183 3852 1211 3898 et
1235 3844 1394 3898 hominibus
1421 3845 1560 3898 transdra·

314 3937 404 3999 u'auis,
424 3935 470 4005 qui
490 3953 519 3989 sc
542 3936 575 3989 de
597 3935 790 4004 jurisdictione
815 3936 890 4004 regis
915 3933 1045 3986 volebant
1067 3931 1193 3998 alienare,
1214 3933 1289 4002 ipsos
1308 3932 1447 4001 potentiae
1467 3933 1559 4000 regiae

314 4023 471 4077 reducendo
490 4024 613 4077 exercuit
631 4031 659 4076 et
677 4023 819 4093 impendit.
838 4023 907 4075 Tam
926 4023 1009 4090 igitur
1027 4020 1054 4073 in
1074 4020 1357 4088 recompensationem
1375 4019 1558 4084 servitiorum,

314 4128 395 4181 quam
416 4112 497 4164 etiam
517 4129 551 4166 ex
570 4113 675 4165 ratione
694 4129 728 4166 nc
747 4112 774 4164 in
795 4109 1015 4180 possessionibus
1034 4107 1101 4160 olim
1126 4123 1175 4176 per
1198 4108 1388 4176 progenitores
1408 4122 1472 4172 suos
1498 4121 1559 4175 pos·

314 4201 396 4253 sessis
416 4207 442 4253 et
463 4199 640 4269 postmodum
661 4199 748 4252 Paulo
773 4199 865 4253 comiti
895 4197 970 4250 fratri
997 4211 1047 4247 sito
1072 4211 1121 4263 pcr
1146 4211 1239 4262 regern
1265 4193 1373 4247 traditis
1398 4183 1557 4247 extraneum

314 4288 406 4340 doleat
434 4303 628 4356 possessorem,
648 4304 695 4340 rex
724 4287 826 4340 dictam
854 4285 1057 4354 possessiouem
1082 4283 1175 4351 Gayul
1200 4282 1252 4352 ipsi
1280 4283 1364 4336 Petro
1394 4291 1421 4335 et
1453 4281 1557 4336 Kemen

315 4374 391 4428 fratri
412 4376 538 4428 restitrut.
558 4376 663 4428 Datum
683 4389 730 4443 per
749 4389 848 4427 manus
867 4373 1001 4425 Anthonii
1021 4371 1153 4439 magistri,
1172 4371 1251 4423 aulae
1272 4369 1495 4424 vicecancellarii.

351 4463 397 4514 Er·
417 4469 592 4530 transumpto
612 4461 788 4532 Sipr'smuudi
806 4461 877 4528 repis
896 4459 928 4512 dc
947 4477 972 4510 u.
996 4461 1069 4511 mel).
1081 4473 1133 4524 pro
1147 4457 1284 4510 Lodisluo
1302 4458 1360 4523 tilio
1375 4457 1488 4510 Nicoloi
1501 4456 1558 4522 tillo

315 4549 400 4602 Pauli
420 4549 451 4602 tle
470 4552 567 4603 Pubuc
586 4568 618 4602 cc
638 4551 784 4620 irirspru'sico
803 4549 912 4602 Jolicuc
931 4546 963 4600 (lc
983 4545 1098 4598 llurotb
1116 4545 1190 4597 ulios
1210 4546 1281 4596 boae
1300 4545 1499 4599 illrrcbouieusi.
1522 4543 1556 4596 Iu

315 4638 425 4694 <trebiae
446 4638 577 4691 callicrati
596 4637 721 4692 Budcasl
741 4641 958 4690 conseruato-
982 4633 1109 4687 ll'cucel:
1131 4631 1195 4687 Cod.
1216 4632 1283 4701 dipl.
1305 4631 1413 4701 Arpud.
1427 4631 1481 4685 IX.
1499 4633 1556 4686 292.
