3464 5382
703 433 846 476 anonsna.
1340 420 1400 481 109

153 601 212 650 tate
239 595 372 651 ecclesiae
400 596 558 666 praedictae
586 613 635 652 seu
664 597 762 650 ultano
780 613 802 650 s.
820 596 946 664 Joannis,
976 597 1057 666 Vegl.
1075 598 1202 670 diocesis,
1229 602 1402 658 obedientiae

155 698 176 736 s.
197 681 329 751 Cypriani
347 680 382 736 de
402 682 521 738 Murano
539 683 719 738 Torcellanae
737 681 879 747 dioecesis,
909 684 952 737 ius
972 691 1134 754 patronatus
1153 687 1293 753 ecclesiae,
1318 705 1402 757 qaam

155 784 219 823 cnm
239 783 292 822 suo
310 767 393 824 fratre
411 769 541 824 Johanne
559 769 677 824 diacono
696 776 723 823 et
741 770 849 825 acurio
868 769 991 838 veglensi
1009 770 1185 826 haedificavit
1202 780 1230 826 et
1247 775 1402 829 construxit

154 853 190 908 ad
210 853 343 910 honorem
363 855 388 908 b.
409 856 496 910 Marci
521 855 688 924 evangeliste
713 863 741 910 et
759 854 808 910 ΕΒ.
828 855 947 911 Cosmae
972 863 999 910 et
1017 857 1147 912 Damiani
1171 861 1199 918 in
1223 866 1349 916 contrata
1366 860 1402 915 de

154 940 269 1010 populo,
288 957 351 995 cam
371 941 501 996 omnibus
521 941 694 1012 pertinentiis
713 941 748 996 ad
768 943 912 996 ecclesiam
931 944 1129 1014 spectantibus.

207 1027 336 1081 Farlati:
355 1027 437 1096 illyr.
455 1043 526 1082 saer.
549 1029 577 1082 Τ.
601 1027 640 1095 V,
659 1031 719 1082 643.

209 1147 434 1202 cocaxxvn.
453 1149 488 1202 A.
509 1152 586 1200 1239.
608 1154 630 1202 7.
650 1149 820 1204 Novembris.
845 1149 913 1204 Bela
931 1149 982 1204 IV.
1002 1167 1050 1204 rex
1074 1157 1227 1219 attestatur,
1253 1152 1328 1222 quod
1351 1171 1400 1209 rex

155 1233 334 1300 colomanus,
352 1233 411 1290 dux
430 1236 515 1290 totius
526 1234 684 1301 slavonice,
697 1235 722 1290 ei
740 1235 943 1305 significaverit,
963 1237 1038 1306 quod
1057 1254 1121 1291 cum
1139 1245 1212 1292 terra
1223 1239 1349 1308 Dragani
1362 1239 1401 1294 fili

155 1320 290 1390 Bayletha
308 1329 382 1376 esset
400 1323 490 1376 vicina
508 1337 559 1376 suo
573 1321 849 1390 praedioVereuche,
869 1323 1005 1392 recipiens
1022 1323 1112 1393 ipsam
1129 1331 1231 1377 terram
1244 1323 1317 1381 dicto
1329 1325 1402 1381 Dru·

154 1423 228 1476 gano
237 1405 344 1462 dederit
353 1409 435 1462 aliam
447 1415 549 1462 terram
560 1407 641 1462 casui
653 1407 833 1477 symigiensis
845 1409 956 1462 nomine
968 1409 1132 1478 Toplicham
1143 1409 1171 1463 in
1185 1409 1279 1480 Garig.
1293 1412 1400 1466 Metae:

157 1494 247 1564 prima
265 1494 293 1547 ia
312 1489 433 1563 quodam
451 1494 616 1560 monticu103
640 1492 704 1548 inde
729 1493 764 1548 sd
789 1495 862 1548 viam
887 1501 1034 1550 exeuntem
1058 1494 1093 1549 de
1115 1496 1178 1565 ipso
1202 1505 1296 1551 monte
1315 1495 1401 1552 Chrs-

154 1579 264 1634 chemer
290 1587 402 1646 voeato;
430 1579 495 1634 inde
514 1579 549 1633 ad
567 1580 682 1634 fluvium
702 1579 890 1647 Mechenicha,
919 1583 968 1650 qui
995 1581 1108 1636 inferius
1136 1582 1210 1636 cedit
1237 1581 1272 1636 ad
1297 1600 1400 1652 aquam

153 1665 295 1736 Toplicha,
314 1683 364 1736 per
383 1683 484 1734 aquam
508 1665 583 1720 vadit
601 1665 636 1720 ad
656 1668 783 1721 semitam
802 1675 829 1721 et
848 1684 898 1736 per
922 1667 997 1722 illam
1021 1667 1114 1723 cundo
1138 1666 1212 1722 cadit
1237 1668 1272 1723 ad
1297 1687 1399 1738 aquam

156 1751 333 1823 Soploncha3
352 1770 401 1824 per
419 1770 520 1822 aquam
541 1751 616 1807 vadit
635 1752 670 1807 ad
689 1759 803 1823 pontem
829 1754 974 1808 Michaelis
997 1754 1070 1820 bani,
1094 1753 1174 1809 etde
1199 1763 1283 1825 ponte
1308 1755 1400 1810 eundo

155 1855 204 1910 per
223 1845 336 1909 pontem
355 1847 476 1894 veterem
494 1840 570 1893 venit
587 1839 622 1894 ad
648 1840 798 1910 planitiem,
823 1847 850 1894 et
874 1842 952 1894 iuxta
976 1857 1074 1895 nemus
1100 1841 1198 1896 Cerich
1217 1843 1340 1910 pervenit
1364 1842 1399 1896 ad

154 1924 268 1980 dudum
288 1925 433 1980 (lhernech
453 1926 556 1996 pataka
575 1943 670 1981 versus
690 1925 861 1996 aquilonem;
886 1927 964 1981 iuxta
981 1927 1094 1982 flavium
1114 1927 1150 1980 ad
1170 1945 1299 1998 magnam
1319 1929 1399 1994 viam,

153 2021 181 2066 et
199 2013 298 2066 transit
324 2029 426 2081 aquam
452 2012 595 2082 Toplicha,
620 2021 648 2067 et
672 2031 754 2084 porro
781 2031 829 2085 per
853 2013 1002 2084 quemdam
1024 2015 1138 2068 flavium
1164 2021 1190 2070 et
1209 2031 1307 2068 nemus
1325 2015 1400 2068 venit

154 2097 188 2152 ad
208 2098 322 2152 fluvium
342 2099 529 2152 Mechenioha.

206 2187 239 2236 In
258 2185 378 2238 Archino
397 2184 523 2238 Badmei
541 2185 578 2238 N.
598 2184 632 2240 B.
652 2187 685 2239 A.
705 2189 782 2238 1598.
803 2188 831 2238 N
854 2189 898 2240 24.

207 2274 241 2324 In
260 2277 436 2338 transumpto
455 2276 587 2324 acierum.
599 2272 749 2326 mistorum
768 2273 845 2340 regni
864 2272 979 2340 archivi,
997 2289 1024 2340 p.
1046 2276 1108 2326 427.

205 2409 270 2464 Hoc
289 2409 487 2464 documentum
513 2408 686 2462 confirmavit
711 2417 808 2479 postea
833 2425 881 2462 rex
901 2409 1059 2464 Ludovicns
1078 2410 1101 2463 Ι.
1121 2409 1155 2464 ad
1176 2411 1336 2480 petitionem
1351 2411 1399 2465 Ni-

153 2498 223 2552 colai
242 2497 291 2550 filii
310 2495 444 2566 Stephani
463 2494 528 2548 dicti
547 2494 653 2548 Arthov
671 2493 707 2549 de
726 2494 932 2566 Kyristalfelde,
949 2513 983 2550 eo
1001 2495 1076 2565 quod
1095 2497 1155 2567 ipse
1174 2513 1320 2567 persuum
1342 2515 1398 2552 ma·

154 2595 223 2640 trem
242 2601 276 2637 ex
295 2583 368 2637 linea
394 2580 510 2652 predicti
528 2581 656 2650 Dragani
680 2582 844 2636 naturaliter
868 2583 1004 2636 extitisset
1028 2589 1207 2653 propagatus.
1232 2585 1314 2638 Anno
1332 2584 1398 2638 item

155 2672 230 2735 1363,
250 2668 411 2740 Zagrabise,
431 2667 589 2737 Stephanus
608 2668 758 2738 episcopus
776 2669 962 2738 zagrabiensis
982 2675 1009 2722 et
1026 2670 1104 2738 regni
1122 2669 1269 2724 Slavoniae
1281 2670 1398 2724 neanias

153 2757 289 2827 generalis
308 2753 514 2810 commendavit
531 2755 688 2820 memoriae,
714 2754 788 2822 qaod
809 2753 953 2824 Georgius,
982 2756 1081 2810 Petrus
1100 2754 1229 2810 sacerdos
1248 2763 1275 2810 et
1293 2755 1397 2817 Beleia,

152 2844 200 2898 filii
219 2841 369 2906 Valentini,
390 2841 437 2894 filii
457 2839 601 2894 Samsonis
619 2839 654 2894 de
673 2840 878 2910 Kyristalielde‚
898 2843 1060 2895 attraxerint
1078 2841 1226 2895 Nicolaum
1238 2841 1325 2895 filium
1338 2840 1398 2896 Ste-

152 2931 237 3002 phani
256 2929 305 2982 filii
324 2927 467 2982 Laurentii
485 2926 520 2981 de
539 2925 635 2981 eadem
654 2929 681 2980 in
702 2929 886 2998 praesentiam
905 2928 1064 2982 Leustachii
1083 2927 1148 2981 dicti
1161 2929 1238 2996 regni
1251 2927 1398 2982 Slsvonise

152 3017 218 3070 bani
236 3017 264 3069 in
283 3031 405 3080 cansam,
432 3029 504 3082 quae
523 3031 539 3066 a
557 3013 672 3068 diversis
699 3016 927 3084 prorogationem
955 3015 1070 3069 cautelis
1089 3021 1116 3068 et
1134 3015 1258 3068 terminis
1281 3015 1397 3070 interve·

151 3101 291 3156 aientibus
321 3111 445 3170 tempore
466 3099 589 3154 Banatus
607 3098 674 3154 dicti
692 3101 815 3171 episcopi
834 3101 869 3155 ad
889 3119 951 3156 eam
971 3100 1147 3166 transcendit,
1167 3105 1194 3154 et
1211 3117 1262 3170 pro
1280 3101 1396 3155 termino

152 3191 212 3260 ejas
231 3189 289 3243 dies
310 3190 350 3242 18.
362 3187 528 3242 Novembris
547 3187 697 3240 constituta
715 3187 773 3248 fuit
793 3205 849 3257 quo
868 3189 985 3242 termino
996 3193 1155 3242 occurrente
1165 3185 1297 3256 praedicti
1311 3185 1397 3241 Geor·

152 3277 213 3346 gias
231 3283 259 3330 et
276 3276 376 3330 Petrus
395 3291 445 3344 pro
464 3289 493 3328 se
513 3274 694 3344 personaliter
713 3281 740 3328 et
758 3293 808 3345 pro
826 3275 924 3330 Boleta
942 3274 1025 3329 fratre
1050 3291 1113 3328 eum
1140 3274 1336 3344 procuratoriis
1354 3273 1396 3327 lit

151 3363 216 3418 teris
235 3362 349 3433 capituli
367 3361 538 3415 chasmensis
557 3368 691 3414 venerunt
710 3360 744 3414 ad
760 3361 904 3430 judiciam,
925 3369 952 3416 et
969 3360 1106 3426 dixerant,
1129 3360 1202 3431 quod
1222 3359 1296 3414 idem
1313 3359 1398 3415 Nico·

150 3451 211 3504 laus
230 3449 303 3502 filias
333 3447 468 3518 Stephani
492 3447 634 3516 quandam
659 3449 906 3517 possessionsriam
930 3449 1084 3518 portionem
1107 3446 1225 3502 condam
1250 3447 1323 3500 Petri
1348 3447 1396 3500 filii

150 3537 219 3591 Ivan
245 3535 310 3590 dicti
338 3534 417 3588 Oheh
438 3535 466 3587 in
494 3532 567 3587 diota
595 3535 771 3604 possessione
790 3533 987 3604 Kyrietalielde
1005 3535 1082 3588 iaxta
1101 3533 1214 3588 flavium
1242 3533 1397 3604 Thoplicha

152 3625 240 3687 sitam,
259 3623 286 3675 in
306 3637 362 3690 qua
386 3620 516 3691 porcione
539 3621 593 3690 ipsi
618 3626 727 3675 mortuo
746 3621 829 3675 Petro
853 3619 928 3674 dicto
947 3619 1025 3676 Oheh
1053 3621 1131 3674 iuxta
1148 3621 1227 3689 regni
1251 3625 1396 3674 consuetu·

151 3709 242 3764 dinem
261 3709 415 3778 portionem
434 3706 536 3760 habere
554 3705 694 3773 deberent,
715 3723 765 3777 pro
783 3723 813 3760 se
826 3713 991 3776 occupasset
1003 3713 1030 3761 et
1042 3706 1143 3760 amado
1156 3706 1297 3771 detineret,
1317 3705 1396 3759 cuias

148 3795 316 3852 detentionis
335 3795 404 3850 scire
429 3793 511 3848 vellet
535 3793 677 3848 rationem.
706 3794 770 3860 Quo
793 3801 924 3865 percepto
948 3794 1039 3848 dictus
1063 3793 1196 3847 Nicolaus
1220 3791 1395 3861 exsurgendo

148 3882 299 3954 respondit,
319 3880 394 3951 quod
413 3879 553 3951 praedicta
571 3881 662 3950 portic
681 3881 755 3936 Petri
774 3881 893 3936 condam
912 3881 998 3947 Oheh,
1025 3881 1091 3934 olim
1110 3879 1238 3947 Dragani
1257 3878 1306 3932 filii
1323 3877 1394 3947 Bay·

147 3973 211 4037 leta,
231 3969 419 4040 prothavisai,
438 3967 582 4032 extitisset,
601 3973 628 4021 et
646 3967 787 4038 praefatos
799 3967 871 4022 filios
884 3967 1024 4021 Valentini
1043 3967 1071 4019 in
1090 3964 1168 4019 nullo
1187 3965 1321 4028 attineret,
1344 3961 1394 4018 sed

149 4059 185 4114 ad
203 4060 297 4130 ipsum
315 4055 350 4109 de
373 4055 435 4125 jure
454 4053 556 4108 debeat
574 4055 717 4124 pertinere,
744 4054 819 4124 quod
844 4070 927 4124 saper
952 4059 1054 4108 attacto
1079 4052 1222 4124 privilegio
1249 4049 1334 4105 Belae
1351 4048 1395 4104 IV

147 4145 221 4215 regis
241 4143 449 4199 demonstravit.

206 4231 327 4286 Wenaei:
348 4230 413 4285 Coti.
432 4227 512 4297 Dipl.
531 4227 634 4296 Arpad
660 4229 724 4294 111,
741 4246 762 4297 p
790 4233 833 4282 72.
853 4231 888 4283 In
907 4225 1161 4283 wmeaiiarchioo
1173 4224 1211 4278 N.
1224 4224 1258 4278 R.
1272 4225 1304 4276 A.
1319 4223 1393 4290 fasc.

149 4323 226 4376 1589.
245 4320 282 4374 N.
301 4321 344 4374 24.
363 4323 532 4372 reservatum
551 4332 607 4384 qua
625 4314 816 4370 decemminas
833 4316 958 4383 mictum,
977 4313 1024 4368 scd
1042 4317 1168 4380 estpars
1186 4309 1346 4364 montaum.

201 4455 440 4512 OCCLXXVHI.
460 4457 610 4526 hstenni,
629 4461 653 4508 5.
673 4455 829 4510 Deambris
847 4457 925 4508 1239.
943 4451 1093 4520 Gregorius
1112 4447 1162 4501 IX⁴
1184 4463 1257 4517 papa
1275 4444 1391 4500 audiens

147 4565 166 4602 a
184 4545 339 4602 Colomeno
357 4543 428 4598 duce
446 4541 602 4610 Slavonise,
621 4541 763 4613 quomodo
781 4541 828 4612 ille
846 4541 974 4594 haereses
994 4537 1132 4606 extirpare
1150 4539 1178 4588 et
1195 4532 1279 4586 fidem
1297 4531 1391 4586 catho-

1285 4625 1306 4688 8
