3480 5356
753 375 897 416 usess'rs.
1381 352 1443 418 307

256 541 412 598 uxxvn.
432 544 509 597 1270.
534 541 701 596 laurentius
725 553 819 596 comes
837 538 872 594 de
891 538 1017 610 Ryiuche
1040 539 1185 610 significat,
1208 523 1284 610 quod
1309 557 1373 596 cum
1397 557 1445 598 rex

202 630 227 684 ei
245 629 274 683 in
292 629 389 684 litteris
408 629 466 682 suis
485 627 681 698 praecepisset,
699 630 731 681 ut
748 632 849 681 terram
868 625 1006 681 villicatus
1031 625 1133 681 Macci
1156 627 1234 682 iuxta
1252 625 1391 684 Weliiam
1417 629 1446 682 in

202 717 334 772 comitatu
353 715 478 787 Byiuobe
496 715 668 782 existentem,
687 713 841 770 Prenobolo
865 712 959 767 comiti
984 728 1110 768 camerae
1132 713 1328 782 Zagrabiensis
1352 731 1446 770 coram

202 804 360 859 testimonio
378 802 493 874 capituli
513 801 692 856 Ohasmensis
709 801 873 871 assignaret,
892 799 1044 855 secundum
1069 805 1248 871 praeceptum
1273 802 1353 871 regis,
1381 818 1446 858 con·

203 889 385 945 sentientibus
400 888 601 960 jobagionibus
614 888 711 944 castri:
729 887 846 954 Salassii,
860 887 936 954 liile,
951 887 1120 955 Ziobiueohl,
1134 888 1270 956 Vuzmelr,
1284 887 1444 958 Verbanus,

202 975 306 1048 Rylroit
324 993 356 1031 ac
374 975 556 1047 praedialiom
575 975 663 1032 Iunas
682 975 798 1042 comitis,
817 975 942 1045 magistri
961 974 1087 1041 tiburtii,
1103 973 1197 1045 Oency
1209 975 1368 1046 praepositi,
1383 975 1444 1032 Sic

203 1063 288 1134 pisani
307 1069 334 1118 et
351 1063 408 1118 Jak
425 1063 541 1118 fratrum
560 1063 650 1118 Ionos
668 1063 785 1130 comitis,
803 1061 943 1116 Leustacii
964 1061 1082 1127 comitia,
1101 1061 1228 1116 Miirulae
1246 1061 1295 1116 filii
1312 1062 1446 1132 Dragani,

202 1155 230 1205 et
248 1150 372 1218 aliorum,
392 1165 441 1222 per
458 1150 585 1206 homines
604 1165 670 1204 suos
693 1148 856 1220 Oemyoum,
873 1147 991 1204 Ssulrm
1009 1153 1037 1203 et
1055 1149 1159 1220 Myiem
1175 1148 1341 1219 jobagioues
1360 1151 1444 1205 castri

203 1237 307 1294 dictum
333 1237 518 1292 Prencbolum
543 1237 672 1292 comitem
696 1237 724 1290 in
747 1235 850 1291 dictam
874 1239 976 1290 terram
994 1235 1059 1291 fecit
1076 1235 1222 1293 introduci.
1242 1235 1333 1306 Cujus
1356 1237 1445 1307 prima

202 1329 277 1380 meto
294 1325 391 1396 incipit
408 1341 424 1378 a
443 1328 522 1394 parte
539 1323 744 1394 septemtrionis
761 1323 790 1377 in
808 1327 902 1377 monte
920 1323 998 1378 iuxta
1015 1337 1148 1392 magnam
1169 1323 1242 1378 viam
1255 1323 1303 1378 ubi
1316 1327 1359 1378 est
1370 1328 1445 1379 meta

203 1411 321 1466 Tiburtii
339 1411 455 1479 comitis,
480 1409 544 1465 indo
568 1426 618 1480 per
642 1409 733 1464 varias
759 1415 848 1464 metas
873 1410 951 1464 iuxta
972 1407 1116 1465 sedeciam
1135 1426 1157 1463 s.
1176 1409 1274 1464 Orucis
1292 1409 1327 1466 ad
1347 1416 1447 1466 terram

202 1499 322 1554 illiorum
342 1497 458 1568 Oelysni
476 1496 512 1551 ad
530 1497 619 1552 rivum
638 1497 777 1564 Booouca,
789 1496 854 1552 inde
871 1495 908 1551 ad
925 1501 1028 1550 terram
1040 1496 1165 1566 magistri
1178 1497 1270 1568 Eroey
1281 1496 1317 1551 ad
1330 1496 1446 1552 domum

203 1585 305 1653 Locha,
324 1583 388 1640 inde
406 1601 455 1656 per
473 1584 563 1640 varias
581 1589 669 1640 metas
687 1583 724 1638 ad
743 1599 827 1638 unam
854 1583 995 1651 Oalistum,
1021 1599 1093 1653 quae
1111 1589 1154 1638 est
1171 1583 1249 1638 iuxta
1271 1585 1344 1639 viam
1363 1583 1446 1640 (loic-

204 1673 287 1739 mani,
311 1673 447 1728 vicinatur
469 1675 558 1726 terrae
582 1670 663 1726 Bauir
681 1675 709 1726 et
726 1675 817 1726 terrae
834 1669 956 1725 Tiburcii
975 1670 1092 1738 comitis,
1106 1668 1259 1726 declinatur
1277 1671 1312 1726 de
1330 1672 1375 1726 via
1393 1671 1446 1726 (lo

203 1759 305 1815 iomani
325 1759 360 1814 ad
380 1759 463 1814 aliam
491 1759 564 1812 dam
583 1775 632 1829 per
649 1764 772 1814 montem
795 1757 831 1812 ad
852 1761 962 1834 partem
989 1756 1198 1813 meridionalem
1225 1763 1254 1813 et
1280 1774 1329 1830 per
1356 1759 1446 1814 varias

203 1851 291 1902 metas
310 1845 345 1901 ad
365 1847 483 1915 priorem

256 1935 304 1990 Ec
322 1933 436 1990 orobioo
453 1932 585 1990 camerali
603 1932 737 1988 Budrasi.
760 1931 880 1988 chaci:
901 1931 968 1990 (lod.
987 1933 1054 2001 dipl.
1075 1933 1176 2002 Arpod
1198 1931 1263 1988 VII.
1283 1936 1343 1988 327.

254 2071 429 2128 MXXVIII.
447 2073 525 2128 Bari.
545 2075 622 2128 1271.
641 2075 684 2126 25.
701 2071 847 2126 Jonaurii.
872 2072 1053 2128 Marescailns
1077 2074 1155 2144 regni
1180 2072 1291 2129 Siciliae
1322 2087 1444 2127 commu·

203 2160 303 2214 nicavit
321 2158 488 2215 officialibus
506 2160 583 2228 regni
602 2158 712 2214 Siciliae
730 2162 758 2216 ct
776 2173 825 2229 per
842 2164 929 2214 terras
947 2159 1100 2214 maritimas
1121 2161 1150 2214 in
1168 2159 1281 2230 Apulia,
1299 2158 1375 2229 quod
1394 2175 1444 2230 por

203 2247 308 2317 pirates
334 2246 456 2300 Almiasii
473 2245 614 2316 quoddam
640 2245 790 2302 vercellum
808 2246 837 2300 in
855 2261 912 2316 quc
934 2245 1108 2301 vehebantur
1131 2246 1258 2301 homines
1282 2245 1445 2301 Marescaici

205 2339 232 2388 et
249 2333 451 2404 archiepiscopi
467 2333 625 2400 Tranensis,
650 2333 716 2403 equi
733 2339 761 2388 et
778 2333 833 2388 alie
859 2332 941 2400 bona,
967 2337 1081 2404 captum
1108 2333 1169 2400 luit,
1196 2337 1225 2388 ct
1251 2349 1315 2388 eum
1343 2332 1448 2388 eisdem

204 2419 337 2490 personis,
358 2418 438 2474 bonis
457 2425 484 2474 et
502 2421 581 2490 equis
600 2436 650 2490 per
668 2420 773 2489 pirates
790 2421 868 2491 ipsos
879 2419 1037 2487 detentum
1056 2419 1171 2476 mandet
1189 2421 1274 2490 igitur
1286 2420 1334 2487 eis,
1347 2424 1378 2474 ut
1389 2424 1447 2474 tarn

204 2505 273 2561 haec
293 2522 378 2576 quam
397 2511 424 2561 ot
441 2506 516 2560 bona
540 2505 760 2578 Ragusaeorum,
787 2507 995 2563 Jadertioorum
1023 2512 1051 2564 et
1077 2507 1195 2564 aliorum
1225 2507 1449 2562 Dalmatinorum

204 2591 326 2648 detinere
348 2598 376 2647 et
395 2599 517 2648 arestare
534 2592 664 2661 debeant,
682 2609 773 2664 neque
791 2593 928 2650 dimittere
947 2594 1039 2666 abque
1059 2595 1220 2650 Marescalci
1238 2593 1358 2649 licentia.
1377 2593 1450 2660 Quia

205 2695 270 2735 vero
294 2679 392 2734 consul
411 2679 592 2736 Venetiamm
610 2687 766 2737 asseruerat
789 2682 915 2737 homines
939 2681 1022 2737 castri
1041 2681 1165 2736 Almissii
1188 2697 1244 2735 non
1267 2696 1328 2735 esse
1351 2679 1386 2735 de
1410 2677 1449 2734 dl·

204 2767 299 2822 strictu
321 2783 369 2822 seu
386 2767 573 2836 jurisdictione
584 2767 764 2824 Venetiarum
777 2769 826 2823 sed
838 2767 874 2824 ad
886 2785 980 2838 regem
993 2769 1134 2838 Ungariae
1152 2767 1315 2839 pertineant,
1334 2765 1449 2820 mandat

206 2870 254 2909 rex
275 2853 387 2910 Sicitiae
406 2853 524 2910 Carolus
542 2855 565 2910 Ι.
583 2853 619 2909 ad
638 2855 800 2926 petitionem
817 2855 941 2912 Thomae
954 2855 1063 2922 Quirini
1081 2855 1203 2910 consulis
1221 2853 1402 2908 Venetiarum
1420 2853 1449 2907 in

205 2942 317 3012 Apulia,
341 2946 373 2996 nt
395 2942 529 2996 securitas
551 2940 660 2996 Venitis
685 2946 713 2996 et
736 2941 866 2996 fidelibus
892 2941 970 2996 ducis
987 2941 1170 2997 Venetiarum
1194 2941 1291 2996 illaesa
1314 2944 1447 3008 servetur,

207 3033 303 3084 contra
320 3028 483 3084 mandatum
496 3029 667 3084 MerescaIei.

262 3116 387 3170 Werrrci:
407 3117 480 3170 Acta
498 3122 600 3172 cetera.
621 3119 644 3172 l.
663 3121 703 3172 31.

200 3313 204 3326 .
257 3237 402 3293 MXXIX.
422 3239 531 3295 Budas.
551 3242 628 3294 1271.
647 3243 672 3294 3.
690 3239 849 3294 Februarii.
875 3237 1035 3308 Stephanos
1053 3236 1089 3292 V.
1108 3253 1157 3292 rex
1175 3235 1290 3292 mandet
1314 3237 1387 3292 bano
1408 3241 1450 3291 to·

206 3327 261 3381 tius
281 3325 429 3382 Slavoniao
447 3331 475 3381 et
493 3326 554 3381 siiis
573 3325 725 3380 baronibus
743 3325 822 3394 regni
840 3329 871 3378 ot
889 3323 1034 3379 ecclesiam
1047 3323 1262 3394 Zagrabiensem
1280 3322 1448 3394 et'populos

205 3429 270 3470 suos
289 3417 347 3468 tarn
364 3413 401 3468 ad
420 3413 582 3484 episcopum
600 3429 682 3482 quam
708 3411 743 3468 ad
769 3411 922 3482 capitulum
949 3415 1106 3482 spectantes
1129 3411 1158 3464 in
1182 3410 1311 3466 omnibus
1336 3409 1448 3466 liberta·

206 3500 280 3556 tibus
301 3505 329 3555 et
343 3499 454 3571 juribus
472 3500 531 3555 suis
548 3504 722 3556 conservent.

257 3585 560 3643 firmericuria.
582 3589 609 3640 Τ.
630 3589 779 3655 Lp.159.

257 3725 386 3783 MXXX.
404 3727 546 3784 venetiis.
565 3730 644 3782 1271.
666 3731 704 3782 11.
723 3727 881 3782 Februarii.
899 3727 934 3780 In
953 3727 1050 3781 maiori
1075 3726 1192 3782 consilio
1216 3741 1380 3782 concessum
1404 3742 1449 3782 co·

204 3814 262 3868 miti
281 3813 379 3870 Chersi
398 3819 429 3868 ut
447 3813 559 3869 scutifer
572 3815 632 3870 eius
650 3814 740 3886 possit
757 3829 819 3870 esse
836 3812 872 3869 de
890 3812 1047 3870 sclavonia.

256 3899 371 3976 Ip'ubid:
391 3903 465 3956 Mon.
484 3903 506 3954 1.
525 3917 552 3970 p.
572 3905 630 3957 105.

254 4023 398 4078 mxxxi.
423 4026 683 4080 1271.23.t1ortii.
709 4024 869 4094 Stephanus
888 4023 924 4080 V.
951 4041 1000 4078 rex
1027 4022 1206 4079 considerans
1231 4023 1295 4080 fidei
1319 4027 1447 4080 constan·

203 4111 270 4166 tiam
289 4111 431 4166 Laurentii
450 4110 515 4165 bani
534 4110 569 4166 de
587 4111 708 4167 Zeurino
727 4118 755 4166 et
772 4113 881 4168 comitis
893 4111 929 4166 de
941 4111 1071 4178 Dobolra‚
1090 4112 1138 4181 qui
1157 4117 1223 4184 post
1240 4111 1347 4167 obitum
1360 4111 1446 4182 patris

203 4201 246 4253 sui
265 4198 349 4253 Belae
367 4199 449 4268 regis,
468 4214 532 4252 cum
551 4198 677 4254 infideles
690 4201 715 4254 ei
728 4200 849 4255 barones
867 4199 1030 4255 thesaurum
1047 4201 1126 4270 regni
1144 4199 1180 4254 ad
1202 4199 1357 4254 districtum
1374 4199 1447 4268 regis

205 4285 334 4340 Boemiae
353 4283 556 4356 perduxissent,
576 4287 682 4356 etipse
700 4285 867 4341 Laurentius
880 4291 947 4342 tunc
959 4287 1101 4358 palatinus
1121 4291 1149 4342 et
1168 4303 1260 4342 comes
1273 4284 1447 4356 simigiensis

204 4389 237 4426 ac
254 4371 290 4426 de
308 4369 431 4426 Kemlulr
449 4372 574 4442 (Kaloik)
599 4377 697 4444 utpote
721 4375 770 4444 qni
788 4373 824 4427 ab
842 4375 922 4428 anuis
947 4373 1150 4429 adolescentiae
1176 4388 1262 4445 penes
1280 4387 1374 4442 regem
1399 4389 1447 4442 pa-

204 4464 274 4514 trem
293 4475 376 4514 suum
394 4459 523 4514 fidelibus
540 4475 652 4530 semper¹
667 4461 771 4516 coaluit
789 4461 947 4530 sudoribus,
965 4467 1030 4516 ante
1048 4462 1118 4516 aiios
1137 4460 1255 4514 barones
1274 4463 1303 4512 et
1320 4475 1448 4529 proceres

205 4546 282 4616 regni
301 4562 330 4601 se
356 4547 380 4600 ei
404 4562 461 4616 qua
479 4562 552 4601 novo
575 4547 633 4617 regi
658 4545 856 4618 obsequiosum
882 4548 1015 4604 exhibuit.
1041 4549 1110 4603 Post
1133 4545 1340 4602 coronationem
1365 4545 1448 4600 stiam

206 4649 270 4688 cum
289 4649 338 4688 rex
355 4632 522 4688 desiderium
542 4633 657 4690 haberet
670 4625 772 4705 'paucis
784 4635 980 4691 comitantibus
992 4637 1020 4690 in
1034 4635 1179 4694 Poloniam
1194 4631 1356 4703 divertendi,
1369 4647 1446 4705 prae-
