3464 5382
337 413 399 481 168
840 437 862 478 ι.
878 421 1078 495 mommo,

333 602 479 670 titubavi,
492 605 520 658 ot
532 601 642 674 protasi
653 599 722 657 dieti
732 599 847 671 Porugh
856 605 885 656 et
893 599 1013 658 tiliorum
1031 615 1152 668 snorum,
1165 603 1194 657 et
1203 599 1279 672 quod
1291 601 1389 656 eadem
1408 603 1497 674 possit
1515 617 1588 672 gau·

334 689 401 748 dere
411 692 523 747 nomine
532 689 654 764 proprio,
665 705 722 762 qno
735 689 895 760 quorumvis
908 687 1045 746 nobilium
1057 693 1147 744 status
1160 688 1351 760 Mogorovioh.
1369 689 1475 744 Metuo:
1491 695 1588 746 terrae

338 779 528 850 Mogoroviob,
556 795 673 850 oampus
700 777 799 834 sisoka
821 775 939 832 Goriora
961 775 998 832 ad
1020 780 1143 832 montem
1167 776 1295 845 Peosuik,
1323 775 1441 834 Moraka
1466 791 1536 849 gora
1554 783 1588 834 et

336 865 622 1025 rrvuffiolttlrxogisst.
640 951 784 1010 bonorum.
803 949 1008 1008 Moroeloriet:
1027 950 1181 1008 Extrartus
1199 950 1382 1020 diplomatum
1399 966 1462 1010 meo.
1481 951 1589 1010 dubiae

334 1040 408 1110 fidet

387 1179 524 1238 DLXVI.
542 1183 624 1235 1249.
642 1183 689 1238 20.
706 1179 854 1236 Joaoors's'.
880 1179 948 1235 Bela
971 1177 1024 1236 1v.
1051 1194 1101 1234 rex
1125 1177 1312 1247 considerans,
1331 1179 1408 1250 quod
1432 1195 1498 1237 oum
1521 1179 1590 1236 Fila

336 1268 478 1342 quondam
495 1267 684 1340 aagrabiensis
709 1267 885 1340 praepositus
909 1265 1053 1323 oadssimo
1077 1266 1197 1322 oondam
1218 1265 1296 1322 fratri
1321 1267 1380 1338 rogi
1406 1265 1586 1326 Gholomano

336 1357 409 1425 duel,
428 1362 457 1414 et
474 1361 540 1428 post
557 1355 664 1412 obitum
682 1355 772 1427 ipsius
788 1355 847 1426 regi
865 1359 893 1411 et
910 1369 999 1424 regno
1016 1354 1106 1409 muita
1123 1351 1264 1409 fidelitatis
1283 1352 1379 1410 studia
1390 1351 1585 1426 impendisset,

337 1461 372 1501 ne
389 1443 512 1500 liberalis
540 1441 663 1511 donatio,
691 1458 776 1514 quam
793 1441 840 1498 ille
857 1458 875 1497 a
891 1457 957 1513 rege
984 1447 1150 1497 oonseoutus
1179 1444 1246 1508 erat,
1270 1446 1465 1498 momentanea
1492 1441 1587 1514 gratia

338 1529 473 1598 sileatur,
493 1529 543 1587 sed
560 1529 640 1584 firma
651 1533 680 1586 et
690 1529 720 1584 in
731 1528 865 1586 haeredes
884 1544 951 1584 suos
969 1532 1135 1600 perseveret,
1154 1527 1286 1584 extendat
1301 1527 1418 1584 eandem
1435 1527 1464 1583 in
1482 1529 1587 1586 iratres

337 1618 431 1674 bilae:
457 1617 575 1674 Tomam
598 1616 727 1674 tomitem
751 1622 779 1672 et
802 1617 932 1684 Petrum3
949 1616 978 1670 in
996 1615 1284 1688 recompensationem
1306 1615 1390 1671 etiam
1408 1615 1587 1672 servitiorum

337 1705 458 1775 illorum,
476 1720 549 1776 quae
567 1703 651 1760 iidem
672 1719 689 1759 a
708 1703 797 1775 primo
816 1701 914 1774 puerili
928 1717 996 1758 aevo
1012 1702 1125 1758 culmini
1135 1702 1212 1774 regio
1224 1702 1383 1774 impendere
1394 1701 1588 1775 multipliciter

337 1791 504 1849 studuerint.
522 1791 619 1848 Donat
636 1805 702 1862 ergo
715 1791 769 1846 illie
782 1791 975 1862 possessiones
994 1789 1112 1862 praefati
1130 1790 1231 1857 fratris,
1251 1788 1378 1846 videlieet
1395 1795 1497 1846 terram
1516 1791 1588 1847 Dari

338 1879 449 1952 Nemty,
477 1893 562 1951 quam
588 1877 711 1934 habebat
737 1895 788 1950 pro
815 1876 980 1934 oonoambio
1004 1878 1165 1933 monasterii
1182 1877 1218 1933 de
1236 1877 1359 1946 Bnldvn3
1386 1878 1453 1934 itam
1481 1883 1588 1934 terram

338 1966 444 2023 Mioola
460 1967 490 2021 in
507 1967 641 2022 eomitatn
652 1965 688 2022 de
701 1965 832 2032 Woleow,
851 1970 880 2022 et
896 1969 997 2021 terram
1016 1979 1038 2020 ι.
1052 1965 1166 2022 Martini
1184 1966 1213 2020 in
1232 1963 1331 2021 eodem
1348 1965 1496 2033 comitam
1515 1966 1587 2022 alias

338 2069 451 2125 quoque
469 2058 566 2122 terras,
583 2058 642 2112 tam
659 2053 811 2126 emptitias,
830 2069 915 2123 quam
933 2068 950 2107 ιι
970 2052 1125 2109 Oolomano
1143 2052 1214 2109 duee
1231 2051 1359 2108 donatas.

391 2142 437 2198 Ero
454 2142 527 2198 ostia
544 2142 623 2212 regni
640 2141 749 2198 erettoi
767 2141 909 2196 Pastinum
927 2139 1039 2196 ablotis.
1059 2141 1093 2194 N.
1111 2141 1144 2194 R.
1163 2141 1198 2196 A.
1216 2139 1252 2195 F.
1273 2143 1336 2195 646.
1354 2141 1421 2196 Nro.
1442 2141 1486 2194 26.

393 2279 546 2338 DLXVII.
564 2284 644 2336 1249.
664 2283 705 2334 21.
724 2281 873 2338 Jonoors‘i.
900 2279 970 2336 Bela
993 2278 1046 2336 IV.
1064 2295 1113 2336 rer
1139 2280 1272 2350 notificat,
1299 2279 1376 2353 qnod
1397 2279 1587 2338 oum'Panlus

342 2371 424 2426 aulae
441 2369 527 2425 iudex
545 2373 573 2426 et
590 2383 683 2426 eomes
710 2368 883 2424 Zaladiensis
911 2369 1041 2424 omuibus
1063 2369 1122 2424 anis
1146 2367 1245 2424 diebus
1270 2383 1357 2441 penes
1374 2384 1468 2440 regem
1486 2371 1587 2426 merita

341 2457 532 2524 tumulaverit,
562 2457 591 2512 in
621 2457 713 2528 speeie
744 2456 820 2529 quod
852 2456 993 2514 infidelem
1023 2473 1106 2512 suum
1136 2458 1248 2529 Boyzen
1276 2457 1306 2512 in
1334 2455 1433 2512 Insula
1458 2457 1487 2511 in
1515 2458 1588 2514 virili

342 2561 439 2618 pugna
457 2543 598 2616 eaptirnm
624 2543 787 2612 obtinuerit;
805 2545 872 2600 item
896 2544 971 2618 quod
990 2546 1019 2600 in
1038 2544 1243 2616 expugnatione
1267 2544 1351 2600 castri
1378 2542 1456 2600 Olioh
1474 2543 1588 2600 fratrem

342 2629 468 2690 eiusdem
495 2629 616 2686 Damald
643 2631 767 2688 similiter
791 2633 962 2704 captivatum
987 2631 1148 2700 abduxerit,
1178 2635 1206 2686 et
1230 2632 1258 2688 in
1282 2631 1487 2688 absolutionem
1515 2632 1589 2710 eius·

342 2719 412 2776 dem*
424 2718 494 2774 alios
512 2716 659 2774 duodecim
676 2717 784 2774 nobiles
802 2719 894 2790 regios
907 2718 943 2774 de
955 2719 1114 2790 captivitate
1131 2718 1254 2774 hostiurn
1272 2717 1443 2787 liberaverit5
1461 2718 1538 2790 quod
1558 2719 1587 2775 in

342 2805 488 2865 obsidione
505 2805 590 2862 oaetri
606 2805 801 2862 Ruthsuorum
813 2805 912 2862 (lelleh
924 2805 1066 2876 quandam
1077 2807 1166 2862 aetem
1183 2807 1255 2862 olam
1268 2806 1297 2861 in
1309 2807 1417 2878 regium
1435 2807 1588 2864 exereitum

341 2895 495 2964 irrumpere
512 2893 671 2965 cupientem
688 2893 799 2948 militari
817 2893 892 2950 bello
910 2893 1095 2966 prohibuerit;
1113 2895 1180 2950 item
1197 2894 1226 2949 in
1245 2893 1318 2950 bello
1337 2895 1479 2950 teutonioo
1495 2901 1588 2951 eastra

342 2982 489 3040 Peristban
507 2986 535 3038 et
552 2979 680 3052 Landigh
698 2979 839 3038 obsederit
856 2985 885 3036 et
901 2982 976 3038 hosti
994 2981 1139 3054 eripuerit3
1167 2981 1202 3036 ad
1227 2997 1330 3052 aquam
1354 2981 1466 3037 Moram
1484 2987 1588 3052 autern,

342 3085 407 3127 oum
425 3085 488 3125 eam
505 3069 671 3126 Thentoniei
689 3069 914 3142 praeclusissem„
943 3068 1121 3126 dissolvendo
1139 3069 1298 3125 clausuram
1316 3069 1394 3124 villas
1412 3067 1588 3127 indemnitati

342 3157 506 3226 restituerit;
534 3157 600 3214 item
618 3155 646 3212 in
665 3157 788 3226 generali
814 3157 969 3214 tutatione
995 3157 1182 3225 Teutonorum,
1209 3155 1323 3228 quando
1349 3157 1534 3214 eommuniter
1559 3164 1588 3214 et

342 3245 452 3303 nobiles
470 3249 498 3302 et
516 3245 666 3318 populares
692 3247 770 3316 regni
794 3261 845 3318 pro
869 3246 1079 3302 conservatione
1102 3246 1174 3302 vitae
1202 3259 1270 3300 snae
1289 3249 1353 3302 ants
1372 3244 1471 3300 faeiem
1488 3261 1588 3302 eorum

343 3333 498 3404 fugiebant
516 3332 552 3389 ad
570 3331 734 3389 Danubium
760 3349 825 3389 oum
851 3334 966 3406 eopiosa
992 3331 1171 3390 multitudine
1199 3336 1369 3388 amatorum
1386 3333 1494 3389 tamdiu
1512 3339 1590 3389 tran·

343 3422 428 3478 situm
446 3419 619 3493 prohibuerit
636 3421 824 3492 Tartarorum,
849 3419 939 3478 ‹loneo
957 3421 994 3477 ab
1012 3437 1108 3478 eorum
1128 3421 1235 3492 impetu
1255 3419 1373 3492 quisquo
1392 3436 1460 3476 saue
1477 3425 1588 3492 poterat

344 3525 375 3566 ss
393 3509 515 3576 salvare;
542 3507 655 3564 demum
679 3509 708 3563 in
732 3508 807 3566 bello
830 3513 928 3565 eontra
952 3509 1052 3566 dnoem
1069 3509 1199 3565 Ausbiae
1217 3507 1378 3564 vulneratus
1390 3511 1419 3564 et
1430 3507 1587 3581 captivatus

343 3595 490 3654 redemerit
507 3611 538 3652 se
555 3600 584 3652 et
601 3596 671 3652 alios
690 3601 798 3668 septem
824 3595 932 3653 nobiles
951 3615 1002 3670 pro
1023 3597 1098 3653 mille
1116 3597 1216 3653 mareis
1234 3595 1350 3666 argenti
1378 3597 1496 3669 Propter
1513 3614 1588 3668 quae

343 3685 442 3741 merita
460 3683 569 3740 oontart
586 3684 612 3741 ei
629 3699 678 3740 rex
696 3684 790 3756 plures
808 3685 1000 3757 possessiones
1026 3685 1056 3741 in
1079 3684 1213 3743 comitatu
1232 3681 1388 3752 bibariensi
1416 3683 1587 3742 solnokiensi

344 3780 373 3832 et
389 3773 426 3830 de
443 3773 562 3829 Krasna.

402 3860 522 3918 Weasrl:
541 3859 606 3916 dod.
624 3859 694 3930 dipl.
713 3860 813 3930 orpod.
837 3859 902 3917 1⁷11.
921 3863 982 3917 282.

397 3981 562 4040 anvm.
580 3983 717 4050 iaderae,
739 3985 763 4038 7.
781 3983 980 4040 Mortii1249.
1004 3982 1093 4039 Stena
1115 3997 1187 4040 uxor
1211 3981 1346 4038 ΒιιὶιΙιιιί
1363 3980 1398 4038 de
1416 3981 1505 4062 Jadra
1523 3999 1588 4039 enm

345 4073 404 4127 suis
421 4069 588 4132 haeredibus
613 4071 708 4127 vendit
732 4069 855 4141 Georgio
878 4070 936 4127 filio
960 4071 1039 4126 Mate
1062 4075 1091 4126 et
1112 4069 1171 4124 suis
1197 4066 1364 4124 haeredibus
1382 4085 1467 4126 unam
1486 4074 1589 4126 terram

344 4175 425 4215 suam
442 4158 470 4212 in
488 4157 626 4214 territorio
638 4159 702 4215 Kon
716 4157 818 4228 (Thon)
831 4174 915 4230 super
932 4161 1057 4214 ranetam
1071 4156 1222 4212 Barbaram
1240 4171 1337 4212 versus
1350 4155 1465 4213 boream
1478 4173 1529 4228 pro
1543 4159 1587 4214 ³0.

345 4245 441 4303 solidis
460 4244 637 4302 denariorum
655 4246 787 4318 parvulis.
806 4247 891 4302 Terra
909 4251 953 4302 eat
971 4247 1062 4318 posita
1079 4247 1157 4301 iuxta
1175 4245 1284 4302 vineam
1300 4243 1451 4300 Badoalavi
1469 4243 1518 4299 iiiii
1537 4246 1589 4302 Pe·

344 4333 419 4400 trioe,
443 4331 527 4389 stab
545 4333 632 4390 altera
656 4339 735 4406 perte
759 4333 837 4391 iuxta
854 4337 957 4389 terram
976 4332 1035 4388 Viti
1060 4331 1203 4404 Fugaooli.
1222 4331 1334 4388 Teates:
1352 4330 1433 4386 Rada
1451 4336 1541 4388 sartor
1561 4337 1589 4388 et

344 4419 455 4476 Teodor
472 4419 547 4478 filius
566 4421 712 4479 Rudovani
725 4425 753 4477 et
765 4419 899 4477 Rudisissr
917 4420 1080 4492 oalogarius.
1099 4419 1224 4476 Jacobus
1236 4419 1311 4475 filius
1322 4417 1398 4474 Petri
1415 4420 1590 4477 examinator

345 4525 460 4610 manum
477 4509 569 4567 mittit
588 4509 688 4590 Petrus
707 4508 905 4568 Soandolarius
924 4507 1060 4582 presbiter
1078 4523 1099 4565 a.
1118 4507 1306 4580 appolinaris,
1324 4505 1446 4564 Jadorae
1464 4509 1589 4565 notarius

346 4601 524 4744 rerrpvsgtm
542 4685 708 4745 eolkotiooe.
