<?xml version="1.0" encoding="UTF-8"?>
<!DOCTYPE html PUBLIC "-//W3C//DTD XHTML 1.0 Transitional//EN"
    "http://www.w3.org/TR/xhtml1/DTD/xhtml1-transitional.dtd">
<html xmlns="http://www.w3.org/1999/xhtml" xml:lang="en" lang="en">
 <head>
  <title>
</title>
<meta http-equiv="Content-Type" content="text/html;charset=utf-8" />
  <meta name='ocr-system' content='tesseract 3.04.00' />
  <meta name='ocr-capabilities' content='ocr_page ocr_carea ocr_par ocr_line ocrx_word'/>
</head>
<body>
  <div class='ocr_page' id='page_1' title='image "./regestadocument00sakcgoog_0084.png"; bbox 0 0 3544 5344; ppageno 0'>
   <div class='ocr_carea' id='block_1_1' title="bbox 359 441 1099 508">
    <p class='ocr_par' dir='ltr' id='par_1_1' title="bbox 359 441 1099 508">
     <span class='ocr_line' id='line_1_1' title="bbox 359 441 1099 508; baseline 0.003 -2"><span class='ocrx_word' id='word_1_1' title='bbox 359 441 401 506; x_wconf 78' lang='lat'><strong>78</strong></span> <span class='ocrx_word' id='word_1_2' title='bbox 857 465 878 507; x_wconf 88' lang='lat'><strong>1.</strong></span> <span class='ocrx_word' id='word_1_3' title='bbox 902 451 1099 508; x_wconf 67' lang='lat' dir='ltr'><strong>autumavit.</strong></span> 
     </span>
    </p>
   </div>
   <div class='ocr_carea' id='block_1_2' title="bbox 357 629 1605 1052">
    <p class='ocr_par' dir='ltr' id='par_1_2' title="bbox 357 629 1605 1052">
     <span class='ocr_line' id='line_1_2' title="bbox 357 629 1599 703; baseline -0.002 -15"><span class='ocrx_word' id='word_1_4' title='bbox 357 631 586 688; x_wconf 72' lang='lat' dir='ltr'><strong>contestationem</strong></span> <span class='ocrx_word' id='word_1_5' title='bbox 604 630 754 700; x_wconf 77' lang='lat' dir='ltr'><strong>legitimam</strong></span> <span class='ocrx_word' id='word_1_6' title='bbox 772 636 834 684; x_wconf 90' lang='lat' dir='ltr'><strong>acta</strong></span> <span class='ocrx_word' id='word_1_7' title='bbox 848 629 946 700; x_wconf 89' lang='lat' dir='ltr'><strong>judicii</strong></span> <span class='ocrx_word' id='word_1_8' title='bbox 964 647 1019 685; x_wconf 92' lang='lat' dir='ltr'><strong>non</strong></span> <span class='ocrx_word' id='word_1_9' title='bbox 1038 630 1172 686; x_wconf 88' lang='lat' dir='ltr'><strong>haberent</strong></span> <span class='ocrx_word' id='word_1_10' title='bbox 1207 631 1333 686; x_wconf 82' lang='lat' dir='ltr'><strong>Tandem</strong></span> <span class='ocrx_word' id='word_1_11' title='bbox 1351 637 1444 703; x_wconf 83' lang='lat' dir='ltr'><strong>partes</strong></span> <span class='ocrx_word' id='word_1_12' title='bbox 1468 629 1599 686; x_wconf 79' lang='lat' dir='ltr'><strong>concordi</strong></span> 
     </span>
     <span class='ocr_line' id='line_1_3' title="bbox 358 716 1605 790; baseline -0.002 -16"><span class='ocrx_word' id='word_1_13' title='bbox 358 725 477 774; x_wconf 85' lang='lat' dir='ltr'><strong>tractatu</strong></span> <span class='ocrx_word' id='word_1_14' title='bbox 495 719 566 773; x_wconf 89' lang='lat' dir='ltr'><strong>inter</strong></span> <span class='ocrx_word' id='word_1_15' title='bbox 583 735 614 772; x_wconf 89' lang='lat' dir='ltr'><strong>se</strong></span> <span class='ocrx_word' id='word_1_16' title='bbox 638 716 734 773; x_wconf 89' lang='lat' dir='ltr'><strong>habito</strong></span> <span class='ocrx_word' id='word_1_17' title='bbox 758 717 793 772; x_wconf 92' lang='lat' dir='ltr'><strong>ad</strong></span> <span class='ocrx_word' id='word_1_18' title='bbox 817 718 1047 789; x_wconf 82' lang='lat' dir='ltr'><strong>compositionem</strong></span> <span class='ocrx_word' id='word_1_19' title='bbox 1070 725 1268 790; x_wconf 85' lang='lat' dir='ltr'><strong>pervenerunt:</strong></span> <span class='ocrx_word' id='word_1_20' title='bbox 1289 718 1384 773; x_wconf 88' lang='lat' dir='ltr'><strong>Abbas</strong></span> <span class='ocrx_word' id='word_1_21' title='bbox 1408 717 1537 774; x_wconf 88' lang='lat' dir='ltr'><strong>videlicet</strong></span> <span class='ocrx_word' id='word_1_22' title='bbox 1554 735 1605 790; x_wconf 91' lang='lat' dir='ltr'><strong>pro</strong></span> 
     </span>
     <span class='ocr_line' id='line_1_4' title="bbox 359 803 1605 878; baseline 0.001 -19"><span class='ocrx_word' id='word_1_23' title='bbox 359 823 389 860; x_wconf 87' lang='lat' dir='ltr'><strong>ss</strong></span> <span class='ocrx_word' id='word_1_24' title='bbox 407 812 435 861; x_wconf 86' lang='lat' dir='ltr'><strong>et</strong></span> <span class='ocrx_word' id='word_1_25' title='bbox 452 805 619 860; x_wconf 89' lang='lat' dir='ltr'><strong>monasterio</strong></span> <span class='ocrx_word' id='word_1_26' title='bbox 638 821 690 860; x_wconf 90' lang='lat' dir='ltr'><strong>suo</strong></span> <span class='ocrx_word' id='word_1_27' title='bbox 708 803 829 860; x_wconf 89' lang='lat' dir='ltr'><strong>decimas</strong></span> <span class='ocrx_word' id='word_1_28' title='bbox 848 811 875 860; x_wconf 90' lang='lat' dir='ltr'><strong>et</strong></span> <span class='ocrx_word' id='word_1_29' title='bbox 893 806 987 860; x_wconf 89' lang='lat' dir='ltr'><strong>omnia</strong></span> <span class='ocrx_word' id='word_1_30' title='bbox 1004 805 1067 872; x_wconf 88' lang='lat' dir='ltr'><strong>alia,</strong></span> <span class='ocrx_word' id='word_1_31' title='bbox 1086 823 1158 876; x_wconf 87' lang='lat' dir='ltr'><strong>quae</strong></span> <span class='ocrx_word' id='word_1_32' title='bbox 1176 805 1411 877; x_wconf 86' lang='lat' dir='ltr'><strong>comprehendere</strong></span> <span class='ocrx_word' id='word_1_33' title='bbox 1424 811 1533 878; x_wconf 90' lang='lat' dir='ltr'><strong>poterat</strong></span> <span class='ocrx_word' id='word_1_34' title='bbox 1545 806 1605 861; x_wconf 90' lang='lat' dir='ltr'><strong>eius</strong></span> 
     </span>
     <span class='ocr_line' id='line_1_5' title="bbox 359 891 1604 964; baseline 0 -18"><span class='ocrx_word' id='word_1_35' title='bbox 359 893 463 964; x_wconf 89' lang='lat' dir='ltr'><strong>petitio,</strong></span> <span class='ocrx_word' id='word_1_36' title='bbox 481 892 554 947; x_wconf 87' lang='lat' dir='ltr'><strong>ultra</strong></span> <span class='ocrx_word' id='word_1_37' title='bbox 571 891 687 947; x_wconf 86' lang='lat' dir='ltr'><strong>fluvinm</strong></span> <span class='ocrx_word' id='word_1_38' title='bbox 703 891 834 958; x_wconf 85' lang='lat' dir='ltr'><strong>Dravam,</strong></span> <span class='ocrx_word' id='word_1_39' title='bbox 852 892 924 947; x_wconf 80' lang='lat' dir='ltr'><strong>inira</strong></span> <span class='ocrx_word' id='word_1_40' title='bbox 941 891 1149 962; x_wconf 86' lang='lat' dir='ltr'><strong>aagrabienssm</strong></span> <span class='ocrx_word' id='word_1_41' title='bbox 1167 892 1315 948; x_wconf 90' lang='lat' dir='ltr'><strong>dioecesim</strong></span> <span class='ocrx_word' id='word_1_42' title='bbox 1328 910 1424 949; x_wconf 89' lang='lat' dir='ltr'><strong>versas</strong></span> <span class='ocrx_word' id='word_1_43' title='bbox 1444 893 1604 948; x_wconf 83' lang='lat' dir='ltr'><strong>Slavoniam</strong></span> 
     </span>
     <span class='ocr_line' id='line_1_6' title="bbox 359 977 1605 1052; baseline 0 -17"><span class='ocrx_word' id='word_1_44' title='bbox 359 981 490 1052; x_wconf 91' lang='lat' dir='ltr'><strong>episcopo</strong></span> <span class='ocrx_word' id='word_1_45' title='bbox 509 985 538 1034; x_wconf 85' lang='lat' dir='ltr'><strong>et</strong></span> <span class='ocrx_word' id='word_1_46' title='bbox 556 979 687 1035; x_wconf 63' lang='lat' dir='ltr'><strong>acciniae</strong></span> <span class='ocrx_word' id='word_1_47' title='bbox 704 977 875 1048; x_wconf 84' lang='lat' dir='ltr'><strong>zagrabiensi</strong></span> <span class='ocrx_word' id='word_1_48' title='bbox 894 997 929 1036; x_wconf 84' lang='lat' dir='ltr'><strong>ex</strong></span> <span class='ocrx_word' id='word_1_49' title='bbox 947 985 1006 1035; x_wconf 90' lang='lat' dir='ltr'><strong>toto</strong></span> <span class='ocrx_word' id='word_1_50' title='bbox 1025 980 1139 1051; x_wconf 84' lang='lat' dir='ltr'><strong>pacifice</strong></span> <span class='ocrx_word' id='word_1_51' title='bbox 1157 979 1267 1036; x_wconf 78' lang='lat' dir='ltr'><strong>dimisit</strong></span> <span class='ocrx_word' id='word_1_52' title='bbox 1293 981 1451 1052; x_wconf 83' lang='lat' dir='ltr'><strong>Episcopus</strong></span> <span class='ocrx_word' id='word_1_53' title='bbox 1469 997 1534 1035; x_wconf 88' lang='lat' dir='ltr'><strong>vero</strong></span> <span class='ocrx_word' id='word_1_54' title='bbox 1553 997 1605 1052; x_wconf 89' lang='lat' dir='ltr'><strong>pro</strong></span> 
     </span>
    </p>
   </div>
   <div class='ocr_carea' id='block_1_3' title="bbox 257 1065 1604 1139">
    <p class='ocr_par' dir='ltr' id='par_1_3' title="bbox 257 1065 1604 1139">
     <span class='ocr_line' id='line_1_7' title="bbox 257 1065 1604 1139; baseline -0.004 -13"><span class='ocrx_word' id='word_1_55' title='bbox 257 1117 258 1126; x_wconf 70' lang='grc'>,</span> <span class='ocrx_word' id='word_1_56' title='bbox 358 1085 388 1124; x_wconf 89' lang='lat' dir='ltr'><strong>se</strong></span> <span class='ocrx_word' id='word_1_57' title='bbox 407 1075 436 1123; x_wconf 89' lang='lat' dir='ltr'><strong>et</strong></span> <span class='ocrx_word' id='word_1_58' title='bbox 453 1084 504 1122; x_wconf 89' lang='lat' dir='ltr'><strong>sua</strong></span> <span class='ocrx_word' id='word_1_59' title='bbox 522 1066 638 1122; x_wconf 89' lang='lat' dir='ltr'><strong>ecclesia</strong></span> <span class='ocrx_word' id='word_1_60' title='bbox 656 1065 777 1120; x_wconf 87' lang='lat' dir='ltr'><strong>decimas</strong></span> <span class='ocrx_word' id='word_1_61' title='bbox 795 1073 914 1137; x_wconf 89' lang='lat' dir='ltr'><strong>quatuor</strong></span> <span class='ocrx_word' id='word_1_62' title='bbox 932 1067 1102 1139; x_wconf 74' lang='lat' dir='ltr'><strong>capellarum</strong></span> <span class='ocrx_word' id='word_1_63' title='bbox 1121 1068 1225 1123; x_wconf 86' lang='lat' dir='ltr'><strong>scilicet</strong></span> <span class='ocrx_word' id='word_1_64' title='bbox 1243 1084 1265 1122; x_wconf 90' lang='lat' dir='ltr'><strong>s.</strong></span> <span class='ocrx_word' id='word_1_65' title='bbox 1285 1067 1400 1134; x_wconf 88' lang='lat' dir='ltr'><strong>Mariae,</strong></span> <span class='ocrx_word' id='word_1_66' title='bbox 1419 1085 1440 1122; x_wconf 91' lang='lat' dir='ltr'><strong>s.</strong></span> <span class='ocrx_word' id='word_1_67' title='bbox 1453 1067 1604 1133; x_wconf 83' lang='lat' dir='ltr'><strong>Trinitatis,</strong></span> 
     </span>
    </p>
   </div>
   <div class='ocr_carea' id='block_1_4' title="bbox 293 1151 1606 1750">
    <p class='ocr_par' dir='ltr' id='par_1_4' title="bbox 293 1151 1606 1575">
     <span class='ocr_line' id='line_1_8' title="bbox 358 1151 1605 1226; baseline -0.002 -16"><span class='ocrx_word' id='word_1_68' title='bbox 358 1172 377 1210; x_wconf 85' lang='lat' dir='ltr'><strong>a</strong></span> <span class='ocrx_word' id='word_1_69' title='bbox 399 1151 544 1210; x_wconf 82' lang='lat' dir='ltr'><strong>Barnabae</strong></span> <span class='ocrx_word' id='word_1_70' title='bbox 562 1161 628 1208; x_wconf 87' lang='lat' dir='ltr'><strong>ets.</strong></span> <span class='ocrx_word' id='word_1_71' title='bbox 649 1152 746 1207; x_wconf 82' lang='lat' dir='ltr'><strong>Crucis</strong></span> <span class='ocrx_word' id='word_1_72' title='bbox 770 1169 865 1208; x_wconf 89' lang='lat' dir='ltr'><strong>versus</strong></span> <span class='ocrx_word' id='word_1_73' title='bbox 888 1154 1064 1224; x_wconf 86' lang='lat' dir='ltr'><strong>Hungariam</strong></span> <span class='ocrx_word' id='word_1_74' title='bbox 1088 1161 1116 1210; x_wconf 90' lang='lat' dir='ltr'><strong>et</strong></span> <span class='ocrx_word' id='word_1_75' title='bbox 1139 1155 1274 1226; x_wconf 91' lang='lat' dir='ltr'><strong>quidquid</strong></span> <span class='ocrx_word' id='word_1_76' title='bbox 1290 1155 1361 1226; x_wconf 88' lang='lat' dir='ltr'><strong>juris</strong></span> <span class='ocrx_word' id='word_1_77' title='bbox 1385 1156 1413 1208; x_wconf 93' lang='lat' dir='ltr'><strong>in</strong></span> <span class='ocrx_word' id='word_1_78' title='bbox 1438 1154 1472 1208; x_wconf 89' lang='lat' dir='ltr'><strong>iis</strong></span> <span class='ocrx_word' id='word_1_79' title='bbox 1490 1153 1605 1226; x_wconf 88' lang='lat' dir='ltr'><strong>capellis</strong></span> 
     </span>
     <span class='ocr_line' id='line_1_9' title="bbox 359 1239 1605 1315; baseline -0.001 -18"><span class='ocrx_word' id='word_1_80' title='bbox 359 1242 480 1297; x_wconf 86' lang='lat' dir='ltr'><strong>habebat</strong></span> <span class='ocrx_word' id='word_1_81' title='bbox 503 1241 597 1296; x_wconf 88' lang='lat' dir='ltr'><strong>abbati</strong></span> <span class='ocrx_word' id='word_1_82' title='bbox 622 1247 650 1296; x_wconf 88' lang='lat' dir='ltr'><strong>et</strong></span> <span class='ocrx_word' id='word_1_83' title='bbox 673 1239 841 1296; x_wconf 86' lang='lat' dir='ltr'><strong>monasterio</strong></span> <span class='ocrx_word' id='word_1_84' title='bbox 864 1241 1004 1312; x_wconf 88' lang='lat' dir='ltr'><strong>praedicto</strong></span> <span class='ocrx_word' id='word_1_85' title='bbox 1031 1241 1135 1297; x_wconf 88' lang='lat' dir='ltr'><strong>dimisit</strong></span> <span class='ocrx_word' id='word_1_86' title='bbox 1159 1243 1272 1315; x_wconf 86' lang='lat' dir='ltr'><strong>pacifice</strong></span> <span class='ocrx_word' id='word_1_87' title='bbox 1291 1249 1318 1298; x_wconf 91' lang='lat' dir='ltr'><strong>et</strong></span> <span class='ocrx_word' id='word_1_88' title='bbox 1336 1243 1436 1311; x_wconf 89' lang='lat' dir='ltr'><strong>quiete.</strong></span> <span class='ocrx_word' id='word_1_89' title='bbox 1457 1241 1605 1297; x_wconf 83' lang='lat' dir='ltr'><strong>Caeterum</strong></span> 
     </span>
     <span class='ocr_line' id='line_1_10' title="bbox 360 1327 1606 1401; baseline -0.001 -17"><span class='ocrx_word' id='word_1_90' title='bbox 360 1347 411 1401; x_wconf 89' lang='lat' dir='ltr'><strong>pro</strong></span> <span class='ocrx_word' id='word_1_91' title='bbox 429 1328 597 1398; x_wconf 90' lang='lat' dir='ltr'><strong>quibusdam</strong></span> <span class='ocrx_word' id='word_1_92' title='bbox 615 1327 749 1382; x_wconf 81' lang='lat' dir='ltr'><strong>fructibus</strong></span> <span class='ocrx_word' id='word_1_93' title='bbox 768 1333 796 1384; x_wconf 92' lang='lat' dir='ltr'><strong>et</strong></span> <span class='ocrx_word' id='word_1_94' title='bbox 813 1329 943 1399; x_wconf 86' lang='lat' dir='ltr'><strong>expensis</strong></span> <span class='ocrx_word' id='word_1_95' title='bbox 962 1331 1015 1385; x_wconf 83' lang='lat'><strong>500</strong></span> <span class='ocrx_word' id='word_1_96' title='bbox 1032 1346 1139 1385; x_wconf 90' lang='lat' dir='ltr'><strong>marcas</strong></span> <span class='ocrx_word' id='word_1_97' title='bbox 1151 1330 1258 1400; x_wconf 81' lang='lat' dir='ltr'><strong>argenti</strong></span> <span class='ocrx_word' id='word_1_98' title='bbox 1271 1328 1306 1384; x_wconf 90' lang='lat' dir='ltr'><strong>ad</strong></span> <span class='ocrx_word' id='word_1_99' title='bbox 1319 1329 1429 1400; x_wconf 90' lang='lat' dir='ltr'><strong>pondus</strong></span> <span class='ocrx_word' id='word_1_100' title='bbox 1441 1329 1606 1400; x_wconf 87' lang='lat' dir='ltr'><strong>Hungariae</strong></span> 
     </span>
     <span class='ocr_line' id='line_1_11' title="bbox 360 1415 1606 1486; baseline -0.001 -14"><span class='ocrx_word' id='word_1_101' title='bbox 360 1416 496 1472; x_wconf 87' lang='lat' dir='ltr'><strong>bonorum</strong></span> <span class='ocrx_word' id='word_1_102' title='bbox 523 1423 551 1471; x_wconf 90' lang='lat' dir='ltr'><strong>et</strong></span> <span class='ocrx_word' id='word_1_103' title='bbox 575 1415 725 1470; x_wconf 89' lang='lat' dir='ltr'><strong>electorum</strong></span> <span class='ocrx_word' id='word_1_104' title='bbox 748 1415 931 1471; x_wconf 86' lang='lat' dir='ltr'><strong>frisaticorum</strong></span> <span class='ocrx_word' id='word_1_105' title='bbox 955 1416 1132 1472; x_wconf 80' lang='lat' dir='ltr'><strong>vendentium</strong></span> <span class='ocrx_word' id='word_1_106' title='bbox 1157 1422 1185 1473; x_wconf 92' lang='lat' dir='ltr'><strong>et</strong></span> <span class='ocrx_word' id='word_1_107' title='bbox 1209 1417 1358 1472; x_wconf 89' lang='lat' dir='ltr'><strong>ementium</strong></span> <span class='ocrx_word' id='word_1_108' title='bbox 1377 1416 1471 1472; x_wconf 88' lang='lat' dir='ltr'><strong>abbati</strong></span> <span class='ocrx_word' id='word_1_109' title='bbox 1495 1433 1525 1472; x_wconf 90' lang='lat' dir='ltr'><strong>se</strong></span> <span class='ocrx_word' id='word_1_110' title='bbox 1543 1433 1606 1486; x_wconf 90' lang='lat' dir='ltr'><strong>pro·</strong></span> 
     </span>
     <span class='ocr_line' id='line_1_12' title="bbox 293 1501 784 1575; baseline 0 -19"><span class='ocrx_word' id='word_1_111' title='bbox 293 1549 295 1556; x_wconf 16' lang='grc' dir='ltr'><em>Α</em></span> <span class='ocrx_word' id='word_1_112' title='bbox 359 1504 435 1558; x_wconf 84' lang='lat' dir='ltr'><strong>misit</strong></span> <span class='ocrx_word' id='word_1_113' title='bbox 452 1504 601 1575; x_wconf 89' lang='lat' dir='ltr'><strong>episcopus</strong></span> <span class='ocrx_word' id='word_1_114' title='bbox 620 1501 784 1558; x_wconf 89' lang='lat' dir='ltr'><strong>soluturum.</strong></span> 
     </span>
    </p>

    <p class='ocr_par' dir='ltr' id='par_1_5' title="bbox 360 1589 1605 1750">
     <span class='ocr_line' id='line_1_13' title="bbox 407 1589 1605 1664; baseline -0.003 -17"><span class='ocrx_word' id='word_1_115' title='bbox 407 1590 551 1664; x_wconf 11' lang='lat' dir='ltr'><strong>&#39;Mikatayt</strong></span> <span class='ocrx_word' id='word_1_116' title='bbox 569 1591 643 1644; x_wconf 83' lang='lat' dir='ltr'><strong>Hiat.</strong></span> <span class='ocrx_word' id='word_1_117' title='bbox 671 1589 814 1644; x_wconf 83' lang='lat' dir='ltr'><strong>bonoram.</strong></span> <span class='ocrx_word' id='word_1_118' title='bbox 840 1591 983 1646; x_wconf 75' lang='lat' dir='ltr'><strong>Fariatti:</strong></span> <span class='ocrx_word' id='word_1_119' title='bbox 1009 1591 1091 1661; x_wconf 76' lang='lat' dir='ltr'><strong>lllyr.</strong></span> <span class='ocrx_word' id='word_1_120' title='bbox 1115 1607 1187 1647; x_wconf 75' lang='lat' dir='ltr'><strong>san.</strong></span> <span class='ocrx_word' id='word_1_121' title='bbox 1213 1592 1243 1647; x_wconf 81' lang='grc' dir='ltr'><strong>Τ.</strong></span> <span class='ocrx_word' id='word_1_122' title='bbox 1273 1591 1305 1661; x_wconf 90' lang='lat' dir='ltr'><strong>V,</strong></span> <span class='ocrx_word' id='word_1_123' title='bbox 1328 1607 1357 1662; x_wconf 76' lang='lat' dir='ltr'><strong>p.</strong></span> <span class='ocrx_word' id='word_1_124' title='bbox 1380 1595 1441 1647; x_wconf 82' lang='grc'><strong>366.</strong></span> <span class='ocrx_word' id='word_1_125' title='bbox 1469 1591 1605 1646; x_wconf 75' lang='lat' dir='ltr'><strong>l&#39;lsaincr:</strong></span> 
     </span>
     <span class='ocr_line' id='line_1_14' title="bbox 360 1677 1259 1750; baseline -0.002 -16"><span class='ocrx_word' id='word_1_126' title='bbox 360 1679 438 1734; x_wconf 84' lang='lat' dir='ltr'><strong>Mon.</strong></span> <span class='ocrx_word' id='word_1_127' title='bbox 456 1677 551 1747; x_wconf 74' lang='lat' dir='ltr'><strong>Hung.</strong></span> <span class='ocrx_word' id='word_1_128' title='bbox 571 1679 593 1746; x_wconf 87' lang='lat'><strong>1,</strong></span> <span class='ocrx_word' id='word_1_129' title='bbox 610 1693 639 1746; x_wconf 83' lang='lat' dir='ltr'><strong>p.</strong></span> <span class='ocrx_word' id='word_1_130' title='bbox 658 1681 720 1730; x_wconf 88' lang='lat'><em>105.</em></span> <span class='ocrx_word' id='word_1_131' title='bbox 741 1677 959 1732; x_wconf 69' lang='lat' dir='ltr'><strong>Traianum.</strong></span> <span class='ocrx_word' id='word_1_132' title='bbox 978 1679 1060 1748; x_wconf 85' lang='lat' dir='ltr'><strong>episc.</strong></span> <span class='ocrx_word' id='word_1_133' title='bbox 1079 1695 1154 1750; x_wconf 67' lang='lat' dir='ltr'><strong>ruer.</strong></span> <span class='ocrx_word' id='word_1_134' title='bbox 1174 1682 1196 1749; x_wconf 88' lang='lat' dir='ltr'><strong>I,</strong></span> <span class='ocrx_word' id='word_1_135' title='bbox 1218 1683 1259 1733; x_wconf 83' lang='lat'><strong>73.</strong></span> 
     </span>
    </p>
   </div>
   <div class='ocr_carea' id='block_1_5' title="bbox 360 1825 1606 2240">
    <p class='ocr_par' dir='ltr' id='par_1_6' title="bbox 360 1825 1606 2240">
     <span class='ocr_line' id='line_1_15' title="bbox 413 1825 1606 1898; baseline 0.001 -18"><span class='ocrx_word' id='word_1_136' title='bbox 413 1825 583 1880; x_wconf 84' lang='lat' dir='ltr'>CCLXVII.</span> <span class='ocrx_word' id='word_1_137' title='bbox 601 1826 763 1896; x_wconf 79' lang='lat' dir='ltr'><strong>Anagniae,</strong></span> <span class='ocrx_word' id='word_1_138' title='bbox 782 1829 826 1880; x_wconf 86' lang='lat'><strong>22.</strong></span> <span class='ocrx_word' id='word_1_139' title='bbox 838 1828 959 1897; x_wconf 77' lang='lat' dir='ltr'><strong>Augusti</strong></span> <span class='ocrx_word' id='word_1_140' title='bbox 971 1830 1047 1883; x_wconf 75' lang='lat'><strong><em>1232.</em></strong></span> <span class='ocrx_word' id='word_1_141' title='bbox 1059 1825 1211 1896; x_wconf 80' lang='lat' dir='ltr'><strong>Gregorius</strong></span> <span class='ocrx_word' id='word_1_142' title='bbox 1224 1827 1269 1881; x_wconf 88' lang='lat' dir='ltr'><strong>IX</strong></span> <span class='ocrx_word' id='word_1_143' title='bbox 1281 1843 1357 1898; x_wconf 86' lang='lat' dir='ltr'><strong>papa</strong></span> <span class='ocrx_word' id='word_1_144' title='bbox 1374 1825 1522 1882; x_wconf 80' lang='lat' dir='ltr'><strong>incbnatns</strong></span> <span class='ocrx_word' id='word_1_145' title='bbox 1544 1842 1606 1898; x_wconf 89' lang='lat' dir='ltr'><strong>pre·</strong></span> 
     </span>
     <span class='ocr_line' id='line_1_16' title="bbox 360 1912 1606 1984; baseline 0 -16"><span class='ocrx_word' id='word_1_146' title='bbox 360 1913 439 1968; x_wconf 91' lang='lat' dir='ltr'><strong>cibus</strong></span> <span class='ocrx_word' id='word_1_147' title='bbox 457 1912 557 1967; x_wconf 93' lang='lat' dir='ltr'><strong>nobilis</strong></span> <span class='ocrx_word' id='word_1_148' title='bbox 575 1913 697 1966; x_wconf 89' lang='lat' dir='ltr'><strong>mulieris</strong></span> <span class='ocrx_word' id='word_1_149' title='bbox 716 1913 843 1968; x_wconf 88' lang='lat' dir='ltr'><strong>Helenae</strong></span> <span class='ocrx_word' id='word_1_150' title='bbox 861 1914 956 1968; x_wconf 83' lang='lat' dir='ltr'><strong>uxoris</strong></span> <span class='ocrx_word' id='word_1_151' title='bbox 973 1913 1057 1968; x_wconf 89' lang='lat' dir='ltr'><strong>Jnlae</strong></span> <span class='ocrx_word' id='word_1_152' title='bbox 1075 1913 1140 1968; x_wconf 89' lang='lat' dir='ltr'><strong>bani</strong></span> <span class='ocrx_word' id='word_1_153' title='bbox 1154 1914 1281 1984; x_wconf 80' lang='lat' dir='ltr'><strong>indulget</strong></span> <span class='ocrx_word' id='word_1_154' title='bbox 1299 1913 1345 1981; x_wconf 92' lang='lat' dir='ltr'><strong>illi,</strong></span> <span class='ocrx_word' id='word_1_155' title='bbox 1359 1921 1390 1968; x_wconf 91' lang='lat' dir='ltr'><strong>ut</strong></span> <span class='ocrx_word' id='word_1_156' title='bbox 1402 1931 1465 1968; x_wconf 90' lang='lat' dir='ltr'><strong>cum</strong></span> <span class='ocrx_word' id='word_1_157' title='bbox 1478 1915 1606 1984; x_wconf 86' lang='lat' dir='ltr'><strong>generale</strong></span> 
     </span>
     <span class='ocr_line' id='line_1_17' title="bbox 360 1998 1606 2068; baseline 0 -14"><span class='ocrx_word' id='word_1_158' title='bbox 360 1999 536 2055; x_wconf 85' lang='lat' dir='ltr'><strong>interdictum</strong></span> <span class='ocrx_word' id='word_1_159' title='bbox 554 2005 643 2054; x_wconf 87' lang='lat' dir='ltr'><strong>terrae</strong></span> <span class='ocrx_word' id='word_1_160' title='bbox 661 1998 751 2066; x_wconf 83' lang='lat' dir='ltr'><strong>fuerit,</strong></span> <span class='ocrx_word' id='word_1_161' title='bbox 776 2000 858 2055; x_wconf 85' lang='lat' dir='ltr'><strong>liceat</strong></span> <span class='ocrx_word' id='word_1_162' title='bbox 880 2001 905 2054; x_wconf 86' lang='lat' dir='ltr'><strong>ei</strong></span> <span class='ocrx_word' id='word_1_163' title='bbox 929 1999 1026 2056; x_wconf 88' lang='lat' dir='ltr'><strong>audire</strong></span> <span class='ocrx_word' id='word_1_164' title='bbox 1050 2000 1143 2055; x_wconf 87' lang='lat' dir='ltr'><strong>divina</strong></span> <span class='ocrx_word' id='word_1_165' title='bbox 1167 2001 1194 2054; x_wconf 90' lang='lat' dir='ltr'><strong>in</strong></span> <span class='ocrx_word' id='word_1_166' title='bbox 1214 2001 1344 2068; x_wconf 87' lang='lat' dir='ltr'><strong>ecclesiis,</strong></span> <span class='ocrx_word' id='word_1_167' title='bbox 1363 2001 1537 2056; x_wconf 89' lang='lat' dir='ltr'><strong>monasteriis</strong></span> <span class='ocrx_word' id='word_1_168' title='bbox 1556 2017 1606 2055; x_wconf 91' lang='lat' dir='ltr'><strong>seu</strong></span> 
     </span>
     <span class='ocr_line' id='line_1_18' title="bbox 360 2087 1606 2158; baseline 0 -16"><span class='ocrx_word' id='word_1_169' title='bbox 360 2087 481 2158; x_wconf 92' lang='lat' dir='ltr'><strong>capellis,</strong></span> <span class='ocrx_word' id='word_1_170' title='bbox 500 2087 602 2156; x_wconf 92' lang='lat' dir='ltr'><strong>quibus</strong></span> <span class='ocrx_word' id='word_1_171' title='bbox 620 2093 663 2140; x_wconf 89' lang='lat' dir='ltr'><strong>est</strong></span> <span class='ocrx_word' id='word_1_172' title='bbox 680 2103 713 2140; x_wconf 90' lang='lat' dir='ltr'><strong>eo</strong></span> <span class='ocrx_word' id='word_1_173' title='bbox 731 2092 856 2158; x_wconf 88' lang='lat' dir='ltr'><strong>tempore</strong></span> <span class='ocrx_word' id='word_1_174' title='bbox 883 2105 918 2142; x_wconf 84' lang='lat' dir='ltr'><strong>ex</strong></span> <span class='ocrx_word' id='word_1_175' title='bbox 942 2088 1104 2158; x_wconf 88' lang='lat' dir='ltr'><strong>pontificum</strong></span> <span class='ocrx_word' id='word_1_176' title='bbox 1132 2089 1313 2158; x_wconf 87' lang='lat' dir='ltr'><strong>permissione</strong></span> <span class='ocrx_word' id='word_1_177' title='bbox 1331 2105 1495 2143; x_wconf 90' lang='lat' dir='ltr'><strong>concessum</strong></span> <span class='ocrx_word' id='word_1_178' title='bbox 1513 2087 1606 2143; x_wconf 90' lang='lat' dir='ltr'><strong>divina</strong></span> 
     </span>
     <span class='ocr_line' id='line_1_19' title="bbox 362 2172 1290 2240; baseline 0.002 -12"><span class='ocrx_word' id='word_1_179' title='bbox 362 2173 453 2228; x_wconf 84' lang='lat' dir='ltr'><strong>officia</strong></span> <span class='ocrx_word' id='word_1_180' title='bbox 471 2173 618 2240; x_wconf 86' lang='lat' dir='ltr'><strong>celebrare,</strong></span> <span class='ocrx_word' id='word_1_181' title='bbox 636 2172 788 2230; x_wconf 89' lang='lat' dir='ltr'><strong>dummodo</strong></span> <span class='ocrx_word' id='word_1_182' title='bbox 806 2190 920 2229; x_wconf 86' lang='lat' dir='ltr'><strong>causam</strong></span> <span class='ocrx_word' id='word_1_183' title='bbox 937 2191 994 2228; x_wconf 92' lang='lat' dir='ltr'><strong>non</strong></span> <span class='ocrx_word' id='word_1_184' title='bbox 1012 2174 1120 2230; x_wconf 86' lang='lat' dir='ltr'><strong>dederit</strong></span> <span class='ocrx_word' id='word_1_185' title='bbox 1137 2175 1290 2230; x_wconf 89' lang='lat' dir='ltr'><strong>interdicto.</strong></span> 
     </span>
    </p>
   </div>
   <div class='ocr_carea' id='block_1_6' title="bbox 412 2278 1605 2352">
    <p class='ocr_par' dir='ltr' id='par_1_7' title="bbox 412 2278 1605 2352">
     <span class='ocr_line' id='line_1_20' title="bbox 412 2278 1605 2352; baseline 0 -18"><span class='ocrx_word' id='word_1_186' title='bbox 412 2279 512 2347; x_wconf 71' lang='lat' dir='ltr'><strong>Fejn:</strong></span> <span class='ocrx_word' id='word_1_187' title='bbox 530 2278 623 2334; x_wconf 77' lang='lat' dir='ltr'><strong>Oodea</strong></span> <span class='ocrx_word' id='word_1_188' title='bbox 640 2278 710 2346; x_wconf 82' lang='lat' dir='ltr'><strong>dipl.</strong></span> <span class='ocrx_word' id='word_1_189' title='bbox 729 2281 821 2349; x_wconf 77' lang='lat' dir='ltr'><strong>Hnnp.</strong></span> <span class='ocrx_word' id='word_1_190' title='bbox 841 2279 906 2349; x_wconf 77' lang='lat'><strong>111,</strong></span> <span class='ocrx_word' id='word_1_191' title='bbox 924 2280 975 2335; x_wconf 86' lang='lat' dir='ltr'><strong>nol.</strong></span> <span class='ocrx_word' id='word_1_192' title='bbox 995 2282 1032 2348; x_wconf 87' lang='grc' dir='ltr'><strong>ΙΙ,</strong></span> <span class='ocrx_word' id='word_1_193' title='bbox 1044 2297 1072 2349; x_wconf 84' lang='lat' dir='ltr'><strong>p.</strong></span> <span class='ocrx_word' id='word_1_194' title='bbox 1086 2284 1148 2335; x_wconf 87' lang='lat'><strong><em>303.</em></strong></span> <span class='ocrx_word' id='word_1_195' title='bbox 1164 2280 1296 2336; x_wconf 69' lang='lat' dir='ltr'><strong>minor.-</strong></span> <span class='ocrx_word' id='word_1_196' title='bbox 1307 2281 1385 2336; x_wconf 82' lang='lat' dir='ltr'><strong>Mon.</strong></span> <span class='ocrx_word' id='word_1_197' title='bbox 1401 2281 1495 2352; x_wconf 74' lang='lat' dir='ltr'><strong>Hnnp.</strong></span> <span class='ocrx_word' id='word_1_198' title='bbox 1510 2283 1605 2350; x_wconf 87' lang='lat' dir='ltr'><strong>l,106.</strong></span> 
     </span>
    </p>
   </div>
   <div class='ocr_carea' id='block_1_7' title="bbox 357 2427 1606 3198">
    <p class='ocr_par' dir='ltr' id='par_1_8' title="bbox 357 2427 1606 3198">
     <span class='ocr_line' id='line_1_21' title="bbox 413 2427 1606 2500; baseline 0 -18"><span class='ocrx_word' id='word_1_199' title='bbox 413 2427 598 2482; x_wconf 84' lang='lat' dir='ltr'><strong>GOLXVIII.</strong></span> <span class='ocrx_word' id='word_1_200' title='bbox 608 2427 772 2485; x_wconf 79' lang='lat' dir='ltr'><strong>Oircc1232.</strong></span> <span class='ocrx_word' id='word_1_201' title='bbox 783 2428 933 2498; x_wconf 80' lang='lat' dir='ltr'><strong>Gregorius</strong></span> <span class='ocrx_word' id='word_1_202' title='bbox 946 2429 1113 2500; x_wconf 86' lang='lat' dir='ltr'><strong>spalatensis</strong></span> <span class='ocrx_word' id='word_1_203' title='bbox 1125 2433 1153 2484; x_wconf 89' lang='lat' dir='ltr'><strong>et</strong></span> <span class='ocrx_word' id='word_1_204' title='bbox 1165 2428 1344 2484; x_wconf 86' lang='lat' dir='ltr'><strong>sibenicensis</strong></span> <span class='ocrx_word' id='word_1_205' title='bbox 1356 2445 1449 2484; x_wconf 89' lang='lat' dir='ltr'><strong>comes</strong></span> <span class='ocrx_word' id='word_1_206' title='bbox 1462 2445 1525 2484; x_wconf 91' lang='lat' dir='ltr'><strong>cum</strong></span> <span class='ocrx_word' id='word_1_207' title='bbox 1531 2427 1606 2499; x_wconf 89' lang='lat' dir='ltr'><strong>judi-</strong></span> 
     </span>
     <span class='ocr_line' id='line_1_22' title="bbox 359 2515 1604 2586; baseline 0 -16"><span class='ocrx_word' id='word_1_208' title='bbox 359 2515 437 2570; x_wconf 90' lang='lat' dir='ltr'><strong>cibus</strong></span> <span class='ocrx_word' id='word_1_209' title='bbox 456 2521 484 2570; x_wconf 89' lang='lat' dir='ltr'><strong>et</strong></span> <span class='ocrx_word' id='word_1_210' title='bbox 501 2515 630 2570; x_wconf 85' lang='lat' dir='ltr'><strong>universo</strong></span> <span class='ocrx_word' id='word_1_211' title='bbox 648 2515 762 2586; x_wconf 91' lang='lat' dir='ltr'><strong>populo,</strong></span> <span class='ocrx_word' id='word_1_212' title='bbox 781 2515 876 2570; x_wconf 90' lang='lat' dir='ltr'><strong>scribit</strong></span> <span class='ocrx_word' id='word_1_213' title='bbox 892 2515 912 2570; x_wconf 90' lang='lat' dir='ltr'><strong>J</strong></span> <span class='ocrx_word' id='word_1_214' title='bbox 913 2517 996 2570; x_wconf 91' lang='lat' dir='ltr'><strong>oanni</strong></span> <span class='ocrx_word' id='word_1_215' title='bbox 1008 2515 1140 2571; x_wconf 88' lang='lat' dir='ltr'><strong>Dandulo</strong></span> <span class='ocrx_word' id='word_1_216' title='bbox 1153 2517 1246 2571; x_wconf 91' lang='lat' dir='ltr'><strong>comiti</strong></span> <span class='ocrx_word' id='word_1_217' title='bbox 1265 2522 1293 2570; x_wconf 87' lang='lat' dir='ltr'><strong>et</strong></span> <span class='ocrx_word' id='word_1_218' title='bbox 1305 2517 1445 2572; x_wconf 88' lang='lat' dir='ltr'><strong>communi</strong></span> <span class='ocrx_word' id='word_1_219' title='bbox 1457 2517 1604 2586; x_wconf 82' lang='lat' dir='ltr'><strong>ragusinae</strong></span> 
     </span>
     <span class='ocr_line' id='line_1_23' title="bbox 359 2603 1606 2674; baseline -0.002 -16"><span class='ocrx_word' id='word_1_220' title='bbox 359 2603 484 2668; x_wconf 88' lang='lat' dir='ltr'><strong>civitatis,</strong></span> <span class='ocrx_word' id='word_1_221' title='bbox 503 2619 567 2656; x_wconf 88' lang='lat' dir='ltr'><strong>cum</strong></span> <span class='ocrx_word' id='word_1_222' title='bbox 585 2603 656 2656; x_wconf 88' lang='lat' dir='ltr'><strong>inter</strong></span> <span class='ocrx_word' id='word_1_223' title='bbox 674 2617 722 2657; x_wconf 93' lang='lat' dir='ltr'><strong>eos</strong></span> <span class='ocrx_word' id='word_1_224' title='bbox 740 2603 854 2674; x_wconf 85' lang='lat' dir='ltr'><strong>antiqua</strong></span> <span class='ocrx_word' id='word_1_225' title='bbox 873 2603 993 2658; x_wconf 90' lang='lat' dir='ltr'><strong>amicitia</strong></span> <span class='ocrx_word' id='word_1_226' title='bbox 1011 2609 1039 2658; x_wconf 88' lang='lat' dir='ltr'><strong>et</strong></span> <span class='ocrx_word' id='word_1_227' title='bbox 1057 2604 1175 2658; x_wconf 83' lang='lat' dir='ltr'><strong>societas</strong></span> <span class='ocrx_word' id='word_1_228' title='bbox 1194 2603 1315 2658; x_wconf 88' lang='lat' dir='ltr'><strong>stabilita</strong></span> <span class='ocrx_word' id='word_1_229' title='bbox 1334 2604 1376 2670; x_wconf 92' lang='lat' dir='ltr'><strong>sit,</strong></span> <span class='ocrx_word' id='word_1_230' title='bbox 1396 2609 1506 2674; x_wconf 91' lang='lat' dir='ltr'><strong>oportet</strong></span> <span class='ocrx_word' id='word_1_231' title='bbox 1524 2604 1606 2657; x_wconf 88' lang='lat' dir='ltr'><strong>etiam</strong></span> 
     </span>
     <span class='ocr_line' id='line_1_24' title="bbox 360 2689 1606 2762; baseline -0.001 -17"><span class='ocrx_word' id='word_1_232' title='bbox 360 2697 391 2745; x_wconf 90' lang='lat' dir='ltr'><strong>ut</strong></span> <span class='ocrx_word' id='word_1_233' title='bbox 408 2691 479 2744; x_wconf 89' lang='lat' dir='ltr'><strong>inter</strong></span> <span class='ocrx_word' id='word_1_234' title='bbox 497 2706 545 2744; x_wconf 91' lang='lat' dir='ltr'><strong>eos</strong></span> <span class='ocrx_word' id='word_1_235' title='bbox 559 2689 669 2760; x_wconf 90' lang='lat' dir='ltr'><strong>justitia</strong></span> <span class='ocrx_word' id='word_1_236' title='bbox 687 2690 742 2756; x_wconf 91' lang='lat' dir='ltr'><strong>fiat,</strong></span> <span class='ocrx_word' id='word_1_237' title='bbox 762 2696 793 2745; x_wconf 89' lang='lat' dir='ltr'><strong>nt</strong></span> <span class='ocrx_word' id='word_1_238' title='bbox 810 2689 878 2745; x_wconf 91' lang='lat' dir='ltr'><strong>dum</strong></span> <span class='ocrx_word' id='word_1_239' title='bbox 895 2691 1008 2746; x_wconf 85' lang='lat' dir='ltr'><strong>fuerunt</strong></span> <span class='ocrx_word' id='word_1_240' title='bbox 1025 2692 1053 2746; x_wconf 91' lang='lat' dir='ltr'><strong>in</strong></span> <span class='ocrx_word' id='word_1_241' title='bbox 1072 2708 1173 2762; x_wconf 87' lang='lat' dir='ltr'><strong>guerra</strong></span> <span class='ocrx_word' id='word_1_242' title='bbox 1191 2708 1254 2746; x_wconf 91' lang='lat' dir='ltr'><strong>cnm</strong></span> <span class='ocrx_word' id='word_1_243' title='bbox 1273 2707 1325 2746; x_wconf 90' lang='lat' dir='ltr'><strong>suo</strong></span> <span class='ocrx_word' id='word_1_244' title='bbox 1337 2691 1477 2746; x_wconf 88' lang='lat' dir='ltr'><strong>communi</strong></span> <span class='ocrx_word' id='word_1_245' title='bbox 1495 2691 1606 2745; x_wconf 91' lang='lat' dir='ltr'><strong>inimico</strong></span> 
     </span>
     <span class='ocr_line' id='line_1_25' title="bbox 359 2775 1606 2844; baseline -0.002 -12"><span class='ocrx_word' id='word_1_246' title='bbox 359 2777 459 2832; x_wconf 91' lang='lat' dir='ltr'><strong>comite</strong></span> <span class='ocrx_word' id='word_1_247' title='bbox 476 2777 567 2844; x_wconf 88' lang='lat' dir='ltr'><strong>Petro,</strong></span> <span class='ocrx_word' id='word_1_248' title='bbox 585 2775 722 2832; x_wconf 89' lang='lat' dir='ltr'><strong>dederunt</strong></span> <span class='ocrx_word' id='word_1_249' title='bbox 745 2793 842 2832; x_wconf 86' lang='lat' dir='ltr'><strong>omnes</strong></span> <span class='ocrx_word' id='word_1_250' title='bbox 861 2795 957 2834; x_wconf 89' lang='lat' dir='ltr'><strong>eornm</strong></span> <span class='ocrx_word' id='word_1_251' title='bbox 982 2795 1026 2834; x_wconf 92' lang='lat' dir='ltr'><strong>res</strong></span> <span class='ocrx_word' id='word_1_252' title='bbox 1051 2778 1086 2834; x_wconf 89' lang='lat' dir='ltr'><strong>de</strong></span> <span class='ocrx_word' id='word_1_253' title='bbox 1105 2779 1179 2833; x_wconf 90' lang='lat' dir='ltr'><strong>illius</strong></span> <span class='ocrx_word' id='word_1_254' title='bbox 1197 2779 1294 2832; x_wconf 92' lang='lat' dir='ltr'><strong>insulis</strong></span> <span class='ocrx_word' id='word_1_255' title='bbox 1313 2785 1341 2833; x_wconf 87' lang='lat' dir='ltr'><strong>st</strong></span> <span class='ocrx_word' id='word_1_256' title='bbox 1359 2778 1419 2833; x_wconf 89' lang='lat' dir='ltr'><strong>eius</strong></span> <span class='ocrx_word' id='word_1_257' title='bbox 1436 2777 1606 2832; x_wconf 86' lang='lat' dir='ltr'><strong>districtibus</strong></span> 
     </span>
     <span class='ocr_line' id='line_1_26' title="bbox 359 2864 1604 2936; baseline 0 -18"><span class='ocrx_word' id='word_1_258' title='bbox 359 2864 504 2933; x_wconf 76' lang='lat' dir='ltr'><strong>regminis,</strong></span> <span class='ocrx_word' id='word_1_259' title='bbox 522 2871 550 2918; x_wconf 88' lang='lat' dir='ltr'><strong>et</strong></span> <span class='ocrx_word' id='word_1_260' title='bbox 568 2865 747 2920; x_wconf 88' lang='lat' dir='ltr'><strong>restituerunt</strong></span> <span class='ocrx_word' id='word_1_261' title='bbox 771 2881 867 2920; x_wconf 88' lang='lat' dir='ltr'><strong>omues</strong></span> <span class='ocrx_word' id='word_1_262' title='bbox 894 2881 939 2920; x_wconf 87' lang='lat' dir='ltr'><strong>res</strong></span> <span class='ocrx_word' id='word_1_263' title='bbox 957 2867 1110 2936; x_wconf 81' lang='lat' dir='ltr'><strong>ragusinae,</strong></span> <span class='ocrx_word' id='word_1_264' title='bbox 1131 2865 1180 2920; x_wconf 88' lang='lat' dir='ltr'><strong>sed</strong></span> <span class='ocrx_word' id='word_1_265' title='bbox 1199 2865 1323 2934; x_wconf 83' lang='lat' dir='ltr'><strong>ragusini</strong></span> <span class='ocrx_word' id='word_1_266' title='bbox 1340 2881 1396 2920; x_wconf 89' lang='lat' dir='ltr'><strong>non</strong></span> <span class='ocrx_word' id='word_1_267' title='bbox 1415 2865 1454 2919; x_wconf 89' lang='lat' dir='ltr'><strong>ita</strong></span> <span class='ocrx_word' id='word_1_268' title='bbox 1472 2864 1604 2930; x_wconf 81' lang='lat' dir='ltr'><strong>lecerunt,</strong></span> 
     </span>
     <span class='ocr_line' id='line_1_27' title="bbox 359 2951 1606 3022; baseline 0.002 -18"><span class='ocrx_word' id='word_1_269' title='bbox 359 2967 410 3006; x_wconf 88' lang='lat' dir='ltr'><strong>nec</strong></span> <span class='ocrx_word' id='word_1_270' title='bbox 440 2951 625 3018; x_wconf 86' lang='lat' dir='ltr'><strong>restituerunt,</strong></span> <span class='ocrx_word' id='word_1_271' title='bbox 656 2969 728 3022; x_wconf 85' lang='lat' dir='ltr'><strong>quae</strong></span> <span class='ocrx_word' id='word_1_272' title='bbox 754 2951 790 3006; x_wconf 89' lang='lat' dir='ltr'><strong>ab</strong></span> <span class='ocrx_word' id='word_1_273' title='bbox 814 2953 868 3008; x_wconf 88' lang='lat' dir='ltr'><strong>illis</strong></span> <span class='ocrx_word' id='word_1_274' title='bbox 891 2953 986 3008; x_wconf 88' lang='lat' dir='ltr'><strong>ablata</strong></span> <span class='ocrx_word' id='word_1_275' title='bbox 1009 2953 1129 3020; x_wconf 85' lang='lat' dir='ltr'><strong>fuerunt,</strong></span> <span class='ocrx_word' id='word_1_276' title='bbox 1156 2951 1259 3008; x_wconf 90' lang='lat' dir='ltr'><strong>idcirco</strong></span> <span class='ocrx_word' id='word_1_277' title='bbox 1288 2953 1423 3007; x_wconf 88' lang='lat' dir='ltr'><strong>miserunt</strong></span> <span class='ocrx_word' id='word_1_278' title='bbox 1451 2952 1606 3022; x_wconf 83' lang='lat' dir='ltr'><strong>Ragusium</strong></span> 
     </span>
     <span class='ocr_line' id='line_1_28' title="bbox 357 3037 1604 3109; baseline 0.002 -17"><span class='ocrx_word' id='word_1_279' title='bbox 357 3037 515 3093; x_wconf 73' lang='lat' dir='ltr'><strong>iohannem</strong></span> <span class='ocrx_word' id='word_1_280' title='bbox 530 3037 654 3108; x_wconf 89' lang='lat' dir='ltr'><strong>jndicem</strong></span> <span class='ocrx_word' id='word_1_281' title='bbox 671 3055 735 3093; x_wconf 89' lang='lat' dir='ltr'><strong>cum</strong></span> <span class='ocrx_word' id='word_1_282' title='bbox 753 3039 866 3095; x_wconf 90' lang='lat' dir='ltr'><strong>domino</strong></span> <span class='ocrx_word' id='word_1_283' title='bbox 885 3039 1007 3108; x_wconf 80' lang='lat' dir='ltr'><strong>Gazette,</strong></span> <span class='ocrx_word' id='word_1_284' title='bbox 1027 3041 1071 3094; x_wconf 89' lang='lat' dir='ltr'><strong>cni</strong></span> <span class='ocrx_word' id='word_1_285' title='bbox 1090 3045 1155 3094; x_wconf 90' lang='lat' dir='ltr'><strong>sunt</strong></span> <span class='ocrx_word' id='word_1_286' title='bbox 1173 3055 1216 3094; x_wconf 89' lang='lat' dir='ltr'><strong>res</strong></span> <span class='ocrx_word' id='word_1_287' title='bbox 1235 3038 1345 3094; x_wconf 87' lang='lat' dir='ltr'><strong>ablatae</strong></span> <span class='ocrx_word' id='word_1_288' title='bbox 1364 3045 1391 3094; x_wconf 89' lang='lat' dir='ltr'><strong>et</strong></span> <span class='ocrx_word' id='word_1_289' title='bbox 1403 3045 1502 3109; x_wconf 88' lang='lat' dir='ltr'><strong>rogant</strong></span> <span class='ocrx_word' id='word_1_290' title='bbox 1513 3045 1545 3094; x_wconf 91' lang='lat' dir='ltr'><strong>ut</strong></span> <span class='ocrx_word' id='word_1_291' title='bbox 1557 3055 1604 3094; x_wconf 89' lang='lat' dir='ltr'><strong>eas</strong></span> 
     </span>
     <span class='ocr_line' id='line_1_29' title="bbox 359 3125 1564 3198; baseline 0 -18"><span class='ocrx_word' id='word_1_292' title='bbox 359 3126 513 3180; x_wconf 76' lang='lat' dir='ltr'><strong>restituant</strong></span> <span class='ocrx_word' id='word_1_293' title='bbox 533 3125 670 3194; x_wconf 86' lang='lat' dir='ltr'><strong>Gaudent,</strong></span> <span class='ocrx_word' id='word_1_294' title='bbox 690 3127 713 3180; x_wconf 93' lang='lat' dir='ltr'><strong>si</strong></span> <span class='ocrx_word' id='word_1_295' title='bbox 731 3127 858 3182; x_wconf 84' lang='lat' dir='ltr'><strong>resistere</strong></span> <span class='ocrx_word' id='word_1_296' title='bbox 877 3129 997 3198; x_wconf 89' lang='lat' dir='ltr'><strong>poterint</strong></span> <span class='ocrx_word' id='word_1_297' title='bbox 1014 3127 1125 3182; x_wconf 91' lang='lat' dir='ltr'><strong>inimico</strong></span> <span class='ocrx_word' id='word_1_298' title='bbox 1143 3127 1209 3196; x_wconf 92' lang='lat' dir='ltr'><strong>regi,</strong></span> <span class='ocrx_word' id='word_1_299' title='bbox 1228 3127 1276 3196; x_wconf 91' lang='lat' dir='ltr'><strong>qui</strong></span> <span class='ocrx_word' id='word_1_300' title='bbox 1294 3126 1393 3182; x_wconf 86' lang='lat' dir='ltr'><strong>stillis</strong></span> <span class='ocrx_word' id='word_1_301' title='bbox 1411 3125 1564 3182; x_wconf 89' lang='lat' dir='ltr'><strong>insidiatur.</strong></span> 
     </span>
    </p>
   </div>
   <div class='ocr_carea' id='block_1_8' title="bbox 412 3231 1604 3303">
    <p class='ocr_par' dir='ltr' id='par_1_9' title="bbox 412 3231 1604 3303">
     <span class='ocr_line' id='line_1_30' title="bbox 412 3231 1604 3303; baseline -0.001 -17"><span class='ocrx_word' id='word_1_302' title='bbox 412 3232 461 3286; x_wconf 80' lang='lat' dir='ltr'><strong>Ea</strong></span> <span class='ocrx_word' id='word_1_303' title='bbox 478 3231 591 3286; x_wconf 82' lang='lat' dir='ltr'><strong>aretino</strong></span> <span class='ocrx_word' id='word_1_304' title='bbox 609 3231 702 3286; x_wconf 83' lang='lat' dir='ltr'><strong>nniico</strong></span> <span class='ocrx_word' id='word_1_305' title='bbox 720 3233 862 3287; x_wconf 77' lang='lat' dir='ltr'><strong>viennensi</strong></span> <span class='ocrx_word' id='word_1_306' title='bbox 879 3240 945 3289; x_wconf 85' lang='lat' dir='ltr'><strong>aeto</strong></span> <span class='ocrx_word' id='word_1_307' title='bbox 963 3249 1115 3303; x_wconf 67' lang='lat' dir='ltr'><strong>rtemann.</strong></span> <span class='ocrx_word' id='word_1_308' title='bbox 1135 3231 1255 3300; x_wconf 59' lang='lat' dir='ltr'><strong>linit:</strong></span> <span class='ocrx_word' id='word_1_309' title='bbox 1273 3232 1352 3288; x_wconf 83' lang='lat' dir='ltr'><strong>Mon.</strong></span> <span class='ocrx_word' id='word_1_310' title='bbox 1371 3231 1447 3288; x_wconf 77' lang='lat' dir='ltr'><strong>Sina</strong></span> <span class='ocrx_word' id='word_1_311' title='bbox 1472 3231 1496 3300; x_wconf 91' lang='lat'><strong>1,</strong></span> <span class='ocrx_word' id='word_1_312' title='bbox 1512 3248 1541 3301; x_wconf 81' lang='lat' dir='ltr'><strong>p.</strong></span> <span class='ocrx_word' id='word_1_313' title='bbox 1561 3235 1604 3285; x_wconf 82' lang='lat'><strong>55.</strong></span> 
     </span>
    </p>
   </div>
   <div class='ocr_carea' id='block_1_9' title="bbox 362 3379 1613 3976">
    <p class='ocr_par' dir='ltr' id='par_1_10' title="bbox 362 3379 1613 3976">
     <span class='ocr_line' id='line_1_31' title="bbox 414 3379 1607 3438; baseline 0 -2"><span class='ocrx_word' id='word_1_314' title='bbox 414 3381 569 3437; x_wconf 83' lang='lat' dir='ltr'><strong>OGLXIX.</strong></span> <span class='ocrx_word' id='word_1_315' title='bbox 589 3383 623 3436; x_wconf 81' lang='lat' dir='ltr'><strong>A.</strong></span> <span class='ocrx_word' id='word_1_316' title='bbox 643 3385 722 3436; x_wconf 84' lang='lat'><strong><em>1232.</em></strong></span> <span class='ocrx_word' id='word_1_317' title='bbox 742 3383 912 3438; x_wconf 82' lang='lat' dir='ltr'><strong>Golomanus</strong></span> <span class='ocrx_word' id='word_1_318' title='bbox 939 3399 988 3438; x_wconf 88' lang='lat' dir='ltr'><strong>rex</strong></span> <span class='ocrx_word' id='word_1_319' title='bbox 1010 3383 1199 3438; x_wconf 80' lang='lat' dir='ltr'><strong>ll-uthenorum</strong></span> <span class='ocrx_word' id='word_1_320' title='bbox 1218 3387 1246 3438; x_wconf 91' lang='lat' dir='ltr'><strong>et</strong></span> <span class='ocrx_word' id='word_1_321' title='bbox 1263 3381 1321 3437; x_wconf 79' lang='lat' dir='ltr'><strong>dux</strong></span> <span class='ocrx_word' id='word_1_322' title='bbox 1340 3380 1425 3436; x_wconf 88' lang='lat' dir='ltr'><strong>totius</strong></span> <span class='ocrx_word' id='word_1_323' title='bbox 1444 3379 1607 3436; x_wconf 85' lang='lat' dir='ltr'><strong>Sclaveniae</strong></span> 
     </span>
     <span class='ocr_line' id='line_1_32' title="bbox 362 3468 1604 3540; baseline -0.002 -15"><span class='ocrx_word' id='word_1_324' title='bbox 362 3469 397 3525; x_wconf 89' lang='lat' dir='ltr'><strong>ad</strong></span> <span class='ocrx_word' id='word_1_325' title='bbox 416 3469 577 3540; x_wconf 82' lang='lat' dir='ltr'><strong>petitionem</strong></span> <span class='ocrx_word' id='word_1_326' title='bbox 595 3469 719 3538; x_wconf 87' lang='lat' dir='ltr'><strong>Dragani</strong></span> <span class='ocrx_word' id='word_1_327' title='bbox 738 3476 765 3524; x_wconf 91' lang='lat' dir='ltr'><strong>st</strong></span> <span class='ocrx_word' id='word_1_328' title='bbox 782 3469 831 3524; x_wconf 86' lang='lat' dir='ltr'><strong>lilii</strong></span> <span class='ocrx_word' id='word_1_329' title='bbox 849 3469 909 3525; x_wconf 90' lang='lat' dir='ltr'><strong>eius</strong></span> <span class='ocrx_word' id='word_1_330' title='bbox 933 3470 1082 3540; x_wconf 87' lang='lat' dir='ltr'><strong>Draguech</strong></span> <span class='ocrx_word' id='word_1_331' title='bbox 1106 3469 1289 3526; x_wconf 86' lang='lat' dir='ltr'><strong>adolescentis</strong></span> <span class='ocrx_word' id='word_1_332' title='bbox 1305 3468 1503 3540; x_wconf 89' lang='lat' dir='ltr'><strong>jobagiouibus</strong></span> <span class='ocrx_word' id='word_1_333' title='bbox 1522 3468 1604 3523; x_wconf 75' lang='lat' dir='ltr'><strong>casui</strong></span> 
     </span>
     <span class='ocr_line' id='line_1_33' title="bbox 363 3555 1607 3628; baseline -0.002 -17"><span class='ocrx_word' id='word_1_334' title='bbox 363 3557 406 3611; x_wconf 89' lang='lat' dir='ltr'><strong>sui</strong></span> <span class='ocrx_word' id='word_1_335' title='bbox 424 3555 459 3610; x_wconf 90' lang='lat' dir='ltr'><strong>de</strong></span> <span class='ocrx_word' id='word_1_336' title='bbox 477 3555 583 3611; x_wconf 87' lang='lat' dir='ltr'><strong>Roicha</strong></span> <span class='ocrx_word' id='word_1_337' title='bbox 601 3557 746 3627; x_wconf 74' lang='lat' dir='ltr'><strong>(Roviite),</strong></span> <span class='ocrx_word' id='word_1_338' title='bbox 771 3558 819 3627; x_wconf 91' lang='lat' dir='ltr'><strong>qui</strong></span> <span class='ocrx_word' id='word_1_339' title='bbox 842 3573 976 3628; x_wconf 89' lang='lat' dir='ltr'><strong>magnum</strong></span> <span class='ocrx_word' id='word_1_340' title='bbox 997 3558 1037 3612; x_wconf 94' lang='lat' dir='ltr'><strong>illi</strong></span> <span class='ocrx_word' id='word_1_341' title='bbox 1061 3558 1202 3613; x_wconf 86' lang='lat' dir='ltr'><strong>servitium</strong></span> <span class='ocrx_word' id='word_1_342' title='bbox 1227 3575 1290 3612; x_wconf 91' lang='lat' dir='ltr'><strong>cum</strong></span> <span class='ocrx_word' id='word_1_343' title='bbox 1310 3557 1445 3611; x_wconf 82' lang='lat' dir='ltr'><strong>effusione</strong></span> <span class='ocrx_word' id='word_1_344' title='bbox 1464 3555 1607 3625; x_wconf 87' lang='lat' dir='ltr'><strong>sanguinis</strong></span> 
     </span>
     <span class='ocr_line' id='line_1_34' title="bbox 363 3641 1607 3714; baseline -0.002 -15"><span class='ocrx_word' id='word_1_345' title='bbox 363 3649 487 3714; x_wconf 88' lang='lat' dir='ltr'><strong>tempore</strong></span> <span class='ocrx_word' id='word_1_346' title='bbox 504 3641 560 3710; x_wconf 92' lang='lat' dir='ltr'><strong>illo,</strong></span> <span class='ocrx_word' id='word_1_347' title='bbox 579 3643 646 3698; x_wconf 91' lang='lat' dir='ltr'><strong>dum</strong></span> <span class='ocrx_word' id='word_1_348' title='bbox 665 3643 748 3699; x_wconf 85' lang='lat' dir='ltr'><strong>frater</strong></span> <span class='ocrx_word' id='word_1_349' title='bbox 766 3645 826 3699; x_wconf 92' lang='lat' dir='ltr'><strong>eius</strong></span> <span class='ocrx_word' id='word_1_350' title='bbox 850 3644 976 3700; x_wconf 86' lang='lat' dir='ltr'><strong>Andreas</strong></span> <span class='ocrx_word' id='word_1_351' title='bbox 1001 3643 1059 3700; x_wconf 86' lang='lat' dir='ltr'><strong>dux</strong></span> <span class='ocrx_word' id='word_1_352' title='bbox 1081 3663 1099 3699; x_wconf 91' lang='lat' dir='ltr'><strong>a</strong></span> <span class='ocrx_word' id='word_1_353' title='bbox 1116 3644 1284 3714; x_wconf 89' lang='lat' dir='ltr'><strong>quibusdam</strong></span> <span class='ocrx_word' id='word_1_354' title='bbox 1302 3659 1406 3698; x_wconf 88' lang='lat' dir='ltr'><strong>vesano</strong></span> <span class='ocrx_word' id='word_1_355' title='bbox 1424 3641 1524 3698; x_wconf 91' lang='lat' dir='ltr'><strong>ductus</strong></span> <span class='ocrx_word' id='word_1_356' title='bbox 1542 3659 1607 3698; x_wconf 91' lang='lat' dir='ltr'><strong>con·</strong></span> 
     </span>
     <span class='ocr_line' id='line_1_35' title="bbox 363 3729 1613 3802; baseline 0 -18"><span class='ocrx_word' id='word_1_357' title='bbox 363 3731 431 3798; x_wconf 90' lang='lat' dir='ltr'><strong>silio,</strong></span> <span class='ocrx_word' id='word_1_358' title='bbox 451 3730 478 3784; x_wconf 93' lang='lat' dir='ltr'><strong>in</strong></span> <span class='ocrx_word' id='word_1_359' title='bbox 496 3747 612 3800; x_wconf 91' lang='lat' dir='ltr'><strong>regnum</strong></span> <span class='ocrx_word' id='word_1_360' title='bbox 631 3731 690 3786; x_wconf 87' lang='lat' dir='ltr'><strong>cius</strong></span> <span class='ocrx_word' id='word_1_361' title='bbox 708 3731 871 3787; x_wconf 71' lang='lat' dir='ltr'><strong>sclavoniae</strong></span> <span class='ocrx_word' id='word_1_362' title='bbox 889 3732 1022 3787; x_wconf 90' lang='lat' dir='ltr'><strong>violenter</strong></span> <span class='ocrx_word' id='word_1_363' title='bbox 1039 3732 1171 3799; x_wconf 88' lang='lat' dir='ltr'><strong>irruisset,</strong></span> <span class='ocrx_word' id='word_1_364' title='bbox 1191 3730 1386 3802; x_wconf 88' lang='lat' dir='ltr'><strong>praebuerunt,</strong></span> <span class='ocrx_word' id='word_1_365' title='bbox 1406 3729 1492 3785; x_wconf 89' lang='lat' dir='ltr'><strong>donat</strong></span> <span class='ocrx_word' id='word_1_366' title='bbox 1504 3737 1613 3785; x_wconf 83' lang='lat' dir='ltr'><strong>terram·</strong></span> 
     </span>
     <span class='ocr_line' id='line_1_36' title="bbox 363 3816 1606 3888; baseline -0.002 -15"><span class='ocrx_word' id='word_1_367' title='bbox 363 3817 513 3888; x_wconf 89' lang='lat' dir='ltr'><strong>quamdam</strong></span> <span class='ocrx_word' id='word_1_368' title='bbox 531 3817 649 3872; x_wconf 85' lang='lat' dir='ltr'><strong>Konalra</strong></span> <span class='ocrx_word' id='word_1_369' title='bbox 664 3825 790 3874; x_wconf 65' lang='lat' dir='ltr'><strong>roceum</strong></span> <span class='ocrx_word' id='word_1_370' title='bbox 802 3819 830 3872; x_wconf 92' lang='lat' dir='ltr'><strong>in</strong></span> <span class='ocrx_word' id='word_1_371' title='bbox 843 3821 975 3875; x_wconf 87' lang='lat' dir='ltr'><strong>comitatu</strong></span> <span class='ocrx_word' id='word_1_372' title='bbox 988 3818 1022 3874; x_wconf 93' lang='lat' dir='ltr'><strong>de</strong></span> <span class='ocrx_word' id='word_1_373' title='bbox 1034 3819 1141 3875; x_wconf 86' lang='lat' dir='ltr'><strong>Roicha</strong></span> <span class='ocrx_word' id='word_1_374' title='bbox 1153 3817 1268 3874; x_wconf 91' lang='lat' dir='ltr'><strong>consilio</strong></span> <span class='ocrx_word' id='word_1_375' title='bbox 1281 3817 1406 3872; x_wconf 89' lang='lat' dir='ltr'><strong>omnium</strong></span> <span class='ocrx_word' id='word_1_376' title='bbox 1415 3816 1606 3888; x_wconf 85' lang='lat' dir='ltr'><strong>jobagionnm,</strong></span> 
     </span>
     <span class='ocr_line' id='line_1_37' title="bbox 364 3903 1607 3976; baseline -0.002 -16"><span class='ocrx_word' id='word_1_377' title='bbox 364 3905 525 3976; x_wconf 87' lang='lat' dir='ltr'><strong>praesertim</strong></span> <span class='ocrx_word' id='word_1_378' title='bbox 542 3903 626 3959; x_wconf 90' lang='lat' dir='ltr'><strong>Julae</strong></span> <span class='ocrx_word' id='word_1_379' title='bbox 643 3904 716 3972; x_wconf 89' lang='lat' dir='ltr'><strong>bani,</strong></span> <span class='ocrx_word' id='word_1_380' title='bbox 739 3905 822 3960; x_wconf 87' lang='lat' dir='ltr'><strong>Jnlae</strong></span> <span class='ocrx_word' id='word_1_381' title='bbox 846 3907 970 3974; x_wconf 87' lang='lat' dir='ltr'><strong>magistri</strong></span> <span class='ocrx_word' id='word_1_382' title='bbox 994 3906 1203 3974; x_wconf 88' lang='lat' dir='ltr'><strong>tavemicorum,</strong></span> <span class='ocrx_word' id='word_1_383' title='bbox 1227 3904 1361 3960; x_wconf 87' lang='lat' dir='ltr'><strong>Demetrii</strong></span> <span class='ocrx_word' id='word_1_384' title='bbox 1387 3905 1512 3974; x_wconf 86' lang='lat' dir='ltr'><strong>magistri</strong></span> <span class='ocrx_word' id='word_1_385' title='bbox 1529 3904 1607 3974; x_wconf 88' lang='lat' dir='ltr'><strong>dapi-</strong></span> 
     </span>
    </p>
   </div>
   <div class='ocr_carea' id='block_1_10' title="bbox 364 3989 1607 4326">
    <p class='ocr_par' dir='ltr' id='par_1_11' title="bbox 364 3989 1607 4237">
     <span class='ocr_line' id='line_1_38' title="bbox 364 3989 1607 4065; baseline 0.001 -20"><span class='ocrx_word' id='word_1_386' title='bbox 364 3993 492 4060; x_wconf 82' lang='lat' dir='ltr'><strong>ferorum,</strong></span> <span class='ocrx_word' id='word_1_387' title='bbox 511 3992 620 4048; x_wconf 90' lang='lat' dir='ltr'><strong>Nicolai</strong></span> <span class='ocrx_word' id='word_1_388' title='bbox 639 3992 746 4048; x_wconf 88' lang='lat' dir='ltr'><strong>comitis</strong></span> <span class='ocrx_word' id='word_1_389' title='bbox 764 3991 800 4047; x_wconf 91' lang='lat' dir='ltr'><strong>de</strong></span> <span class='ocrx_word' id='word_1_390' title='bbox 819 3993 893 4058; x_wconf 90' lang='lat' dir='ltr'><strong>Zala,</strong></span> <span class='ocrx_word' id='word_1_391' title='bbox 919 3993 1001 4065; x_wconf 84' lang='lat' dir='ltr'><strong>Opoy</strong></span> <span class='ocrx_word' id='word_1_392' title='bbox 1019 3994 1127 4048; x_wconf 90' lang='lat' dir='ltr'><strong>comitis</strong></span> <span class='ocrx_word' id='word_1_393' title='bbox 1145 3992 1180 4048; x_wconf 91' lang='lat' dir='ltr'><strong>de</strong></span> <span class='ocrx_word' id='word_1_394' title='bbox 1202 3992 1334 4063; x_wconf 73' lang='lat' dir='ltr'><strong>Symigio</strong></span> <span class='ocrx_word' id='word_1_395' title='bbox 1353 3991 1428 4047; x_wconf 89' lang='lat' dir='ltr'><strong>Petri</strong></span> <span class='ocrx_word' id='word_1_396' title='bbox 1446 3991 1554 4048; x_wconf 88' lang='lat' dir='ltr'><strong>comitis</strong></span> <span class='ocrx_word' id='word_1_397' title='bbox 1572 3989 1607 4046; x_wconf 91' lang='lat' dir='ltr'><strong>de</strong></span> 
     </span>
     <span class='ocr_line' id='line_1_39' title="bbox 365 4079 1607 4152; baseline -0.002 -17"><span class='ocrx_word' id='word_1_398' title='bbox 365 4081 480 4148; x_wconf 87' lang='lat' dir='ltr'><strong>Wlkow,</strong></span> <span class='ocrx_word' id='word_1_399' title='bbox 499 4079 612 4152; x_wconf 86' lang='lat' dir='ltr'><strong>Georgii</strong></span> <span class='ocrx_word' id='word_1_400' title='bbox 630 4081 737 4136; x_wconf 91' lang='lat' dir='ltr'><strong>comitis</strong></span> <span class='ocrx_word' id='word_1_401' title='bbox 755 4080 790 4136; x_wconf 91' lang='lat' dir='ltr'><strong>de</strong></span> <span class='ocrx_word' id='word_1_402' title='bbox 808 4080 924 4149; x_wconf 87' lang='lat' dir='ltr'><strong>Barana,</strong></span> <span class='ocrx_word' id='word_1_403' title='bbox 943 4098 993 4152; x_wconf 89' lang='lat' dir='ltr'><strong>per</strong></span> <span class='ocrx_word' id='word_1_404' title='bbox 1011 4081 1204 4136; x_wconf 88' lang='lat' dir='ltr'><strong>cancellarium</strong></span> <span class='ocrx_word' id='word_1_405' title='bbox 1222 4079 1398 4134; x_wconf 82' lang='lat' dir='ltr'><strong>Farcassium</strong></span> <span class='ocrx_word' id='word_1_406' title='bbox 1417 4079 1607 4150; x_wconf 88' lang='lat' dir='ltr'><strong>praepositum</strong></span> 
     </span>
     <span class='ocr_line' id='line_1_40' title="bbox 364 4168 612 4237; baseline -0.008 -14"><span class='ocrx_word' id='word_1_407' title='bbox 364 4168 527 4237; x_wconf 86' lang='lat' dir='ltr'><strong>agriensiem</strong></span> <span class='ocrx_word' id='word_1_408' title='bbox 545 4169 612 4237; x_wconf 85' lang='lat' dir='ltr'><strong>(sic).</strong></span> 
     </span>
    </p>

    <p class='ocr_par' dir='ltr' id='par_1_12' title="bbox 416 4255 1234 4326">
     <span class='ocr_line' id='line_1_41' title="bbox 416 4255 1234 4326; baseline -0.002 -16"><span class='ocrx_word' id='word_1_409' title='bbox 416 4255 542 4310; x_wconf 76' lang='lat' dir='ltr'><strong>Krielie:</strong></span> <span class='ocrx_word' id='word_1_410' title='bbox 560 4255 628 4310; x_wconf 85' lang='lat' dir='ltr'><strong>Not.</strong></span> <span class='ocrx_word' id='word_1_411' title='bbox 647 4256 739 4310; x_wconf 76' lang='lat' dir='ltr'><strong>Praei.</strong></span> <span class='ocrx_word' id='word_1_412' title='bbox 755 4272 785 4324; x_wconf 85' lang='lat' dir='ltr'><strong>p.</strong></span> <span class='ocrx_word' id='word_1_413' title='bbox 805 4259 867 4310; x_wconf 76' lang='lat'><em>497.</em></span> <span class='ocrx_word' id='word_1_414' title='bbox 887 4257 1016 4312; x_wconf 80' lang='lat' dir='ltr'><strong>Historia</strong></span> <span class='ocrx_word' id='word_1_415' title='bbox 1035 4257 1147 4326; x_wconf 72' lang='lat' dir='ltr'><strong>Illyrici</strong></span> <span class='ocrx_word' id='word_1_416' title='bbox 1164 4256 1234 4312; x_wconf 82' lang='lat' dir='ltr'><strong>Meo.</strong></span> 
     </span>
    </p>
   </div>
   <div class='ocr_carea' id='block_1_11' title="bbox 364 4385 1607 4806">
    <p class='ocr_par' dir='ltr' id='par_1_13' title="bbox 364 4385 1607 4806">
     <span class='ocr_line' id='line_1_42' title="bbox 417 4385 1607 4457; baseline 0.001 -18"><span class='ocrx_word' id='word_1_417' title='bbox 417 4385 940 4457; x_wconf 79' lang='lat' dir='ltr'><strong>COLXX.1nponteKehid‚1232.</strong></span> <span class='ocrx_word' id='word_1_418' title='bbox 965 4387 1093 4442; x_wconf 89' lang='lat' dir='ltr'><strong>Universi</strong></span> <span class='ocrx_word' id='word_1_419' title='bbox 1118 4387 1267 4441; x_wconf 88' lang='lat' dir='ltr'><strong>servientes</strong></span> <span class='ocrx_word' id='word_1_420' title='bbox 1290 4386 1363 4456; x_wconf 84' lang='lat' dir='ltr'><strong>regis</strong></span> <span class='ocrx_word' id='word_1_421' title='bbox 1388 4387 1459 4440; x_wconf 88' lang='lat' dir='ltr'><strong>citra</strong></span> <span class='ocrx_word' id='word_1_422' title='bbox 1483 4391 1511 4441; x_wconf 89' lang='lat' dir='ltr'><strong>et</strong></span> <span class='ocrx_word' id='word_1_423' title='bbox 1534 4387 1607 4441; x_wconf 85' lang='lat' dir='ltr'><strong>ultra</strong></span> 
     </span>
     <span class='ocr_line' id='line_1_43' title="bbox 365 4472 1606 4544; baseline 0 -16"><span class='ocrx_word' id='word_1_424' title='bbox 365 4474 460 4528; x_wconf 85' lang='lat' dir='ltr'><strong>Zalam</strong></span> <span class='ocrx_word' id='word_1_425' title='bbox 478 4473 619 4528; x_wconf 86' lang='lat' dir='ltr'><strong>constituti</strong></span> <span class='ocrx_word' id='word_1_426' title='bbox 644 4475 794 4540; x_wconf 87' lang='lat' dir='ltr'><strong>notificant,</strong></span> <span class='ocrx_word' id='word_1_427' title='bbox 819 4473 895 4544; x_wconf 91' lang='lat' dir='ltr'><strong>quod</strong></span> <span class='ocrx_word' id='word_1_428' title='bbox 919 4473 986 4528; x_wconf 92' lang='lat' dir='ltr'><strong>dum</strong></span> <span class='ocrx_word' id='word_1_429' title='bbox 1009 4473 1038 4527; x_wconf 88' lang='lat' dir='ltr'><strong>in</strong></span> <span class='ocrx_word' id='word_1_430' title='bbox 1057 4472 1182 4544; x_wconf 87' lang='lat' dir='ltr'><strong>partibus</strong></span> <span class='ocrx_word' id='word_1_431' title='bbox 1202 4473 1259 4527; x_wconf 91' lang='lat' dir='ltr'><strong>suis</strong></span> <span class='ocrx_word' id='word_1_432' title='bbox 1277 4473 1364 4528; x_wconf 90' lang='lat' dir='ltr'><strong>multa</strong></span> <span class='ocrx_word' id='word_1_433' title='bbox 1382 4473 1463 4540; x_wconf 89' lang='lat' dir='ltr'><strong>mala,</strong></span> <span class='ocrx_word' id='word_1_434' title='bbox 1483 4473 1606 4540; x_wconf 88' lang='lat' dir='ltr'><strong>iniuriae,</strong></span> 
     </span>
     <span class='ocr_line' id='line_1_44' title="bbox 364 4559 1607 4632; baseline 0.001 -18"><span class='ocrx_word' id='word_1_435' title='bbox 364 4560 466 4614; x_wconf 89' lang='lat' dir='ltr'><strong>damna</strong></span> <span class='ocrx_word' id='word_1_436' title='bbox 484 4567 511 4614; x_wconf 90' lang='lat' dir='ltr'><strong>et</strong></span> <span class='ocrx_word' id='word_1_437' title='bbox 529 4561 689 4630; x_wconf 86' lang='lat' dir='ltr'><strong>gravamina</strong></span> <span class='ocrx_word' id='word_1_438' title='bbox 712 4561 943 4632; x_wconf 82' lang='lat' dir='ltr'><strong>perpetrabantur</strong></span> <span class='ocrx_word' id='word_1_439' title='bbox 967 4567 995 4614; x_wconf 92' lang='lat' dir='ltr'><strong>et</strong></span> <span class='ocrx_word' id='word_1_440' title='bbox 1019 4560 1098 4615; x_wconf 90' lang='lat' dir='ltr'><strong>multi</strong></span> <span class='ocrx_word' id='word_1_441' title='bbox 1117 4561 1286 4631; x_wconf 90' lang='lat' dir='ltr'><strong>potentiores</strong></span> <span class='ocrx_word' id='word_1_442' title='bbox 1305 4559 1540 4632; x_wconf 86' lang='lat' dir='ltr'><strong>opprimebantur,</strong></span> <span class='ocrx_word' id='word_1_443' title='bbox 1559 4563 1607 4630; x_wconf 89' lang='lat' dir='ltr'><strong>qui</strong></span> 
     </span>
     <span class='ocr_line' id='line_1_45' title="bbox 365 4646 1607 4719; baseline 0 -19"><span class='ocrx_word' id='word_1_444' title='bbox 365 4647 408 4702; x_wconf 89' lang='lat' dir='ltr'><strong>ins</strong></span> <span class='ocrx_word' id='word_1_445' title='bbox 427 4663 508 4701; x_wconf 89' lang='lat' dir='ltr'><strong>suum</strong></span> <span class='ocrx_word' id='word_1_446' title='bbox 532 4649 662 4719; x_wconf 88' lang='lat' dir='ltr'><strong>prosequi</strong></span> <span class='ocrx_word' id='word_1_447' title='bbox 686 4666 742 4703; x_wconf 93' lang='lat' dir='ltr'><strong>uon</strong></span> <span class='ocrx_word' id='word_1_448' title='bbox 767 4654 895 4718; x_wconf 87' lang='lat' dir='ltr'><strong>poterant</strong></span> <span class='ocrx_word' id='word_1_449' title='bbox 919 4653 1032 4719; x_wconf 90' lang='lat' dir='ltr'><strong>propter</strong></span> <span class='ocrx_word' id='word_1_450' title='bbox 1059 4646 1221 4701; x_wconf 81' lang='lat' dir='ltr'><strong>distansiam</strong></span> <span class='ocrx_word' id='word_1_451' title='bbox 1242 4647 1369 4718; x_wconf 89' lang='lat' dir='ltr'><strong>judicum</strong></span> <span class='ocrx_word' id='word_1_452' title='bbox 1393 4653 1421 4702; x_wconf 88' lang='lat' dir='ltr'><strong>et</strong></span> <span class='ocrx_word' id='word_1_453' title='bbox 1444 4647 1532 4701; x_wconf 89' lang='lat' dir='ltr'><strong>multa</strong></span> <span class='ocrx_word' id='word_1_454' title='bbox 1552 4647 1607 4700; x_wconf 87' lang='lat' dir='ltr'><strong>alia</strong></span> 
     </span>
     <span class='ocr_line' id='line_1_46' title="bbox 364 4732 1605 4806; baseline -0.002 -17"><span class='ocrx_word' id='word_1_455' title='bbox 364 4734 568 4806; x_wconf 86' lang='lat' dir='ltr'><strong>impedimenta,</strong></span> <span class='ocrx_word' id='word_1_456' title='bbox 597 4736 723 4806; x_wconf 88' lang='lat' dir='ltr'><strong>petierint</strong></span> <span class='ocrx_word' id='word_1_457' title='bbox 746 4753 763 4789; x_wconf 88' lang='lat' dir='ltr'><strong>a</strong></span> <span class='ocrx_word' id='word_1_458' title='bbox 787 4753 850 4806; x_wconf 87' lang='lat' dir='ltr'><strong>rega</strong></span> <span class='ocrx_word' id='word_1_459' title='bbox 874 4735 1013 4789; x_wconf 87' lang='lat' dir='ltr'><strong>licentiam</strong></span> <span class='ocrx_word' id='word_1_460' title='bbox 1035 4732 1188 4804; x_wconf 89' lang='lat' dir='ltr'><strong>judicandi,</strong></span> <span class='ocrx_word' id='word_1_461' title='bbox 1213 4751 1332 4804; x_wconf 90' lang='lat' dir='ltr'><strong>quorum</strong></span> <span class='ocrx_word' id='word_1_462' title='bbox 1360 4751 1455 4804; x_wconf 88' lang='lat' dir='ltr'><strong>preces</strong></span> <span class='ocrx_word' id='word_1_463' title='bbox 1482 4751 1531 4788; x_wconf 84' lang='lat' dir='ltr'><strong>rex</strong></span> <span class='ocrx_word' id='word_1_464' title='bbox 1559 4749 1605 4786; x_wconf 86' lang='lat' dir='ltr'><strong>ex·</strong></span> 
     </span>
    </p>
   </div>
   <div class='ocr_carea' id='block_1_12' title="bbox 0 0 1780 5344">
    <p class='ocr_par' dir='ltr' id='par_1_14' title="bbox 0 0 1780 5344">
     <span class='ocr_line' id='line_1_47' title="bbox 0 0 1780 5344; baseline 0 0"><span class='ocrx_word' id='word_1_465' title='bbox 0 0 1780 5344; x_wconf 95' lang='lat' dir='ltr'><strong> </strong></span> 
     </span>
    </p>
   </div>
  </div>
 </body>
</html>
