3544 5344
699 449 845 494 nomas.
1352 431 1395 496 33

155 609 289 666 ecelesiae
313 629 334 666 s.
360 611 483 678 Adriani,
507 612 578 668 utba
602 613 708 679 comite,
733 614 866 683 magistro
890 613 1009 686 Endrey‚
1037 616 1169 686 magistro
1195 615 1314 673 Herrico
1340 619 1397 675 filio

152 697 259 764 Mikor,
279 715 311 753 ac
338 706 466 754 consorte
493 715 552 754 sua
579 701 720 770 Imprimis
747 701 784 755 ob
811 699 963 755 remedium
990 701 1098 756 animae
1116 719 1191 768 suae,
1213 703 1349 758 fratribus
1361 709 1397 759 de

152 785 315 851 Gorbonok‚
334 785 410 857 apud
429 803 500 855 quos
518 787 641 855 requiem
666 803 745 841 snam
769 787 859 856 elegit,
884 787 987 857 legavit
1004 805 1092 843 unum
1110 806 1213 860 equum
1230 789 1396 861 palefridum

151 889 206 942 sug
224 874 256 941 (l)
280 872 388 938 coloris,
409 874 442 927 16
460 872 574 928 cabulos
592 873 674 927 tritici
693 879 720 927 et
738 873 772 926 32
796 873 910 928 sabulos
935 875 997 928 vini.
1026 875 1096 930 Item
1121 877 1305 947 possessionis
1329 893 1397 932 suae

150 959 249 1013 Alazta
266 959 370 1028 legavit
388 959 461 1014 filiae
480 975 547 1014 suae
566 957 681 1014 dilectae
699 959 885 1026 medietatem,
904 960 987 1016 aliam
998 978 1064 1017 vero
1077 969 1183 1034 partem
1195 964 1317 1020 consorti
1329 981 1397 1018 suae

151 1045 316 1108 karissimae
333 1062 385 1116 pro
403 1044 468 1100 dote
493 1061 551 1100 sua
575 1045 647 1101 Item
672 1048 878 1118 possessiouem
896 1063 976 1102 suam
1000 1065 1022 1102 s.
1040 1049 1217 1105 Dominicum
1234 1051 1264 1105 in
1281 1051 1398 1121 Zegeria

150 1132 228 1186 iuxta
244 1131 387 1188 Scelniche
398 1133 480 1186 sium
493 1133 603 1203 reliquit
614 1133 686 1188 filiae
698 1139 727 1189 et
738 1135 859 1189 consorti
872 1151 947 1190 suae.
960 1135 1032 1190 Item
1045 1137 1251 1206 possessionem
1263 1153 1395 1207 magnam

151 1217 288 1288 Zaragad,
311 1235 396 1289 quam
420 1235 471 1290 pro
495 1218 623 1274 fidelibus
647 1221 764 1276 servitiis
788 1238 837 1276 rex
861 1221 929 1276 Bela
952 1222 977 1276 ei
1002 1223 1164 1290 contulerat,
1191 1223 1339 1280 »Ledislao
1363 1240 1396 1280 ac

150 1305 264 1362 Andrea
281 1306 402 1376 regibus,
421 1307 627 1377 privilegiorum
651 1324 765 1363 snorum
789 1309 940 1363 munimine
965 1309 1165 1364 firmantibus«.
1190 1311 1277 1366 Porro
1295 1315 1397 1366 terram

151 1393 262 1462 Orokay
281 1399 309 1448 et
326 1400 433 1464 partem
452 1393 486 1448 de
504 1393 619 1461 Ruicha,
639 1393 754 1450 Oonzka
765 1401 899 1462 vooetam,
913 1413 996 1467 porro
1008 1402 1110 1451 terram
1122 1397 1273 1452 Poloueha.
1291 1398 1396 1453 Omnes

150 1485 238 1535 terras
256 1481 366 1550 reliquit
384 1480 456 1536 filiae
474 1487 502 1536 et
519 1481 640 1536 consorti
658 1497 735 1536 suae.
753 1481 826 1537 Item
843 1488 944 1538 terram
962 1482 1044 1553 Lnky
1061 1483 1198 1552 Zarukad,
1214 1501 1286 1554 quae
1304 1484 1395 1540 aSte·

152 1567 246 1638 phano
264 1567 322 1622 filio
340 1567 443 1634 Ochus,
463 1567 586 1638 obligata
604 1575 663 1624 erat
681 1569 709 1623 iu
737 1569 860 1640 pignore,
879 1569 981 1639 legavit
998 1567 1128 1626 Andreae
1146 1569 1203 1625 filio
1221 1572 1320 1626 Petrus
1338 1571 1396 1626 filio

151 1655 255 1709 sororis
274 1671 348 1710 suae
368 1654 440 1710 Item
458 1671 559 1724 equum
578 1673 632 1725 sug
649 1655 750 1711 coloris
768 1656 870 1724 legavit
887 1656 960 1710 filiae
973 1673 1029 1710 una
1041 1672 1103 1711 enm
1123 1673 1174 1711 sua
1186 1658 1254 1712 sella
1266 1663 1294 1712 et
1306 1658 1396 1714 abens

151 1757 204 1814 pro
223 1742 332 1808 vestitu,
352 1749 380 1797 et
397 1741 483 1796 alium
508 1759 610 1812 equum
628 1759 682 1812 zug
706 1741 806 1797 eoloris
830 1741 933 1812 legavit
957 1761 1008 1814 pro
1030 1743 1075 1798 die
1100 1744 1288 1800 subaracionis
1313 1762 1395 1812 suae;

150 1829 239 1884 soceri
258 1829 353 1899 sponsi
372 1831 415 1884 sui
432 1830 461 1884 in
478 1829 524 1884 die
541 1829 703 1900 nuptiarum
721 1829 794 1884 filiae
813 1846 880 1884 snae
893 1829 1003 1899 reliquit
1016 1831 1125 1900 galeam
1137 1848 1217 1886 suam
1230 1837 1257 1886 et
1268 1832 1393 1902 gladium

151 1931 241 1970 snum.
260 1915 333 1970 Item
351 1915 474 1970 diversos
498 1933 585 1986 equos
609 1933 670 1986 pey‚
695 1916 748 1970 ruli
767 1920 794 1970 et
811 1933 862 1970 neu
884 1917 983 1971 coloris
1002 1917 1113 1986 reliquit
1131 1917 1211 1984 filiae,
1230 1919 1351 1974 consorti
1369 1923 1397 1973 et

150 2001 263 2058 zombot
281 2003 416 2058 sarmenti.
434 2001 506 2056 Item
524 2001 645 2072 cyphum
663 2007 824 2072 argenteum
842 2007 870 2056 et
882 2003 1024 2072 cingulum
1036 2009 1198 2073 argenteum
1209 2005 1311 2074 legavit
1323 2005 1396 2059 filiae

151 2105 228 2144 suae.
246 2088 319 2144 Item
336 2088 476 2158 quandam
495 2089 624 2144 ancillam
642 2104 721 2144 suam
747 2088 863 2143 Elenam
888 2089 925 2142 ob
942 2089 1095 2144 remedium
1113 2091 1222 2145 animae
1250 2085 1318 2146 suae
1336 2107 1396 2162 per-

151 2175 234 2230 mittit
250 2175 379 2230 libertati.
397 2176 497 2230 Totam
515 2192 581 2230 vero
599 2175 733 2230 familiam
756 2191 836 2228 suam
853 2175 881 2228 in
904 2175 995 2230 servili
1012 2177 1149 2232 famulatu
1167 2178 1319 2248 obligatam
1335 2177 1397 2234 reli·

17 2295 33 2317 ,
150 2263 211 2332 quit
228 2262 302 2316 tiliae
320 2268 347 2317 et
365 2263 446 2317 uxori
469 2279 553 2329 suae,
577 2269 605 2318 et
629 2262 741 2332 quidem
765 2261 890 2316 relictam
913 2261 1021 2318 Bodolo
1045 2264 1164 2330 nomios,
1190 2265 1306 2320 Zorcam
1330 2281 1394 2320 cum

150 2350 208 2404 sinis
226 2349 345 2415 filiabus,
364 2349 506 2418 Dragelka
530 2355 558 2404 et
581 2349 665 2403 Knna
683 2365 748 2403 cum
766 2350 783 2403 5
801 2348 873 2414 filiis,
893 2347 1008 2404 scilicet:
1034 2349 1115 2420 Oyee,
1134 2350 1240 2416 Buden,
1259 2351 1395 2422 Budivoy,

150 2436 272 2506 Georgio
291 2440 318 2490 et
335 2435 483 2505 Wlohoyh,
509 2435 595 2490 filiam
619 2451 732 2506 qnoque
750 2433 909 2504 Dragellrae
927 2437 1038 2490 nomine
1055 2437 1158 2504 Parva;
1176 2437 1243 2492 item
1260 2437 1395 2492 Denisam

150 2539 213 2579 cum
232 2523 289 2577 filio
308 2521 464 2592 Stephau03
483 2522 548 2577 item
566 2522 638 2576 duas
663 2522 777 2576 ancillas
803 2522 919 2593 Cywtna
943 2523 1063 2592 (Ovitna)
1082 2529 1110 2578 et
1128 2524 1250 2595 Oruppa,
1268 2541 1319 2580 neo
1337 2542 1393 2580 non

150 2610 246 2664 Milrov
264 2609 376 2664 fratrem
403 2608 554 2664 eorundem
581 2609 683 2680 pariter
703 2625 766 2663 eum
790 2615 878 2664 matre
896 2609 1028 2678 Dragna3
1047 2611 1174 2677 Maisam,
1192 2611 1351 2666 Johannem
1368 2617 1396 2666 et

149 2697 219 2751 Ivan
238 2695 310 2751 tillos
329 2695 466 2761 Demeae,
484 2696 550 2750 item
574 2694 718 2749 Elisabeth
742 2695 828 2750 filiam
846 2695 980 2762 Almand;
999 2697 1067 2752 item
1085 2697 1230 2752 Zvanimer
1248 2714 1313 2753 cum
1331 2713 1396 2752 con·

146 2784 215 2854 juge
242 2799 295 2838 ena
321 2781 484 2852 Zuwaycha,
512 2787 540 2836 et
561 2798 625 2836 cum
651 2781 740 2836 tribus
768 2783 830 2836 filiis
857 2783 954 2850 Paulo,
979 2783 1090 2838 Zordilo
1119 2789 1146 2838 et
1163 2784 1309 2851 Danimer;
1327 2784 1394 2838 Item

150 2869 270 2926 Zombot
287 2875 315 2924 et
332 2869 418 2924 Wollr
435 2885 499 2923 eum
516 2867 607 2934 fratre,
625 2869 692 2923 item
709 2869 729 2922 J
730 2868 783 2923 urh
800 2885 864 2923 cum
882 2869 939 2924 filia
957 2875 985 2924 et
1003 2859 1104 2925 Mersa

185 2955 297 3010 Pridcm
315 2955 347 3008 s‘n
365 2954 477 3009 arctico
495 2954 574 3023 repsi
595 2955 726 3010 Oroatioe
743 2955 900 3024 Zaerobs'ae
918 2957 957 3024 (a.
976 2972 999 3011 r.
1018 2957 1083 3025 af.
1103 2961 1176 3011 1675
1194 2973 1237 3011 ar.
1256 2959 1291 3017 1.)
1319 2971 1395 3012 neoc

151 3043 182 3097 ia
200 3043 315 3100 archivo
334 3041 448 3096 Pssts'm'.

186 3129 262 3184 ow.
281 3130 444 3199 Ausoniae,
467 3131 503 3184 25
520 3127 594 3182 Maii
611 3131 687 3182 1217.
713 3129 857 3184 Honorius
881 3129 926 3184 III
945 3146 1019 3200 papa
1043 3128 1165 3198 veglensi
1183 3133 1212 3183 et
1228 3128 1395 3198 tragrrriensi

151 3216 290 3288 episcopie
308 3213 497 3284 significando,
522 3213 598 3284 quod
621 3214 656 3268 N.
681 3213 869 3270 subdiaconus
893 3221 921 3270 et
943 3215 1093 3270 canonicus
1116 3215 1290 3285 spalatensis,
1318 3213 1393 3284 apud

151 3302 245 3358 sedem
263 3302 445 3373 apostolicam
463 3301 631 3355 constitutus
647 3302 781 3370 magistro
800 3302 833 3356 G.
853 3302 997 3372 capellano
1016 3319 1067 3357 suo
1080 3302 1265 3373 proposuerit,
1284 3317 1348 3356 eum
1365 3301 1394 3355 in

151 3390 313 3460 epIscopum
331 3403 483 3444 nonensem
501 3387 599 3442 fnisset
617 3388 729 3455 electus,
748 3387 824 3457 quod
843 3388 1067 3460 archiepiscopus
1081 3389 1246 3460 spalatensis
1260 3388 1294 3444 G.
1308 3387 1394 3442 archi·

152 3475 334 3546 presbiterum
352 3475 539 3544 spalatensem
556 3489 613 3529 non
632 3475 750 3528 electum
768 3491 785 3528 a
803 3475 876 3529 clero
894 3475 938 3528 vel
955 3475 1090 3545 apopulo
1103 3476 1265 3546 expetitum,
1279 3489 1330 3545 pro
1342 3489 1395 3528 sua

151 3563 293 3618 voluntate
312 3561 529 3632 praesumpserit
546 3561 575 3615 in
593 3561 755 3632 episcopum
772 3577 924 3616 nonensem
940 3577 1110 3627 consecrare,
1129 3565 1156 3616 et
1173 3561 1238 3616 licet
1254 3567 1313 3614 tam
1330 3577 1395 3614 con·

151 3649 269 3706 sectanti
286 3665 371 3717 quam
383 3652 543 3702 consecrato
556 3665 574 3702 a
585 3647 798 3720 praedecessore
810 3663 861 3704 suo
874 3647 1048 3716 (Innocentio
1059 3647 1115 3717 III)
1128 3646 1291 3702 mandatum
1302 3646 1393 3713 fixerit,

151 3741 182 3790 ut
199 3753 229 3791 se
253 3735 408 3806 apostolico
431 3735 592 3804 conspectui
616 3739 831 3805 praesentarent,
855 3735 922 3804 quia
944 3739 1037 3788 tamen
1061 3735 1101 3788 illi
1127 3733 1270 3790 constituti
1287 3733 1394 3788 &mae

150 3829 275 3893 tempore
292 3820 429 3891 generalis
448 3821 563 3887 concilii,
581 3819 617 3875 de
635 3820 760 3892 praelata
777 3837 806 3875 re
823 3821 963 3876 mentione
981 3838 1037 3875 non
1053 3819 1156 3887 habita,
1169 3818 1296 3875 recedere
1314 3835 1394 3890 prae-

151 3913 337 3978 sumpserunt,
355 3905 478 3972 mandat,
497 3911 529 3961 ut
546 3905 665 3961 eundem
683 3907 846 3978 episcopum
857 3923 1010 3962 nonensem
1022 3923 1052 3962 se
1065 3907 1227 3978 conspectui
1238 3905 1393 3976 apostolico

152 3993 386 4066 praesentandum
404 3993 579 4063 compellant.

205 4081 337 4135 Tbeirser:
355 4081 433 4135 Most.
452 4079 529 4134 Slus.
546 4080 643 4134 merid.
662 4082 693 4148 1,
711 4096 739 4148 p.
762 4084 804 4133 70.

185 4166 246 4223 CV.
264 4166 395 4234 (lutheri,
412 4181 502 4220 merses
522 4166 648 4222 Octobris
665 4169 744 4221 1717.
762 4167 873 4221 Blasius
899 4167 1069 4222 catharensis
1088 4165 1236 4236 episcopus
1255 4180 1394 4220 unacum

152 4269 203 4310 suo
220 4253 295 4310 clero
313 4257 340 4308 et
357 4253 555 4309 communitate
577 4251 703 4322 tempore
724 4254 797 4323 regis
821 4253 973 4308 Radoslavi
998 4253 1064 4307 facit
1087 4252 1170 4306 breve
1195 4251 1338 4306 Matthaeo
1356 4250 1392 4306 de

151 4339 247 4396 Bovali
265 4343 378 4411 propter
395 4339 501 4394 bouum
520 4340 669 4405 servitum,
688 4338 763 4409 quod
782 4339 949 4395 adduxerint
965 4343 1052 4409 capnt
1069 4337 1143 4392 beati
1161 4337 1326 4407 Tryphonis,
1345 4353 1394 4408 pa·

152 4427 223 4481 troni
241 4425 366 4494 ciuitatis,
384 4425 471 4480 donat
489 4425 514 4480 ei
532 4441 631 4494 agrum
657 4425 692 4480 de
716 4443 738 4480 s.
757 4425 913 4492 Iheodoro,
935 4431 963 4480 et
980 4423 1114 4490 coneedit,
1142 4427 1174 4477 ut
1192 4439 1227 4477 ex
1245 4423 1320 4476 omni
1338 4423 1393 4478 col·

152 4511 275 4578 lectione,
294 4529 366 4582 qnae
384 4513 512 4567 fueritin
530 4511 647 4579 eivimte,
665 4512 701 4567 de
719 4529 822 4583 magna
840 4512 897 4566 sive
914 4511 1036 4577 minima,
1055 4527 1112 4565 una
1129 4525 1193 4564 cnm
1212 4509 1275 4562 filiis
1293 4509 1352 4563 suis
1364 4513 1393 4563 et

152 4596 317 4654 haeredibus
341 4599 396 4654 sint
420 4596 541 4654 absoluti
567 4597 614 4652 ab·
628 4599 703 4653 omni
725 4598 838 4653 datione
862 4597 1015 4652 communis
1039 4597 1068 4650 in
1086 4600 1258 4668 perpetuum
1277 4593 1322 4648 Ad
1340 4593 1394 4649 hoe

150 4681 258 4752 jeusnt:
276 4684 408 4756 Tryphon
420 4682 630 4740 archidiaconus
643 4699 707 4740 enm
718 4683 966 4754 archipresbytero,
979 4681 1140 4754 presbytero
1151 4679 1260 4735 Iacobo
1278 4683 1307 4734 et
1318 4693 1394 4750 pres·

1270 4766 1290 4832 3
