3488 5380
352 379 415 444 208
854 403 874 440 ι.
895 387 1092 460 utrumme,

404 563 490 620 DCC.
508 564 639 632 Διιοοιιι,
659 565 736 618 125⁶.
753 566 778 618 2.
798 562 881 618 Maii.
895 561 1030 618 Guneus
1043 563 1146 619 Arellio
1159 568 1281 634 potestas
1295 565 1427 620 Anconae
1439 569 1467 619 et
1479 565 1595 620 Marcus

352 667 369 708 a
388 651 530 706 Florentia
553 655 715 722 procurater
734 650 890 705 communis
909 651 1084 718 Anconitani,
1103 651 1271 706 conveniunt
1289 667 1352 708 cum
1369 651 1595 724 procuratoribus

353 737 575 808 Bagusiensihus
594 737 731 794 Michaele
749 737 883 806 Bingelae
901 743 929 792 et
948 736 1078 792 Johanne
1096 737 1223 793 Rannani
1242 737 1278 794 ad
1297 738 1456 794 renovanda
1474 738 1598 810 capitula

352 826 430 898 pacis
447 825 555 881 dudum
573 827 728 897 composita
746 826 818 880 intra
836 841 982 881 commune
1000 825 1134 882 Anconae
1156 831 1184 881 et
1208 825 1332 896 Ragnsii.
1358 827 1537 882 benvenutus
1562 825 1597 880 de

351 913 438 985 Lapis
460 913 594 968 notarius.

404 1019 521 1087 Liubid:
541 1019 649 1075 Listiue
667 1017 691 1075 1.
708 1033 737 1088 p.
757 1020 798 1073 86.

406 1156 508 1213 Deci.
527 1161 605 1212 1256.
624 1161 665 1213 19.
690 1157 774 1213 Maii.
800 1155 868 1212 Bela
891 1155 940 1212 1v.
965 1171 1013 1210 rex
1035 1141 1167 1224 notificat,
1192 1155 1266 1226 quod
1291 1172 1355 1211 cum
1377 1158 1447 1212 inter
1465 1157 1594 1212 comitem

352 1245 505 1316 Georgium
527 1245 615 1299 filium
639 1244 747 1301 comitis
772 1245 866 1299 Lucae
889 1259 974 1314 super
1001 1242 1123 1314 quadam
1146 1243 1239 1298 insula
1263 1244 1353 1298 vicina
1376 1243 1534 1314 hospitibus
1559 1244 1594 1299 de

351 1331 528 1401 Weresdine‚
547 1347 632 1403 quam
649 1331 723 1386 idem
735 1347 829 1386 cemes
841 1331 952 1385 nomine
964 1331 1072 1386 insulae
1090 1329 1198 1400 Tursey
1216 1330 1368 1401 repetabst,
1386 1331 1497 1400 questio
1506 1337 1596 1386 verte·

351 1425 435 1490 retur,
454 1419 553 1476 nolens
571 1435 620 1474 rex
638 1419 731 1490 ipsum
749 1418 854 1472 factum
868 1417 940 1486 juris
958 1417 1054 1473 ordine
1072 1418 1227 1485 terminare,
1246 1417 1326 1472 duxit
1343 1418 1513 1487 inquisitioni
1532 1418 1594 1474 Ste-

351 1509 437 1582 phani
450 1507 515 1562 bani
533 1507 620 1562 totius
633 1505 781 1562 Slaveniae
793 1509 821 1560 et
833 1504 969 1576 capitanei
982 1503 1091 1574 Styriae
1109 1503 1345 1560 committendum.
1360 1505 1414 1572 Qui
1428 1521 1477 1576 per
1488 1505 1594 1560 litteras

352 1612 418 1652 suas
435 1594 508 1665 Regi
525 1594 669 1662 intimavit,
687 1593 789 1648 dictam
808 1592 929 1646 insulam
957 1593 1046 1660 magis
1070 1591 1106 1646 sd
1134 1592 1274 1663 praefatos
1298 1591 1424 1664 hospites
1450 1593 1595 1662 pertinere,

352 1699 416 1738 cum
437 1697 530 1737 comes
549 1681 688 1749 Georgius
707 1681 799 1735 locum
816 1679 900 1734 turris
924 1683 952 1733 et
978 1678 1114 1734 fossatum
1133 1679 1205 1734 sicut
1223 1677 1374 1747 asserebat,
1392 1679 1420 1732 in
1439 1678 1539 1734 eadem
1557 1680 1597 1734 in·

355 1770 418 1826 suls
436 1785 492 1825 nen
510 1772 640 1840 potuerat
657 1767 854 1833 demonstrare,
873 1765 948 1821 undo
965 1771 993 1819 et
1011 1763 1084 1820 dicta
1102 1766 1194 1820 insula
1217 1765 1377 1836 hospitibus
1395 1771 1531 1837 perpetue
1556 1784 1597 1822 re-

352 1858 419 1914 licta
437 1861 488 1912 eet
507 1855 613 1910 Datum
632 1869 681 1926 per
699 1870 799 1909 manus
818 1851 964 1922 Fmaragdi
982 1851 1103 1907 albensis
1125 1852 1204 1908 electi
1223 1857 1252 1908 et
1268 1851 1493 1908 vicecancellarii.

407 1963 482 2031 orep.
501 1960 611 2014 Mentha
629 1960 660 2016 in
680 1958 792 2014 arctico
810 1958 934 2014 ciuitatis
957 1957 1157 2014 Varoedieruis.
1176 1961 1255 2014 Face.
1276 1961 1297 2012 Ι.
1316 1974 1359 2014 ar.
1380 1961 1403 2012 4.
1424 1959 1530 2014 adsum
1545 1959 1600 2015 litt.

355 2047 578 2119 cenfinmtoriae
596 2046 715 2115 amdam
733 2045 791 2102 dec.
811 2043 984 2116 sigismundi
1001 2046 1073 2114 repis
1091 2045 1125 2100 de
1143 2063 1169 2102 ca
1188 2049 1265 2100 1107.

405 2186 520 2244 econ.
538 2189 617 2240 1256.
635 2190 676 2242 21.
695 2185 787 2242 iunii.
815 2186 883 2241 Bela
908 2186 959 2242 IV.
979 2201 1028 2242 rex
1046 2186 1177 2253 notificat,
1196 2185 1271 2256 qued
1289 2201 1354 2241 cnm
1372 2191 1437 2256 pest
1455 2201 1598 2244 recessum

353 2277 532 2334 Tartarerum
550 2291 601 2346 pre
619 2271 781 2332 revocandis
795 2273 907 2342 juribus
925 2274 993 2328 ostri
1012 2289 1061 2344 per
1085 2278 1174 2328 tetum
1198 2289 1315 2342 regnum
1339 2272 1463 2329 diverms
1485 2272 1597 2343 judices

351 2363 487 2428 misisset;
505 2359 623 2417 Oesmas
641 2365 669 2415 et
690 2360 822 2415 achileus
840 2359 956 2415 comites
974 2360 1147 2430 suplicarunt
1166 2365 1197 2414 ut
1215 2365 1315 2415 terram
1334 2360 1420 2416 Besin
1438 2362 1522 2416 castri
1540 2363 1593 2419 Pe·

351 2449 488 2506 seniensis
507 2448 546 2503 eis
564 2446 690 2502 dimitere
707 2446 876 2517 dignaretur.
889 2446 1037 2502 Revocatis
1055 2445 1138 2516 igitur
1156 2447 1183 2501 in
1196 2446 1358 2502 memoriam
1369 2448 1521 2505 eorundem
1542 2465 1598 2505 sar-

353 2537 433 2606 ritiis‚
447 2535 575 2590 videlicet
591 2533 666 2605 qued
685 2550 749 2589 cum
767 2535 795 2588 in
814 2533 894 2604 Sayw
912 2537 1009 2589 eontra
1026 2533 1157 2588 Tartarus
1171 2533 1329 2590 conflictum
1349 2535 1501 2604 habuisset,
1513 2538 1596 2592 virili-

351 2629 393 2680 ter
410 2627 569 2695 pugnantes
596 2621 715 2691 graviter
739 2619 874 2676 vulnerati
898 2620 1020 2689 inerunt,
1044 2635 1108 2675 eum
1137 2621 1220 2675 etiam
1248 2621 1276 2676 in
1301 2620 1427 2692 partibus
1451 2623 1596 2680 maritimis

351 2715 475 2766 maneret
493 2714 589 2765 centra
606 2707 707 2763 ducem
725 2709 863 2774 Austriae,
883 2706 1009 2762 illaesum
1028 2714 1056 2762 et
1074 2706 1202 2762 indemne
1224 2707 1302 2778 regni
1326 2707 1477 2764 confinium
1506 2726 1596 2766 serva·

350 2803 457 2865 rerunt,
478 2795 526 2851 ubi
552 2795 669 2852 Oesmas
694 2810 788 2850 comes
812 2795 930 2866 receptis
957 2793 1105 2850 duodecim
1128 2794 1290 2850 vulneribus
1315 2795 1470 2866 captivatus
1495 2797 1594 2866 iuerat,

355 2885 505 2942 Aebilasus
526 2889 620 2940 autern
642 2899 724 2954 perro
747 2883 830 2936 etiam
852 2887 963 2938 strenue
986 2883 1127 2953 pugnavit,
1150 2886 1263 2954 prepter
1282 2882 1357 2952 qued
1375 2881 1478 2939 dictam
1495 2888 1598 2940 terram

353 2970 439 3026 Beain
455 2971 525 3042 ipsis
543 2975 678 3042 perpetue
702 2968 813 3026 dimisit.

408 3057 526 3114 Weneci:
548 3057 612 3114 Ood.
632 3055 732 3126 areae.
753 3061 824 3112 cent.
844 3057 885 3113 ΙΙ.
903 3060 964 3113 269.

402 3197 534 3254 noem.
559 3198 639 3253 1256.
663 3199 706 3251 25.
731 3197 856 3268 Augusti·
882 3196 1044 3268 Capitulum
1065 3197 1197 3252 ecclesiae
1217 3197 1346 3254 Albensis
1365 3199 1497 3272 notificat,
1516 3203 1592 3272 quod

288 3335 292 3344 .
351 3284 509 3342 Alexander
527 3300 621 3340 cemes
640 3284 674 3340 de
693 3285 770 3338 Zana
794 3289 822 3340 et
846 3285 929 3355 Moys
953 3285 1084 3355 magister
1102 3283 1299 3356 dapifererum,
1323 3302 1416 3342 cemes
1442 3287 1477 3342 de
1502 3287 1595 3344 Vrbas

350 3373 471 3431 confessi
490 3375 555 3427 sunt
573 3371 649 3442 qued
668 3370 803 3442 Gregorio
823 3372 920 3426 fratri?
939 3371 1063 3426 Thomas
1081 3371 1156 3442 bani,
1176 3371 1300 3428 Thomas
1320 3377 1348 3427 et
1366 3372 1518 3444 Stephane,
1533 3375 1595 3429 filiis

350 3461 483 3528 Thomas,
502 3458 651 3530 nepotibus
670 3458 794 3514 Thomas
807 3458 880 3526 bani,
893 3459 976 3514 Petro
990 3459 1045 3514 lilio
1061 3459 1143 3526 Petri,
1156 3457 1278 3514 Kenezie
1291 3465 1318 3513 et
1330 3459 1447 3515 Nicolao
1461 3461 1525 3516 filiis
1538 3465 1595 3517 An·

350 3547 433 3603 dreae
443 3547 478 3602 de
488 3545 626 3614 Monesle,
641 3545 716 3616 quod
730 3562 780 3616 pre
793 3553 892 3616 quarte
903 3546 976 3601 filiae
994 3545 1144 3613 Multas-iae,
1164 3545 1276 3600 nemine
1296 3545 1399 3617 Venys,
1416 3563 1488 3618 quae
1504 3550 1594 3620 ipsam

271 3684 276 3696 ,
350 3635 456 3690 ratione
474 3637 607 3704 paternae
625 3632 802 3688 haereditetis
827 3633 1012 3704 contingebat,
1030 3649 1070 3688 cer
1082 3638 1143 3687 tum
1161 3638 1188 3687 et
1206 3633 1407 3704 qninquaginta
1420 3675 1504 3691 .....
1522 3653 1597 3693 rece·

350 3722 466 3794 pissent.
484 3719 528 3774 Ad
547 3719 616 3775 haec
637 3717 710 3774 idem
724 3718 883 3774 Alexander
900 3725 927 3774 et
946 3720 1028 3791 Meys
1041 3725 1227 3786 asseruerunt,
1246 3721 1321 3790 quod
1341 3721 1406 3776 dicti
1419 3723 1527 3778 nobiles
1541 3731 1598 3780 sta·

349 3809 469 3863 tuissent
487 3807 539 3860 sibi
557 3805 685 3862 undecim
708 3807 804 3878 capita
821 3823 962 3862 serverum
982 3813 1009 3861 et
1027 3807 1190 3862 ancillarum
1208 3823 1272 3862 eum
1295 3807 1354 3863 suis
1373 3811 1466 3879 pueris
1489 3811 1596 3867 ratione

350 3894 440 3950 dictae
454 3899 578 3964 quartae.
591 3893 717 3961 Quorum
730 3895 842 3950 nomina
856 3899 938 3948 sunt:
953 3896 1101 3950 Mortunus
1114 3909 1179 3950 cum
1191 3911 1278 3950 uxore
1291 3901 1318 3950 et
1329 3897 1347 3950 2
1360 3895 1423 3950 filiis
1435 3901 1463 3952 et
1476 3897 1596 3970 filiabus,

349 3981 468 4037 Brathae
490 3996 574 4050 gener
597 3980 720 4036 eiusdem
745 3981 866 4036 Martini.
892 3981 964 4036 Item
983 3981 1134 4053 Wydumer
1152 3982 1225 4038 iilius
1244 3985 1346 4038 sororis
1364 3983 1453 4054 ipsius
1473 3985 1595 4042 Martini.

349 4071 422 4126 Item
437 4069 530 4123 Zurna
542 4084 620 4125 seror
632 4068 755 4123 eiumem
770 4069 882 4136 Martini
898 4085 962 4124 cum
975 4070 992 4124 2
1004 4069 1122 4124 filiabus
1136 4069 1225 4124 Iidem
1238 4069 1357 4126 confessi
1370 4077 1435 4126 snnt
1448 4071 1530 4128 etiam
1546 4091 1595 4130 ne·

349 4158 423 4213 mine
441 4160 556 4226 quartae
574 4154 706 4211 habuisse
724 4161 779 4211 tras
798 4155 953 4212 libertines:
970 4157 1106 4225 Marcum,
1121 4156 1233 4212 Petrum
1251 4161 1279 4212 et
1297 4157 1386 4214 Zalas.

404 4261 469 4318 Ood.
487 4260 558 4331 dipl.
574 4261 693 4330 patrius.
719 4261 780 4317 Vll.
798 4277 827 4331 p.
846 4265 885 4316 51.
905 4261 953 4316 Ec
971 4263 1084 4318 archivo
1109 4263 1238 4318 comitum
1263 4263 1382 4333 Erdedy
1407 4264 1594 4334 Golpeaerum

350 4349 448 4405 oblati.

401 4489 531 4546 DOOIV.
552 4493 630 4543 1256.
650 4493 696 4544 28.
715 4490 840 4560 depasti
859 4491 927 4545 Boia
945 4489 997 4546 1v.
1015 4507 1064 4546 rex
1076 4489 1242 4559 manifestat,
1259 4490 1334 4562 qued
1347 4491 1460 4548 veniens
1479 4491 1516 4546 ad
1534 4492 1595 4548 eius

350 4577 536 4649 praesentiam
555 4577 713 4632 Alexander
731 4578 805 4632 filius
825 4579 902 4634 Zech
920 4578 955 4633 de
975 4580 1052 4648 Agar
1073 4595 1260 4634 rememorans
1287 4579 1398 4634 servitia
1422 4579 1450 4633 in
1479 4578 1596 4634 dirersis

349 4665 419 4722 locis
438 4664 594 4737 specialiter
611 4663 783 4737 inpartibus
803 4665 875 4722 nltrs
899 4666 1037 4722 Draranis
1061 4671 1089 4722 et
1111 4667 1258 4746 Oorvatiae
1283 4673 1347 4740 pest
1371 4667 1476 4723 exitum
1499 4665 1595 4722 Tarta·

1730 4683 1738 4712 2
