3480 5356
731 372 874 470 suehans.
1355 403 1417 480 351

181 589 258 659 regni
276 588 505 646 consuetudinem
523 605 587 646 oum
605 589 703 646 eodem
724 591 824 647 comite
849 591 992 662 pacificam
1016 590 1217 650 ordinationem
1240 591 1343 663 iecerit,
1368 595 1419 650 sei·

181 676 246 732 iicet
262 677 290 732 in
309 677 447 732 solutione
465 683 528 734 octo
545 695 701 736 marcarum
719 679 834 750 argenti,

236 765 301 822 Ood:
321 765 390 836 dipl.
407 767 527 835 patrius.
549 768 577 822 T.
600 766 646 822 VI.
664 783 693 836 p.
713 769 776 820 220.

232 905 396 962 muxuw.
415 909 450 960 io
467 911 558 962 castro
575 921 663 976 prope
681 906 880 978 cermqinem.
907 909 983 960 127⁶.
1002 909 1042 962 18.
1064 906 1237 976 septenbris.
1256 906 1374 963 Carolus
1394 908 1418 964 1.

185 991 294 1048 Siciliae
315 1009 364 1048 rex
386 993 518 1063 magistro
545 991 662 1048 Nicoiao
686 993 797 1049 Bucceli
820 993 1004 1048 Thesaurario
1028 993 1142 1049 mandat
1163 1000 1195 1050 ut
1217 993 1420 1050 Nichodemum

182 1079 408 1136 archidiaconum
431 1079 466 1135 de
491 1079 591 1135 Oarnlu
615 1079 795 1148 (Kemluk-
808 1079 923 1150 Kainik)
945 1082 1075 1136 nuntium
1097 1082 1171 1152 regis
1195 1081 1292 1152 Hung.
1309 1082 1420 1138 bonori-

183 1167 247 1223 ficet
265 1183 298 1223 ac
315 1167 405 1223 eidem
423 1166 550 1239 providet
567 1167 603 1222 de
626 1169 757 1238 expensis
782 1169 945 1223 necessariis
969 1169 1122 1238 conductis,
1146 1169 1304 1241 equitatura
1329 1185 1361 1225 ac
1385 1168 1420 1224 de

181 1255 292 1326 navigio
310 1255 462 1311 secundum
482 1254 557 1327 quod
575 1255 726 1328 expediens
743 1255 834 1312 luerit.

238 1343 358 1398 Wenael:
375 1344 449 1399 Acte
466 1349 560 1400 cetero
578 1343 602 1398 1.
618 1360 648 1412 p.
669 1347 712 1399 4⁶.

233 1483 381 1542 MGXOV.
399 1485 535 1543 viterbii.
560 1489 639 1540 1276.
664 1489 705 1542 15.
731 1486 863 1542 Octobris.
887 1485 1011 1541 Joannes
1035 1485 1117 1542 XXI.
1142 1503 1216 1558 pape
1239 1487 1275 1542 ad
1299 1503 1418 1558 conque·

182 1572 300 1628 ationem
318 1573 419 1645 prioris
438 1579 466 1630 et
483 1577 635 1629 conventus
653 1572 757 1628 ordinis
769 1571 996 1629 Praedicatorum
1013 1573 1159 1630 Jedrenais
1183 1574 1258 1646 quod
1282 1575 1346 1630 licet
1369 1592 1420 1647 per

181 1660 286 1718 litteras
306 1661 381 1718 sedis
408 1661 578 1732 apostolicae
596 1662 632 1716 sit
649 1660 804 1728 inhibitum,
822 1667 854 1715 ut
870 1661 966 1716 nuilus
991 1662 1122 1717 ecclesias
1145 1667 1195 1717 aut
1216 1663 1280 1718 loca
1303 1662 1419 1718 fratrum

181 1748 240 1805 ord.
259 1747 354 1804 Praed
380 1765 451 1804 ausu
473 1750 619 1804 temerario
642 1755 803 1820 praesumat
824 1749 973 1820 infringere
990 1754 1040 1804 aut
1057 1749 1215 1805 violentiam
1239 1766 1365 1806 exercere
1387 1766 1420 1806 ac

181 1839 319 1890 statutum
336 1845 368 1892 ut
384 1835 425 1890 illi
443 1835 492 1906 qui
510 1851 590 1891 secus
609 1835 738 1900 fecerent,
764 1837 928 1891 sententiam
955 1838 1248 1892 excommunicationis
1270 1838 1419 1906 incurrant,

181 1937 272 1992 aqua
298 1939 355 1979 non
382 1923 490 1994 possint
514 1922 619 1978 absolvi
644 1924 697 1978 nisi
722 1940 772 1994 per
796 1922 890 1978 sedem
916 1924 1106 1994 apostolicam.
1133 1925 1246 1980 Marcus
1272 1930 1365 1980 tamen
1392 1930 1420 1980 et

182 2009 303 2064 Michael
321 2011 446 2078 comites,
466 2010 624 2076 Miroslaus,
642 2011 749 2066 'ihaaon
767 2015 796 2066 et
813 2010 923 2066 Buchee
942 2011 1016 2066 cives
1033 2009 1180 2068 Nenenses
1197 2028 1260 2068 cum
1279 2012 1419 2068 nonnullis

181 2097 243 2152 aliis
262 2097 345 2153 sociis
364 2098 430 2162 suis,
449 2097 485 2154 ad
503 2099 594 2154 locum
617 2113 699 2169 quem
724 2096 790 2153 dicti
813 2096 912 2153 fratres
936 2103 964 2154 et
990 2098 1065 2170 prior
1088 2099 1229 2155 hebebant
1254 2099 1283 2155 in
1309 2100 1419 2156 civitate

181 2183 307 2240 Nouenai
325 2183 461 2242 hostiliter
485 2184 656 2252 aecedentes,
680 2185 709 2239 in
733 2184 869 2256 quosdam
893 2201 929 2240 ex
952 2184 1033 2241 dictis
1056 2186 1187 2242 fratribus
1210 2204 1311 2244 manus
1332 2187 1419 2258 injici·

181 2277 266 2338 antea,
286 2277 393 2342 partem
411 2273 465 2327 loci
483 2271 608 2329 eiusdem
625 2272 741 2336 diruere,
760 2278 789 2327 et
805 2272 880 2327 bona
897 2271 1012 2327 fratrum
1030 2289 1128 2345 rapere
1140 2279 1169 2329 ιι
1179 2281 1323 2346 asportare
1342 2291 1419 2346 prae·

181 2364 369 2431 sumpserunt.
388 2359 505 2414 Mandat
525 2375 590 2430 ergo
608 2359 818 2430 archiepiscopo
833 2358 971 2426 Jedrensi,
989 2365 1127 2431 quatenus
1145 2366 1287 2434 comperta
1303 2360 1419 2417 veritate

181 2444 337 2516 praedictos
356 2445 504 2516 sacrssegos
522 2447 776 2503 excommunicatos
794 2446 904 2518 publice
922 2448 1091 2518 pronuntiat

232 2533 360 2590 Parieti:
379 2533 459 2604 liiyr.
476 2549 547 2590 socr.
567 2535 597 2590 T.
620 2534 651 2590 V.
668 2551 697 2604 p.
717 2539 758 2588 80.

232 2693 397 2750 uuxuvi.
415 2693 553 2750 viterbii.
574 2697 651 2752 1276.
670 2699 695 2748 3.
714 2694 877 2750 Decembris.
898 2694 1022 2752 Joannes
1046 2694 1129 2750 XXI.
1152 2711 1228 2766 papa
1249 2695 1416 2750 insinuando

181 2780 313 2836 fratribus
332 2781 513 2852 suffraganeis
532 2781 664 2838 ecclesiae
685 2781 844 2852 Regnaim
868 2782 943 2853 quod
967 2787 1082 2838 vacante
1105 2781 1171 2838 sede
1193 2782 1268 2837 iliius
1292 2782 1417 2838 Salvium

180 2869 343 2940 episcopum
362 2868 573 2924 Tribuniensem
590 2868 628 2924 ad
646 2867 741 2924 sedem
758 2868 1012 2940 archiepiscopatus
1030 2869 1166 2940 Bagueini
1178 2870 1355 2938 transtulerit,
1367 2869 1416 2940 qui

180 2956 285 3012 fervida
311 2957 424 3012 caritate
450 2957 527 3028 cupit
553 2971 717 3029 prosperum
745 2961 848 3012 statum
874 2955 949 3012 illius
967 2957 1087 3027 regionis
1104 2957 1179 3012 unde
1196 2958 1330 3028 originem
1354 2972 1417 3029 pro·

181 3043 268 3100 duxit.
288 3043 493 3100 Commemorat
510 3045 623 3100 insimul
641 3060 715 3116 papa
726 3041 801 3114 quod
819 3043 954 3098 banelato
972 3044 1057 3114 priori
1074 3044 1283 3116 archiepiscopo
1295 3042 1417 3100 Aleerdo

180 3130 216 3186 ad
235 3130 419 3188 Arberensem
444 3133 597 3190 ecclesiam.
610 3131 762 3204 capitulum
775 3135 803 3186 et
815 3131 939 3187 canonici
952 3131 1088 3202 ngueini
1100 3131 1242 3188 Andream
1254 3131 1416 3188 Geuaonem

177 3217 213 3274 de
234 3219 361 3276 Venetiie
385 3220 550 3277 canonicum
570 3219 735 3276 Paduenum
754 3217 789 3273 de
806 3221 881 3274 iacto
905 3219 933 3272 in
956 3219 1196 3290 archiepiscopum
1221 3237 1303 3276 suum
1327 3220 1416 3290 elege-

177 3312 250 3375 runt,
269 3307 317 3378 qni
335 3305 372 3362 sd
390 3307 507 3364 eandem
535 3308 679 3364 ecclesiam
704 3303 848 3374 accedens,
872 3306 1055 3378 personaliter
1077 3307 1155 3362 nulia
1178 3308 1290 3363 licentia
1312 3307 1416 3376 habite,

178 3395 222 3449 vel
238 3395 447 3451 confirmatione
466 3395 580 3452 obtenta
597 3411 615 3449 a
633 3392 698 3450 sede
716 3394 876 3466 apostoliea,
901 3395 930 3450 in
955 3394 1143 3466 spiritualibus
1166 3400 1195 3451 et
1217 3394 1416 3468 temporalibus

178 3481 352 3555 impudenter
370 3482 571 3538 administravit
588 3481 699 3550 ibidem,
719 3487 747 3537 ιι
764 3480 876 3538 tandem
888 3498 924 3536 ex
936 3487 1015 3552 parte
1027 3479 1154 3553 Gregorii
1166 3482 1307 3554 quondam
1326 3498 1416 3555 papae

93 3567 94 3574 ’
180 3567 216 3624 Χ,
234 3570 343 3640 citatus,
368 3571 550 3642 personaliter
570 3585 729 3642 comparere
745 3570 911 3642 postposuit,
937 3568 985 3624 sed
1010 3569 1158 3640 quemdam
1183 3571 1303 3642 priorem
1320 3569 1356 3625 ad
1374 3571 1415 3642 ip·

179 3657 238 3712 sius
256 3674 345 3730 papae
369 3658 554 3730 praesentiam
577 3656 762 3726 destinaverit,
781 3659 829 3728 qui
847 3657 975 3713 electioni
998 3663 1026 3712 ιι
1049 3659 1123 3713 omni
1144 3658 1201 3730 juri
1226 3659 1301 3730 quod
1325 3657 1416 3714 eidem

178 3745 310 3801 canonico
328 3745 504 3818 competebat
521 3761 555 3802 ex
574 3761 616 3814 ce,
634 3745 745 3801 nomine
762 3745 849 3816 ipsius
868 3750 968 3817 sponte
986 3751 1014 3802 et
1032 3762 1162 3818 expresse
1179 3746 1353 3802 renuntiavit

229 3836 274 3889 Ex
291 3835 412 3890 bullario
430 3833 572 3904 chuee'no
585 3853 615 3902 p.
636 3837 676 3888 90.

229 3993 407 4051 muxuvn.
426 3998 506 4050 127⁶.
532 3993 680 4051 Ottocams
706 4011 755 4050 rex
781 3994 931 4050 Bohemiee
958 3993 1102 4066 perscribit
1128 3993 1275 4050 Oetarinae
1301 3994 1413 4064 reginae

177 4080 289 4137 Serviae
307 4081 381 4137 tiliae
403 4080 538 4151 Stephani
555 4081 591 4137 V.
610 4082 683 4152 regis
706 4081 803 4152 Hung.
827 4098 926 4137 musas
945 4081 1080 4152 equibus
1099 4080 1136 4136 ad
1154 4082 1314 4138 condictum
1338 4081 1414 4152 pacis

177 4186 241 4226 cum
259 4168 390 4224 Ledislao
408 4185 473 4240 rege
491 4168 629 4224 ineundae
647 4170 737 4239 gratia
754 4170 923 4240 colloquium
939 4169 1086 4226 convenire
1109 4169 1198 4238 nollit,
1216 4175 1413 4240 enumeratque

178 4255 308 4327 perfidias
326 4257 434 4313 comitis
451 4241 588 4311 Joachimi
607 4255 666 4325 (lilii
685 4255 820 4327 Stephani
838 4255 922 4324 bani),
940 4256 989 4326 qui
1007 4271 1058 4310 neo
1075 4255 1133 4326 regi
1151 4271 1202 4311 nec
1220 4271 1306 4326 regno
1324 4254 1414 4310 tidelis

177 4345 278 4412 existit,
296 4344 375 4416 cujus
393 4341 557 4400 detestande
575 4343 692 4414 perfidia
715 4343 839 4410 iaciente,
858 4360 908 4398 rex
925 4343 991 4400 olim
1009 4341 1177 4414 Stephanus,
1197 4347 1276 4414 pater
1292 4343 1413 4414 reginae,

177 4431 245 4487 dum
264 4431 351 4488 filium
376 4447 459 4486 suum
483 4429 520 4485 ab
544 4429 642 4486 eodem
665 4430 811 4487 Joachimo
838 4429 1002 4502 subreptum
1026 4446 1075 4502 per
1098 4429 1316 4500 investigationis
1339 4428 1414 4485 sesti·

176 4520 300 4574 nantiam
320 4524 433 4590 cuperet
459 4517 600 4584 rehabere,
625 4519 762 4574 ucetiam
787 4523 900 4589 propter
922 4515 1045 4573 dolorem
1070 4527 1099 4572 et
1120 4517 1293 4572 inconsultae
1317 4517 1414 4586 fatige-

176 4607 261 4662 tionis
279 4623 350 4663 onus
362 4606 434 4661 falce
446 4605 565 4661 crudelis
579 4606 628 4662 feti
642 4606 732 4661 extitit
743 4606 933 4676 interemptus.
947 4605 1003 4672 Qui
1015 4605 1097 4659 etiam
1116 4606 1150 4659 Δ.
1165 4603 1305 4674 juniorem
1320 4619 1414 4674 regem

177 4693 316 4765 Ungariee
334 4693 458 4762 abduxit,
477 4699 506 4750 ιι
522 4693 641 4749 ιίιιιιίιι
662 4693 760 4748 lolium
780 4692 920 4748 seminans
938 4693 1008 4747 inter
1019 4691 1126 4760 tratres,
1138 4708 1188 4763 per
1204 4691 1280 4762 quod
1298 4691 1414 4748 scissum

1295 4795 1310 4828 t
