3464 5382
708 406 851 450 enormes.
1357 397 1393 456 91

209 570 372 626 CCCXVII
398 572 532 637 Iaderae,
552 575 575 622 2.
593 572 689 624 tnarlir'
707 573 782 625 1235.
802 571 986 642 Temporibus
1003 573 1103 628 Jacobi
1115 575 1241 646 Teupolo
1254 577 1332 632 ducis
1343 579 1397 634 Ve-

157 659 299 724 netiarum,
308 659 446 713 Johsnnis
456 658 599 712 Jadreusis
611 659 818 729 archiepiscopi,
828 658 965 712 Iohannis
980 659 1123 716 Michaelis
1135 663 1250 718 comitis.
1269 665 1400 721 Petrinna

157 745 230 798 lilius
249 746 321 800 Bitte
339 745 373 800 de
392 747 463 802 Peee
481 746 635 814 confitetur,
656 745 731 816 quod
750 761 813 799 cum
833 745 972 801 Canoionc
991 748 1090 803 Petriei
1109 751 1214 805 venerit
1232 750 1268 805 ad
1286 769 1398 808 concor·

156 831 229 885 diam
249 831 440 902 proquodam
459 849 538 887 muro
557 832 632 902 opud
652 849 672 885 s.
692 832 865 902 Stephanum
885 839 912 888 et
930 835 990 903 ejus
1016 837 1158 906 proprium
1178 839 1313 907 palatium
1348 841 1399 896 Te·

157 918 259 972 stibus:
277 919 403 990 Joseplro
422 919 478 974 lilio
497 919 694 986 Laurenchine,
714 919 886 974 Carnesario.
901 919 1027 975 Andreas
1045 921 1081 976 de
1099 924 1208 978 Petrico
1227 927 1399 982 examinator

158 1005 275 1076 scripsit,
294 1006 393 1060 Petrus
411 1005 544 1062 diaconus
563 1011 590 1060 et
609 1006 813 1060 sarmasiae
831 1007 980 1060 canonicus
999 1013 1026 1062 et
1044 1007 1111 1062 iadr.
1130 1012 1254 1066 noterius
1273 1013 1399 1082 signavit.

209 1095 255 1145 Ex
272 1109 331 1146 men
349 1093 512 1148 collectione.

209 1215 385 1270 CCCXVIII
412 1215 537 1283 Almisii,
556 1221 600 1269 17.
619 1217 716 1270 martii
734 1219 810 1270 1235.
830 1217 1000 1272 Colomanus
1013 1234 1106 1272 eomes
1120 1218 1247 1274 Dalmisii
1260 1237 1323 1274 cnm
1341 1223 1398 1290 suis

156 1303 369 1371 consanguineis
388 1309 415 1357 et
434 1303 593 1373 perentibus
612 1308 720 1357 etcum
738 1308 797 1358 toto
816 1305 954 1358 communi
973 1304 1100 1358 Dalmisii
1125 1305 1197 1359 iurat
1224 1305 1331 1362 firmam
1351 1325 1398 1376 pa·

156 1404 216 1442 cem
230 1389 387 1458 meanis
400 1389 436 1444 im
450 1391 606 1460 praesentia
618 1391 691 1444 Petri
710 1389 846 1443 Balislnve
865 1391 1030 1445 vicecomitis
1049 1399 1077 1446 et
1094 1391 1228 1446 Bubanae
1241 1399 1268 1446 et
1281 1393 1398 1449 aliorum

157 1475 337 1545 plurimorum
351 1477 485 1530 nobilium
499 1477 717 1546 Ragusaeorum,
730 1477 778 1545 qui
790 1483 855 1530 tunc
868 1477 1001 1546 temporis
1013 1477 1140 1531 Delmisii
1153 1487 1230 1532 erant
1241 1497 1303 1534 cum
1317 1481 1398 1549 Ignis

157 1562 222 1616 suis.
252 1562 292 1616 Hi
322 1563 433 1616 fuerunt
452 1563 552 1632 jurati:
584 1580 676 1618 eomes
701 1563 878 1630 Colomanus,
904 1564 1081 1631 Pribislavus,
1107 1565 1295 1634 Calimannus,
1318 1567 1397 1636 Osor,

157 1648 323 1718 Negoslaus,
349 1647 507 1714 Strieslaus‚
531 1649 663 1704 Nicolaus
683 1649 841 1716 Chodimiri,
869 1649 1003 1704 Nicolnus
1021 1651 1116 1717 Belcit,
1143 1651 1211 1706 Belo
1229 1652 1264 1707 de
1283 1653 1397 1719 Volooe,

158 1734 315 1790 Radoslaus
339 1735 375 1790 de
400 1735 510 1806 Stepco,
536 1735 625 1790 Jesda
648 1753 711 1791 oum
735 1735 827 1802 fratre,
852 1735 947 1792 Rados
965 1735 1000 1790 de
1019 1737 1165 1806 Bogdanit,
1193 1738 1339 1794 Prodanus
1362 1741 1398 1795 de

158 1822 294 1888 Dracano,
314 1821 486 1892 Dragoslaus
505 1823 590 1892 Spue,
609 1823 768 1876 Bratoslnus
787 1840 850 1877 cum
867 1823 959 1886 fratre,
978 1823 1112 1878 Radovan
1131 1824 1279 1893 deObrad,
1298 1826 1398 1882 Veloo-

156 1908 214 1963 slav
242 1909 278 1962 de
305 1909 445 1970 Miroslav,
470 1910 566 1980 Tupsa
584 1909 619 1964 ds
638 1910 746 1975 Mauro,
771 1908 920 1978 Negoslav,
949 1909 1092 1964 Brutoslav
1115 1911 1150 1965 de
1174 1911 1274 1978 Boline,
1303 1913 1397 1968 Redos

156 1995 272 2062 Lizerta,
291 1996 436 2066 Dragotin,
455 1995 605 2052 Bosdarius
624 1995 659 2050 de
678 1996 780 2062 Poclat,
800 1995 950 2062 Gerdavez,
970 1997 1100 2063 Russota,
1121 1999 1259 2065 Merzona,
1281 1999 1396 2066 Voleso,

156 2081 296 2148 Predimir,
322 2083 460 2148 Ludemir,
486 2084 575 2142 Alexi.
600 2082 765 2152 Zarabatan,
791 2082 939 2148 Radoslav,
969 2083 1104 2148 Marinus,
1132 2084 1267 2153 Oblegan,
1295 2086 1397 2150 Desco,

155 2169 279 2234 Sirenes,
304 2169 404 2236 Bellos,
429 2169 524 2232 Christ,
551 2169 633 2224 Miles
657 2171 750 2234 Arcer,
776 2169 918 2236 Dobrona‚
943 2169 1086 2236 Velichna,
1112 2170 1242 2236 Radinez,
1268 2173 1396 2238 Bratons,

155 2255 230 2320 Bela,
251 2253 399 2320 Cernechs,
427 2255 566 2321 Bndislav,
585 2255 679 2321 Velce‚
703 2255 830 2320 Damion,
850 2255 972 2324 Dragen,
999 2256 1113 2322 Serben,
1134 2257 1276 2324 Lubomir,
1296 2260 1397 2314 Martio

155 2341 279 2407 Seraver,
305 2343 418 2408 Preven,
443 2343 571 2408 Desimir,
592 2343 722 2408 Volemir,
748 2342 871 2408 Restant,
897 2342 1035 2408 Ambrosi,
1066 2343 1210 2413 Stregoua,
1229 2345 1325 2412 Vellis,
1345 2347 1398 2402 Re·

155 2429 244 2494 oinna,
263 2428 362 2482 Nicola
380 2429 415 2484 de
432 2429 490 2496 Bel,
509 2429 643 2496 Gnevota,
664 2429 765 2496 Bellen,
786 2427 904 2484 Desinat.

207 2515 321 2582 Ljuos't:
339 2517 417 2570 Mon.
436 2515 511 2570 Slus.
530 2517 625 2570 maid.
646 2520 667 2569 l.
684 2533 713 2584 p.
732 2521 772 2569 51.
792 2516 840 2570 Ee
858 2515 971 2570 arctico
990 2515 1082 2570 aulico
1100 2517 1307 2572 mudotonensi.
1326 2518 1397 2573 Aeto

155 2603 317 2671 Ronmanis.
342 2603 462 2657 Wenrel:
482 2603 547 2658 Cori.
566 2603 634 2672 dipl.
655 2603 755 2671 nrpad.
775 2605 825 2670 XI,
845 2605 901 2656 281.

210 2741 359 2796 CCCXIII
386 2743 518 2813 Itaqueii,
544 2747 583 2795 13.
601 2743 711 2812 Aprilis
729 2746 804 2798 1235.
833 2743 932 2796 Petrus
951 2741 986 2795 de
1005 2741 1153 2796 Bellielava
1172 2741 1324 2798 vicecomes
1343 2744 1396 2798 Ra-

155 2828 227 2896 gusii
250 2845 313 2882 cum
333 2827 476 2896 judicibus
501 2835 528 2884 et
551 2829 713 2884 consiliariis
737 2828 772 2884 de
799 2845 884 2899 parvo
910 2837 937 2883 et
962 2845 1063 2898 magno
1082 2828 1197 2882 consilio
1222 2835 1249 2882 et
1275 2829 1396 2900 populus

156 2915 271 2984 Ragusii
290 2921 422 2982 statuunt,
442 2923 473 2970 ut
491 2934 508 2969 a
525 2915 609 2970 modo
627 2917 654 2970 in
674 2923 756 2970 antea
780 2916 874 2970 nullus
898 2915 964 2970 dare
988 2915 1089 2970 debeat
1106 2915 1189 2968 alicui
1208 2917 1314 2970 mulieri
1334 2918 1396 2987 plus

154 3017 238 3071 quam
265 3001 400 3056 ducentos
427 3018 558 3072 perperos
585 3003 696 3057 nomine
720 3002 867 3072 parchivii3
896 3007 923 3055 et
947 3019 1002 3054 non
1027 3000 1109 3054 debet
1134 3000 1199 3055 dare
1223 3002 1276 3054 nisi
1301 3002 1396 3057 decem

154 3104 256 3158 pensas
281 3089 340 3142 auri
359 3107 409 3158 pro
434 3095 595 3144 ornamento
620 3089 725 3159 cepitis,
749 3090 857 3142 aurium
881 3095 908 3142 et
932 3103 1073 3152 manuum,
1099 3093 1126 3140 et
1149 3087 1202 3141 hoc
1221 3088 1247 3142 in
1266 3105 1334 3143 auro
1353 3089 1396 3143 vel

154 3181 269 3244 argento
293 3176 335 3230 vel
360 3173 451 3245 perlis,
477 3175 629 3230 secundum
654 3177 823 3230 voluntatem
846 3191 933 3238 suam,
959 3190 1014 3228 non
1038 3173 1205 3243 computatis
1230 3175 1341 3230 fazcolis
1368 3183 1396 3230 et

153 3261 256 3331 repeis.
287 3262 350 3315 Alia
368 3267 529 3316 ornamenta
554 3279 570 3315 a
589 3261 763 3333 desponsatis
788 3261 963 3332 deponantur
998 3259 1108 3330 Sponsa
1127 3277 1191 3314 vero
1210 3261 1300 3332 possit
1317 3260 1394 3315 indui

153 3363 230 3401 more
248 3347 348 3402 nobilis
372 3347 501 3402 dominae
526 3348 677 3408 secundum
702 3347 927 3402 consuetudInem
952 3347 1069 3402 civitatis
1093 3346 1217 3416 Ragusii,
1241 3361 1314 3416 quae
1331 3347 1394 3400 talis

153 3439 210 3488 est:
229 3433 332 3488 Clamis
351 3433 386 3488 de
404 3435 539 3500 soiarlato,
560 3435 638 3505 pellis
656 3433 691 3488 de
710 3435 793 3488 luitis
812 3441 942 3504 cooperta
961 3434 996 3488 cle
1015 3433 1101 3500 viridi,
1124 3435 1167 3488 vel
1185 3433 1221 3488 de
1239 3433 1336 3500 bruno,
1355 3433 1395 3487 di·

153 3521 223 3590 pleis
240 3521 282 3574 vel
301 3539 393 3592 zuppo
411 3521 445 3576 de
464 3521 588 3588 zendato,
614 3522 656 3576 vel
675 3521 710 3576 de
729 3522 852 3586 oramita,
878 3521 974 3575 clamis
993 3521 1027 3574 de
1046 3521 1112 3590 saja,
1140 3521 1247 3590 pellicia
1265 3519 1301 3574 de
1319 3521 1394 3590 lepo-

152 3607 204 3660 rini
215 3615 242 3660 et
252 3607 373 3662 sancilln.
387 3609 466 3674 Quae
477 3607 648 3663 consuetudo
661 3608 818 3662 nullatenus
831 3607 932 3662 debeat
945 3607 1119 3676 multiplicari
1131 3605 1177 3660 sed
1188 3607 1318 3661 minorari
1331 3624 1394 3677 pos·

153 3695 196 3748 sit
216 3695 354 3764 Zepeque,
373 3711 445 3764 quae
464 3699 552 3750 iactae
572 3702 644 3762 sunt,
663 3701 793 3750 maneant
807 3694 855 3748 sed
869 3711 886 3747 a
899 3693 982 3747 modo
995 3693 1022 3746 in
1036 3699 1117 3748 antea
1127 3709 1183 3748 non
1193 3693 1394 3748 faciuntaliam.

152 3780 213 3835 Nec
231 3782 372 3852 apportari
398 3781 508 3836 aliunde
529 3783 612 3836 iaciat
631 3783 723 3852 aliqua
741 3799 900 3852 zepequam,
929 3798 1000 3850 quae
1019 3785 1061 3834 est
1079 3780 1212 3833 deaurata
1230 3779 1273 3833 vel
1291 3778 1393 3833 habeat

151 3868 235 3922 telam
254 3867 289 3923 de
308 3873 368 3922 seta
394 3867 516 3938 Nuptiae
535 3886 590 3923 non
609 3869 780 3923 celebrentur
798 3869 850 3922 nisi
869 3885 925 3922 uno
943 3867 988 3922 die
1001 3865 1152 3936 etquidem
1171 3882 1212 3932 eo,
1232 3882 1288 3936 quo
1306 3873 1394 3936 nupta

152 3955 229 4009 vadit
246 3955 280 4008 ad
300 3953 414 4008 domum
433 3955 481 4008 viri
508 3956 591 4010 Panis
610 3957 727 4009 melotus
746 3956 864 4025 amplius
884 3955 941 4008 fieri
960 3971 1015 4008 non
1034 3953 1142 4020 debeat,
1162 3970 1213 4008 neo
1230 3952 1319 4006 bocha
1331 3970 1393 4024 por·

152 4043 202 4096 tari
223 4049 287 4112 post
305 4058 445 4112 sponsam,
465 4047 492 4095 et
510 4043 633 4096 oxerium
652 4042 824 4111 gallinarum,
844 4043 886 4095 rel
906 4043 1069 4108 ovariorum,
1089 4041 1130 4094 vel
1149 4045 1309 4094 austrorum
1336 4039 1393 4094 Do·

150 4129 236 4194 naria,
255 4145 327 4197 quae
346 4127 407 4182 loco
425 4127 618 4182 mandiliorum
643 4127 787 4192 faciebant,
812 4128 859 4197 qui
884 4145 939 4181 non
964 4127 1104 4181 habebant
1122 4125 1260 4192 mandilia,
1285 4143 1393 4180 cessare

150 4215 261 4280 debent,
280 4215 345 4268 item
358 4213 480 4281 donaria,
499 4231 571 4283 quae
583 4213 700 4268 faciebat
719 4229 839 4283 sponsus
856 4220 883 4267 et
895 4229 999 4284 sponse
1017 4213 1246 4278 discalciantibus,
1266 4219 1294 4266 et
1312 4218 1392 4278 torta,

150 4318 222 4371 quae
242 4300 332 4367 fiebat,
356 4309 383 4354 et
401 4317 472 4370 quae
492 4317 612 4371 sponsus
631 4300 749 4354 faciebat
767 4300 802 4354 de
821 4306 951 4354 castratio
971 4300 1013 4354 vel
1033 4317 1136 4369 sponsa
1155 4315 1267 4368 sponso.
1286 4299 1329 4354 Eo
1347 4299 1392 4352 die

150 4405 206 4458 qiro
225 4404 328 4457 sponsa
347 4387 422 4442 vadit
439 4387 474 4441 ad
493 4387 607 4442 domum
626 4387 682 4452 viri,
707 4393 854 4442 coronetur
873 4393 899 4440 et
918 4391 1030 4440 ornetur
1051 4385 1203 4440 secundum
1222 4386 1391 4440 voluntatem

150 4491 229 4528 suam
248 4479 276 4527 et
294 4473 333 4527 sic
351 4475 438 4543 possit
457 4491 567 4528 manere
581 4491 629 4544 per
642 4476 705 4527 octo
717 4472 777 4527 dies
790 4479 817 4528 et
829 4490 884 4527 non
898 4473 961 4542 plus
988 4472 1059 4526 Item
1075 4477 1253 4525 consueverat
1271 4489 1391 4540 sponsus

150 4567 243 4615 tenere
261 4560 331 4614 alios
350 4561 439 4615 socios
465 4577 514 4631 per
538 4567 625 4614 totam
651 4559 863 4624 hebdomadem,
889 4564 917 4612 et
943 4575 1046 4629 sponsa
1064 4557 1134 4612 duas
1153 4558 1242 4612 socias
1280 4557 1344 4613 Hoc
1363 4558 1390 4610 in

151 4654 234 4703 antea
253 4663 309 4702 non
329 4646 432 4702 iaciant
449 4648 503 4701 nisi
522 4664 571 4718 per
589 4652 644 4702 tres
664 4647 706 4700 vel
719 4645 755 4700 ad
769 4647 831 4719 plus
850 4651 970 4718 quatuor
987 4644 1053 4700 dies.
1073 4645 1144 4699 Item
1163 4650 1340 4698 consueverat
1357 4645 1396 4700 ire
