3376 5350
586 431 771 504 ‘saonensi
1074 530 1077 540 .
1234 450 1296 516 451

111 640 327 696 MDLXXXVI.
347 640 406 696 sat
426 647 520 697 rostro
538 643 674 716 erseph.
699 644 775 696 1296.
799 643 824 696 6.
854 641 985 698 Octobris.
1013 642 1140 700 Andreas
1167 643 1221 700 111.
1251 661 1299 700 rex

63 729 201 798 significat,
221 730 297 800 qnod
315 747 377 785 cum
398 730 563 801 Stephanus,
576 730 724 788 Ladislaus
738 739 765 784 et
778 730 900 802 Ugrinus
913 731 962 786 filii
975 731 1097 786 Ladislai
1111 733 1199 787 multa
1211 733 1315 804 spolia·

60 823 87 871 ct
106 818 245 872 latrocinia
263 825 359 872 contra
377 835 440 873 enm
459 819 644 875 indesinenter
663 821 691 874 in
710 835 796 888 regno
816 835 867 874 suo
880 820 1076 888 commiserint,
1094 835 1144 890 pro
1164 837 1197 874 co
1217 823 1299 875 etism

59 908 124 975 quia
142 907 329 976 possessiones
356 905 482 977 Gregorii
507 908 572 962 bani
595 914 623 962 et
647 909 756 962 comitis
781 906 915 978 Stephani
939 908 1059 962 filiorum
1084 910 1192 963 comitis
1218 908 1299 963 Marlr

58 993 160 1062 pluries
178 985 371 1060 destruxerint,
390 1012 440 1065 pro
459 995 616 1050 huiusmodi
636 996 729 1066 itaque
748 995 907 1050 excessibus
926 997 1115 1066 possessiones
1131 1013 1226 1050 eorum
1240 999 1300 1050 uni-

59 1098 149 1134 versas
167 1088 194 1135 et
213 1082 368 1151 specialiter
386 1084 574 1154 possessiones
599 1082 673 1138 Pech
697 1085 756 1137 sine
779 1082 896 1138 haerede
922 1077 1088 1150 decedentis,
1112 1100 1181 1153 quas
1205 1091 1301 1154 poten-

55 1168 158 1222 tialiter
176 1177 354 1239 occuparunt,
380 1171 530 1225 auferendo
548 1171 584 1224 ab
603 1172 650 1237 eis,
670 1171 824 1226 contulerat
849 1177 1002 1226 memorato
1026 1169 1162 1241 Gregorio
1181 1171 1254 1225 bano
1274 1176 1302 1224 et

55 1256 151 1308 comiti
164 1255 313 1326 Stephano.

116 1343 237 1397 ll'casel:
261 1344 326 1399 Ood.
345 1345 414 1416 dipl.
433 1347 503 1416 Arp.
525 1347 603 1401 Corsi.
627 1347 655 1400 T.
679 1347 709 1401 V.
728 1363 755 1416 p.
774 1347 834 1400 150.
872 1351 875 1358 ’

112 1501 348 1558 MDLXXXVII.
367 1505 509 1572 venetiis.
529 1507 605 1556 1296.
623 1507 670 1556 29.
688 1503 853 1558 Decembris.
883 1503 954 1558 (lum
973 1520 1022 1574 per
1040 1503 1213 1558 Almissanos
1232 1503 1302 1558 fiunt

58 1600 86 1646 ct
108 1591 195 1645 iactae
213 1598 278 1645 sunt
296 1591 413 1646 Venetis
438 1591 631 1646 derubationes
656 1598 684 1645 et
709 1590 810 1646 damna
838 1597 865 1646 st
889 1599 954 1646 aunt
977 1591 1061 1646 modo
1085 1591 1299 1646 ambasciatores

56 1681 120 1748 ipsa
137 1681 281 1733 occasione
300 1685 355 1734 tarn
375 1681 484 1734 comitis
502 1679 624 1750 Georgii,
643 1697 727 1750 quam
741 1679 885 1734 civitatum
898 1677 1012 1749 Spalati‚
1026 1680 1153 1750 Tragurii
1172 1685 1200 1734 et
1218 1677 1294 1734 Sibe·

53 1767 111 1820 nici
129 1767 234 1838 etipsa
252 1767 364 1836 negotia
383 1773 448 1822 sunt
466 1767 554 1837 magis
573 1769 684 1838 propria
702 1768 819 1822 consilio
837 1768 957 1836 triginta,
972 1784 1055 1837 quam
1070 1767 1186 1822 consilio
1204 1767 1296 1838 Roga·

54 1865 155 1921 torum,
174 1861 256 1924 capta
274 1860 316 1908 est
333 1871 405 1924 pars,
418 1854 494 1926 quod
506 1855 618 1925 negotia
630 1855 740 1909 Almisii
754 1854 873 1910 debeant
884 1855 942 1909 fieri
955 1849 983 1908 in
997 1855 1112 1910 consilio
1126 1855 1297 1925 Rogatorum

55 1949 85 1996 et
104 1943 290 2012 quadraginta.
351 1969 353 1974 ·

109 2029 224 2096 Ljahr'd:
242 2031 322 2084 Μοη.
340 2047 367 2100 p.
386 2031 411 2084 Ι.
431 2034 488 2084 189.

92 2188 344 2244 MDLXXXVIH.
365 2193 441 2244 1296.
454 2189 580 2244 Andreas
598 2189 649 2244 111.
669 2207 717 2244 rex
736 2189 817 2259 Moys
836 2191 924 2246 filium
943 2189 1095 2244 Alexandri
1115 2190 1150 2243 ob
1170 2203 1300 2243 excessus

55 2293 180 2330 enormes
199 2278 226 2330 in
247 2278 409 2348 episcopatu
429 2277 703 2348 Quinqueecleaicnsi
723 2278 796 2332 etin
817 2278 948 2332 societate
967 2275 1076 2330 Nicolai
1096 2275 1236 2346 quondam
1255 2292 1302 2346 pa·

54 2365 134 2418 latini
152 2364 201 2418 tilii
219 2363 335 2418 Hearici
353 2366 417 2418 bani
437 2372 607 2435 perpetratos
625 2366 731 2420 iactura
749 2366 886 2420 honorum
905 2365 1031 2420 mulctat.

110 2450 209 2518 cher:
231 2452 295 2505 (lod.
315 2452 384 2522 dipl.
407 2453 436 2506 T.
458 2453 507 2506 Vl.
526 2453 576 2506 ool.
598 2454 639 2506 ΙΙ.
659 2470 685 2524 p.
706 2457 747 2508 17.
795 2481 802 2492 -

110 2607 331 2663 MDLXXXIX.
354 2612 431 2664 1296.
450 2610 613 2666 Conventus
631 2612 657 2665 h.
678 2612 794 2666 Adriani
818 2612 852 2666 de
871 2611 938 2665 Zala
956 2610 1084 2677 declarat,
1110 2609 1184 2680 quod
1210 2625 1302 2664 comcs

53 2695 220 2764 Reynoldus
238 2702 265 2750 ct
283 2696 385 2752 Princh
404 2697 452 2750 filii
472 2699 580 2752 comitis
599 2698 701 2752 Princh
728 2715 760 2753 ac
783 2699 926 2752 Arnoldns
951 2699 1025 2752 filius
1048 2699 1136 2768 ipsius
1161 2696 1299 2767 Reynoldi

54 2781 176 2836 confessi
189 2789 261 2850 sunt,
281 2784 356 2854 quod
374 2801 467 2838 comes
485 2783 504 2838 J
506 2785 628 2839 ohannes
641 2786 715 2840 filius
727 2787 801 2840 Ivan
814 2785 848 2840 de
861 2787 982 2852 Bukima
995 2787 1088 2840 debito
1101 2787 1214 2854 triginta
1231 2801 1301 2838 mar-

55 2887 161 2934 carum,
181 2887 298 2939 quarum
316 2871 422 2925 ratione
435 2877 462 2925 et
474 2889 525 2941 pro
539 2871 613 2926 facto
626 2873 812 2928 Bartholomei
826 2873 917 2927 fratris
935 2876 1060 2944 ipsorum
1077 2881 1178 2928 terram
1198 2872 1298 2942 Lyaov,

51 2958 184 3011 Emerico
203 2957 260 3012 filio
279 2957 391 3028 Herceg
410 2965 438 3012 et
456 2959 514 3012 eius
528 2959 592 3013 filiis
605 2961 744 3029 assignata
756 2962 884 3014 extiterat
897 2961 1082 3031 expedivisset
1094 2962 1169 3030 ipsos
1183 2959 1301 3029 pecunia

54 3045 168 3114 propria
187 3061 219 3098 ac
238 3047 375 3114 expensis,
393 3045 429 3099 ub
454 3063 536 3116 quam
561 3063 618 3101 rem
637 3047 712 3101 idem
737 3047 891 3102 Reinaldus
917 3049 1018 3102 Princh
1045 3056 1073 3102 et
1097 3046 1238 3102 Amoldus
1266 3063 1301 3100 ex

51 3132 153 3186 eadem
171 3139 243 3187 terra
269 3133 362 3202 Lyzov
388 3133 424 3186 ad
448 3151 529 3188 usum
554 3142 659 3204 septeni
678 3141 830 3190 aratrorum
855 3152 905 3206 pro
931 3137 964 3188 15
988 3135 1087 3189 marcis
1106 3133 1246 3188 dedissent
1268 3149 1302 3187 ac

56 3219 252 3275 vendidissent
270 3222 364 3275 comiti
382 3221 504 3276 ,iohanni
518 3231 545 3277 et
557 3223 615 3277 suis
626 3224 790 3278 haeredibus
804 3225 995 3294 praesentibus
1007 3224 1111 3277 vicinis.
1125 3222 1202 3276 Meta
1213 3228 1301 3276 terrae

49 3307 154 3376 incipit
172 3325 257 3378 penes
271 3308 386 3363 fluvium
399 3308 484 3362 Lizov
496 3311 544 3380 qui
557 3310 699 3366 descendit
712 3312 746 3365 de
759 3311 833 3384 Saag
842 3314 924 3384 juxta
936 3318 1036 3366 terram
1050 3310 1170 3363 liliorum
1187 3308 1301 3373 Pantus,

52 3394 135 3448 vadit
153 3395 190 3450 ad
207 3396 343 3465 capellam
363 3394 392 3450 S.
411 3396 524 3468 Martini
551 3403 579 3452 ct
602 3399 638 3452 ad
655 3407 755 3454 terram
772 3401 953 3472 jobagionum
973 3398 1054 3452 castri
1073 3396 1186 3463 Patruh,
1205 3395 1301 3449 silvam

51 3482 191 3537 ecclesiae
204 3483 238 3538 de
252 3483 363 3549 Obstat,
376 3489 404 3538 et
415 3500 465 3554 per
477 3487 566 3539 varias
576 3493 664 3541 metas
676 3487 804 3542 arboreas
817 3495 845 3542 et
858 3495 958 3542 terreas
970 3485 1115 3540 revertitur
1128 3483 1163 3538 ad
1176 3483 1300 3554 primam.

109 3570 177 3624 Corl.
196 3571 264 3642 dipl.
284 3574 404 3642 patrias.
429 3573 492 3626 VII.
512 3591 539 3644 p.
557 3576 617 3628 254.

111 3730 330 3786 MDXO.1297.
351 3735 390 3784 18.
411 3732 557 3786 Joaaarr'r'.
575 3734 702 3790 Andreas
727 3735 778 3788 111.
798 3751 846 3789 rex
864 3735 900 3788 ad
925 3734 1085 3805 petitionem
1110 3730 1249 3784 Turdizlai
1274 3733 1302 3782 et

44 3819 140 3873 Blasii
162 3817 282 3872 filiorum
308 3817 443 3872 Grubnch
463 3817 497 3872 de
515 3819 608 3874 Vrbaa
636 3823 780 3877 confirmat
804 3822 978 3892 privilegium
1001 3819 1183 3874 Thomasinae
1206 3816 1301 3871 mat-ris

43 3924 128 3973 suae,
149 3907 275 3961 ducissae
294 3907 380 3960 totius
405 3905 558 3974 Slavoniac,
583 3925 666 3978 super
691 3910 837 3964 collatione
862 3908 1018 3964 medietatis
1036 3905 1131 3960 tributi
1156 3903 1299 3959 cuiusdam

41 4001 153 4066 portus
171 3993 246 4048 fluvii
265 3994 349 4059 Zaua,
373 3992 590 4048 Alsa-Gradisca
611 3999 772 4068 nuncupati,
791 3999 830 4052 eis
849 4011 1010 4051 concessum
1030 3997 1063 4062 (a.
1083 3983 1177 4060 1295).’
1196 3991 1300 4045 Datum

40 4099 99 4153 per
119 4097 222 4136 menna
240 4082 289 4136 Th.
309 4080 431 4150 episcopi
448 4080 596 4149 janviensis
615 4086 695 4139 aulae
711 4085 936 4140 vicecancellarii.

103 4170 157 4222 Ea:
175 4187 234 4222 arco
253 4171 372 4237 antipae
392 4166 557 4224 collectione.

103 4327 245 4383 MDXOI.
268 4327 441 4397 Zsprsbiae.
462 4327 539 4378 rect.
558 4325 599 4374 20.
620 4317 765 4373 alcaicorii.
785 4314 913 4376 Michael,
933 4311 1080 4381 episcopus
1098 4307 1297 4378 Zagrabiensis,

38 4435 148 4472 comes
167 4416 202 4470 de
221 4415 308 4484 Garig
320 4421 347 4468 et
361 4413 394 4467 de
413 4409 581 4474 Gersenche,
600 4405 745 4476 significat,
759 4401 833 4472 quod
852 4399 995 4468 Katheryn
1009 4397 1082 4450 filius
1097 4395 1217 4460 Martini,
1232 4393 1298 4446 civis

38 4508 80 4560 de
103 4511 204 4558 monte
223 4502 325 4568 Grech,
344 4499 509 4570 particulam
528 4504 618 4550 terrae
636 4495 664 4546 in
684 4493 815 4546 comitatu
835 4487 956 4558 episcopi
976 4484 1010 4538 de
1029 4483 1108 4554 Vgra
1130 4483 1208 4535 iuxta
1233 4479 1300 4548 Sep-

36 4596 146 4648 nizam
166 4609 183 4645 a
202 4590 316 4643 Matheo
334 4589 419 4642 fratre
444 4585 574 4640 Damiani
603 4587 733 4650 emptam,
760 4575 914 4632 vendiderit
938 4571 1068 4626 Michaeli
1093 4569 1151 4622 filio
1175 4567 1301 4636 Stephan

35 4683 99 4736 civi
123 4680 161 4735 de
180 4685 275 4733 monte
293 4676 392 4731 Grech.

102 4765 242 4823 Tkalc'ic‘:
261 4765 340 4818 Mors.
360 4761 438 4820 Hist.
460 4761 489 4815 Τ.
508 4761 533 4813 Ι.
552 4776 579 4828 p.
596 4759 655 4810 238.
