3488 5380
681 451 826 504 nausson.
880 438 883 446 '
1314 421 1389 498 253'

129 609 167 680 de
184 620 305 681 ecclesia
323 621 353 680 S.
371 617 472 679 Jacobi
498 635 595 678 uersus
617 619 710 678 locum
735 619 829 675 curiae
854 617 1021 688 (lerinensis,
1047 620 1076 675 at
1094 615 1135 675 'de
1153 620 1215 676 loco
1233 605 1326 678 cunae
1345 607 1389 677 ad'

130 709 251 767 domum
268 709 419 781 Tomynlai,
438 713 467 763 et
484 725 535 780 per
557 713 666 764 montes
691 711 719 762 et
743 705 828 762 valles
846 712 874 762 ct
891 721 1022 778 magum
1039 707 1147 778 sylvam
1159 707 1259 763 transit
1276 707 1311 764 ad
1331 708 1380 764 flu-

133 797 211 854 vium
225 795 366 868 Zalatnyk
378 811 475 852 versus
495 795 637 864 orientem,
651 793 765 850 etcadit
776 793 876 850 iterum
893 795 922 848 in
940 793 1069 865 Oulpam.
1088 793 1193 850 Datum
1211 811 1263 866 per
1280 811 1380 852 manus

131 885 259 957 magistu
286 883 409 942 Faroarii
434 881 629 954 hambiensis
648 881 780 938 ecclesiae
798 879 887 951 electi,
905 881 985 937 aulae
1003 881 1229 938 vicecancellarii.

185 991 217 1046 E
242 993 419 1058 transumpto
449 987 569 1058 capituli
586 985 714 1043 cenimina
740 986 859 1056 Zoorob.
883 987 917 1042 de
935 1003 961 1042 a.
980 989 1058 1042 1163.
1082 987 1121 1042 od
1142 987 1304 1056 petitionem
1330 991 1379 1042 Ni·

131 1078 208 1135 eeioi
218 1076 279 1148 filii
299 1075 420 1131 Thoosae
438 1073 594 1146 Rcakopcis
611 1073 682 1129 dieti
700 1073 733 1128 de
751 1073 872 1129 Korona
886 1074 1075 1142 uenerationis
1093 1074 1218 1130 Ztralrct
1251 1076 1287 1130 In
1306 1077 1377 1133 actio

129 1163 294 1222 namsia·
310 1164 344 1220 de
361 1162 519 1220 Konsensto
530 1177 581 1232 per
602 1160 706 1218 bonum
719 1159 998 1234 Romanensem
1016 1177 1030 1218 a
1047 1161 1127 1234 repsi
1139 1163 1252 1220 orchioo
1268 1163 1380 1221 ailath

131 1255 213 1308 Fuso.
231 1253 255 1306 1.
273 1251 311 1308 N.
332 1254 357 1304 3.

184 1405 427 1466 ncccxuvm.
446 1411 524 1460 1263.
543 1406 611 1462 Belo
629 1401 682 1461 1v.
707 1422 755 1461 rex
777 1404 862 1461 tradit
883 1411 985 1461 terram
1009 1405 1169 1464 Kemenche
1188 1408 1380 1480 (Kamensho),

133 1511 221 1570 qnam
239 1495 401 1568 Stephanus¹
418 1491 537 1570 condam
556 1491 637 1570 (ihsh
656 1492 745 1548 banus
763 1499 883 1568 cognato
908 1509 960 1549 suo
984 1492 1138 1550 donaverat
1160 1501 1188 1550 et
1211 1501 1303 1552 certus
1328 1497 1383 1552 Mi.

132 1583 244 1640 roslnua
259 1587 443 1654 occupaverat
461 1582 520 1637 sine
537 1579 656 1638 haerede
672 1579 870 1636 decedentibus
882 1579 995 1636 Hvalua
1007 1579 1043 1636 de
1056 1580 1177 1638 Goriche
1195 1598 1228 1638 ac
1247 1583 1334 1640 Ivano
1353 1590 1381 1640 et

130 1672 230 1728 Marco
248 1669 381 1726 iratribus
400 1669 473 1736 bani,
492 1669 555 1724 liliis
574 1667 705 1738 Vokovoj
723 1665 759 1723 de
778 1667 900 1723 Gorlcha
912 1673 1025 1740 propter
1042 1669 1171 1726 militaris
1193 1671 1303 1726 servitia
1327 1671 1381 1727 sub

130 1755 262 1820 Rolsndo
279 1756 353 1812 bano
372 1755 512 1828 praestita,
531 1755 651 1826 fecitque
669 1755 733 1811 illos
752 1771 801 1826 per
818 1753 975 1810 Fabianum
988 1757 1118 1812 comitem
1132 1757 1211 1828 mgr.
1229 1757 1375 1814 introduci.

134 1843 230 1901 lictae
248 1845 320 1900 sicut
336 1843 365 1899 in
383 1839 567 1898 anterioribus
586 1839 760 1897 documentis
779 1857 863 1912 snper
880 1841 1052 1898 Kamensho.

186 1949 233 2036 En
251 1947 323 2006 actis
346 1945 510 2004 monosterii
536 1948 570 2002 dr
596 1945 753 2002 Koncneio
772 1960 823 2016 per
840 1946 944 2002 bonum
968 1945 1251 2020 Rheon-Hedonnrp
1270 1966 1284 2007 c
1302 1951 1381 2022 raoni

134 2036 250 2095 archivo
268 2035 379 2094 atluth
398 2035 482 2096 Foco.
501 2038 525 2090 1.
545 2037 579 2091 Ν.
599 2035 624 2086 i.

187 2193 399 2251 Dccoxulx.
418 2196 497 2248 1263.
516 2192 585 2247 Bela
602 2189 655 2247 IV.
673 2207 722 2246 rex
739 2189 870 2258 notificat,
889 2190 1047 2262 quodcum
1066 2193 1187 2266 Wolkey
1203 2199 1232 2252 ot
1251 2197 1383 2254 Koremer

134 2284 184 2340 liiii
202 2281 297 2340 Batko
315 2281 350 2336 de
368 2279 465 2351 Garig,
483 2279 614 2336 Borokon
633 2283 662 2334 et
680 2277 788 2334 Forhos
817 2282 934 2348 nepotes
961 2278 1085 2335 eiusdem
1100 2281 1193 2350 Ratki,
1217 2285 1381 2355 magistrum

10 2417 11 2430 .
133 2369 300 2428 Michaelem
320 2368 408 2423 lilium
433 2366 572 2424 Simeonis
597 2363 633 2421 ad
654 2363 840 2438 praesentiam
865 2365 970 2435 regiam
988 2373 1158 2436 evocassent,
1178 2377 1384 2442 proposuerunt

131 2464 232 2520 contra
249 2458 352 2529 ipsum,
370 2453 445 2526 quod
464 2461 564 2509 terram
583 2453 706 2525 ipsorum
725 2451 760 2508 de
779 2451 913 2524 Garigleu
934 2465 1008 2524 quae
1026 2453 1101 2510 Rath
1114 2455 1187 2512 ielde
1203 2465 1381 2530 nuncupatur

10 2541 11 2552 ¹
133 2544 270 2605 detineret
298 2541 420 2598 indebite
447 2545 623 2612 occupatam.
651 2539 772 2594 llichsel
796 2554 860 2596 vero
882 2541 1015 2610 magister
1038 2557 1072 2596 ex
1096 2541 1214 2601 adverm
1229 2545 1380 2618 respondit,

132 2638 235 2689 terrm
253 2647 288 2687 ex
306 2629 458 2687 donatione
476 2628 549 2700 regis
568 2625 719 2699 possidere,
747 2642 831 2698 super
849 2645 906 2697 quo
923 2625 1049 2684 exhibuit
1075 2629 1248 2702 privilegium
1272 2634 1379 2704 regium

132 2721 160 2776 in
179 2735 238 2790 quo
255 2716 456 2784 nominabatur,
475 2715 550 2786 quod
569 2715 633 2768 filiis
651 2713 717 2769 dicti
742 2713 827 2768 Ratki
849 2714 1029 2770 homicidium
1045 2719 1273 2788 perpetrantibus
1297 2725 1325 2776 et
1349 2737 1380 2778 se

131 2803 363 2862 transferentibus
381 2804 416 2858 de
435 2803 540 2871 eadem,
561 2807 635 2858 terra
663 2817 752 2858 vacua
776 2808 953 2871 remanserat,
971 2819 1056 2872 quam
1080 2821 1128 2860 rex
1154 2823 1232 2862 more
1255 2807 1379 2880 praedia·

11 2891 12 2894 ’
131 2893 200 2950 lium
218 2892 374 2948 contulerat
391 2889 466 2946 dicto
487 2890 615 2946 blicherii
634 2889 835 2961 propterquod
855 2889 918 2944 liliis
936 2897 964 2946 et
982 2892 1132 2962 nepotibus
1149 2893 1214 2950 dicti
1229 2895 1304 2952 Ratis
1318 2913 1377 2968 per·

11 3003 12 3015 ¹
134 2985 251 3054 potuum
269 2977 410 3034 silentium
428 2978 591 3050 impositum
608 2976 667 3032 init

187 3066 318 3122 ueniet:
336 3068 410 3122 Mon.
430 3065 494 3122 ttae.
515 3067 543 3120 Τ.
564 3065 587 3122 1.
605 3081 633 3134 p.
652 3068 709 3121 128.

183 3205 420 3262 DGCOL.1263.
439 3205 507 3260 Bela
534 3205 587 3262 lV.
612 3221 659 3258 rex
684 3205 829 3260 conlirmat
851 3203 1016 3262 donationes
1040 3207 1128 3262 iactas
1151 3211 1319 3266 monasterio
1343 3211 1379 3267 de

130 3293 258 3349 Abraam
278 3309 328 3364 per
347 3294 430 3364 Moys
449 3292 612 3362 magistrum
631 3291 853 3347 thavernicornm
870 3291 976 3347 domini
994 3293 1079 3349 Belae
1097 3293 1175 3351 ducis
1193 3293 1242 3352 filii
1260 3299 1333 3369 regie
1351 3303 1379 3354 et

129 3380 244 3451 comitis
262 3379 436 3449 simigiensis
455 3384 483 3434 et
500 3378 698 3436 Vorosdiensis
718 3395 773 3434 uns
790 3395 853 3434 cum
873 3379 957 3435 fratre
975 3381 1036 3436 eius
1054 3382 1223 3440 Alexandro.

184 3483 280 3554 onie:
302 3485 394 3542 conen
411 3485 481 3554 dipl.
504 3487 532 3540 Τ.
551 3483 604 3540 IV.
622 3484 674 3542 eoi.
694 3484 751 3539 111.
767 3501 797 3554 p.
816 3489 876 3540 121.

185 3625 338 3684 Docoul.
358 3629 437 3680 1263.
456 3625 616 3696 Stephanus
635 3641 685 3681 rex
703 3627 794 3681 iunior
811 3631 840 3683 et
857 3627 916 3684 dux
940 3630 1147 3690 TransiIvaniae
1165 3635 1312 3690 confirmet
1329 3636 1377 3692 ho·

129 3715 252 3788 apitibns
271 3714 299 3769 in
320 3713 456 3770 suburbio
474 3714 556 3768 castri
575 3713 677 3768 Walho
699 3713 871 3786 privilegium
892 3719 977 3788 patria
997 3720 1040 3774 sui
1058 3719 1142 3777 Belae
1160 3719 1195 3776 de
1213 3739 1238 3778 a.
1258 3723 1335 3782 leta

182 3820 276 3888 FeJ'er:
298 3819 365 3876 Occi:
383 3819 450 3888 dipl.
474 3821 502 3874 Τ.
522 3821 540 3872 1
545 3818 572 3873 V.
591 3817 644 3874 coi.
662 3819 718 3876 ill.
738 3824 796 3873 153.

184 3959 354 4016 Dcocuu.
371 3964 451 4015 1263.
477 3957 635 4030 Stephanus
656 3959 752 4032 junior
770 3977 818 4018 rex
837 3963 933 4034 Hung.
953 3969 981 4019 et
998 3963 1056 4020 dux
1074 3967 1291 4039 Transylvnniae
1309 3972 1379 4027 noti-

129 4049 203 4117 licat,
221 4045 297 4118 quod
317 4063 368 4118 pro
393 4045 521 4102 fidelibus
546 4047 663 4102 servitiis
688 4049 834 4104 Michaelis
860 4050 909 4106 filii
931 4052 1077 4108 Michaelis
1102 4055 1195 4112 villam
1220 4057 1326 4122 Borotk
1350 4060 1377 4114 in

129 4136 264 4194 comitatu
282 4133 318 4190 de
332 4134 443 4203 Wolio,
462 4150 516 4204 que
536 4133 627 4188 iuerat
644 4135 730 4206 patris
749 4135 883 4206 ejusdem,
897 4140 1061 4196 contulisset
1078 4142 1103 4198 ei
1121 4139 1149 4196 in
1169 4149 1343 4216 perpetuum.

181 4223 231 4278 Eoo
255 4222 327 4278 actio
354 4237 406 4292 per
428 4222 530 4278 bonurn
554 4222 832 4296 naen-Hectorem
854 4240 887 4280 ooo
910 4226 988 4296 rapui
1012 4228 1125 4284 archivo
1150 4230 1253 4288 ablotis
1280 4234 1314 4289 N.
1344 4233 1377 4296 a.

16 4351 18 4378 r
129 4311 163 4366 Α
182 4309 267 4365 Foco.
285 4312 366 4364 1502.
385 4309 423 4366 N.
441 4313 465 4364 4.
555 4371 559 4378 ,

182 4447 364 4507 noenum.
383 4453 460 4507 12⁶3.
480 4451 643 4523 Capitulum
653 4453 832 4510 Ohasmensis
845 4450 977 4512 ecclesiae
992 4457 1138 4528 significat,
1150 4459 1226 4529 quod
1240 4461 1378 4518 Martinus

131 4538 216 4594 irater
240 4536 374 4606 biathaai,
398 4537 499 4594 Petrus
518 4545 546 4595 et
563 4539 702 4611 Georgius
720 4542 770 4596 lilii
788 4543 906 4614 Dyanse
924 4542 959 4598 de
977 4544 1065 4616 Garig
1082 4547 1201 4602 confessi
1221 4548 1283 4616 sint,
1303 4549 1379 4620 quod

16 4659 19 4690 ἢ
130 4629 232 4680 terrm
250 4641 346 4681 eorum
373 4626 526 4696 emptitiam
544 4644 562 4682 a
579 4626 685 4698 Mykov
710 4633 738 4684 et
760 4629 838 4685 Mixe
862 4635 889 4686 et
912 4647 928 4686 a
953 4630 1016 4686 liliis
1042 4631 1151 4689 hlikula
1175 4629 1226 4705 pr'o
1250 4633 1379 4692 undecim

133 4711 233 4769 marcis
250 4713 344 4769 comiti
370 4713 435 4768 Ruh
454 4711 658 4782 vendidissent5
676 4715 756 4785 cuius
776 4717 864 4788 prima
888 4723 961 4773 meta
988 4717 1119 4790 incipite
1145 4719 1229 4777 fluvio
1257 4721 1379 4778 chasma

1239 4826 1272 4881 19
