3376 5350
321 433 385 498 403
816 441 836 484 1.
855 427 1063 490 suspersam.

322 623 407 702 prodo
424 623 527 677 indicio
546 623 610 676 bani
630 622 716 678 totius
741 621 894 677 Slavoniae.
920 621 952 676 Ia
977 621 1054 676 nullo
1077 623 1171 692 itaque
1195 619 1311 676 articulo
1335 627 1497 691 praesumat
1524 637 1577 674 eos

322 728 414 765 comes
433 711 578 765 Crisiensis
597 710 726 764 iudicare.
740 709 920 764 Gontimravit
932 711 1014 764 etiam
1030 709 1184 780 capitulum
1203 724 1233 762 se
1251 724 1268 762 a
1284 707 1378 762 Juuus
1390 709 1494 762 comite
1513 709 1579 762 Ori-

319 799 406 852 sienei
426 798 561 868 recepisse
589 798 693 852 litteras
718 799 889 852 continentes
908 799 935 852 in
955 815 984 851 se
1004 796 1177 867 privilegium
1203 796 1287 850 Belee
1313 798 1385 864 regis
1410 796 1463 850 sub
1489 813 1580 850 aurea

322 885 399 939 bulla
416 902 500 955 super
517 885 686 940 relaxatione
705 885 837 940 collectae
865 891 971 956 septem
990 884 1164 939 denariorum
1188 883 1279 938 eidem
1304 883 1400 937 (lurch
1425 889 1453 938 et
1478 883 1579 938 Pensa

322 988 492 1028 concessum.

379 1059 454 1130 Orip.
473 1075 547 1130 perp.
566 1060 597 1112 in
617 1077 676 1114 meo
696 1059 861 1114 collect-ione.

376 1198 497 1254 MCDX.
518 1203 594 1252 1287.
613 1197 759 1254 Ladislsus
777 1199 827 1254 IV.
846 1217 895 1254 rex
913 1169 1010 1254 statuit
1028 1199 1234 1269 privilegialiter
1246 1204 1383 1270 quatenus
1401 1205 1574 1254 mercatores

327 1285 361 1340 de
375 1285 543 1340 Slanlramen
562 1295 590 1340 et
609 1287 643 1340 de
656 1287 762 1341 Zemlin
777 1287 942 1342 monialibus
956 1288 1055 1342 veteris
1069 1287 1165 1340 Budse
1178 1285 1290 1356 aliquod
1303 1286 1436 1363 tributum
1451 1285 1576 1342 solvant

375 1373 471 1441 Fejer:
493 1374 557 1428 Cod.
577 1374 645 1442 dipl,
668 1375 697 1428 Τ.
721 1375 750 1428 V.
770 1374 820 1428 col.
839 1375 903 1430 ΙΙΙ.
915 1391 944 1442 p.
964 1375 1024 1428 392.

360 1531 496 1586 MCDXI.
519 1534 594 1585 1257.
620 1531 782 1602 Capitulum
806 1531 998 1603 Zagrabiensie
1025 1533 1158 1586 ecclesiae
1180 1533 1312 1600 notificat,
1336 1532 1412 1603 quod
1437 1533 1578 1602 magister

324 1619 447 1686 Ratolth,
466 1619 538 1672 filius
557 1619 677 1674 Lorsndi
696 1621 768 1686 bani,
787 1621 898 1674 nornine
917 1622 999 1674 etiam
1018 1620 1109 1674 fratris
1128 1622 1170 1674 sui
1191 1619 1322 1687 Mathiae,
1343 1627 1429 1674 terras
1447 1620 1526 1675 Peed
1548 1629 1579 1676 et

325 1705 486 1776 Stuprische
504 1708 532 1761 in
552 1707 676 1761 districtu
697 1707 731 1760 de
750 1705 824 1761 Gom
852 1709 1001 1761 existentes
1026 1709 1134 1777 sibique
1157 1708 1396 1774 contaminantes,
1414 1723 1480 1762 cum
1499 1707 1577 1762 desi-

324 1796 454 1865 gnatione
484 1801 618 1848 metarum
642 1811 691 1866 pro
716 1795 768 1849 400
792 1795 891 1848 marcis
917 1794 1058 1864 Stephano
1082 1795 1155 1848 bano
1181 1801 1209 1849 et
1231 1795 1292 1865 ejus
1318 1793 1484 1848 haeredibus
1507 1812 1578 1850 ven·

325 1882 513 2023 dldehr'lod'aotis
528 1985 579 2037 per
598 1969 701 2024 bosam
715 1967 999 2038 Koma-Hedonen
1017 1984 1051 2022 ec
1069 1968 1180 2023 archivo
1199 1971 1278 2040 repsi
1296 1969 1400 2024 ablotis
1418 1969 1456 2024 N.
1476 1969 1513 2026 R.
1534 1971 1574 2024 Δ,

324 2055 407 2111 Foso.
425 2057 484 2110 925.
504 2057 557 2111 Nr.
575 2059 600 2110 9.

377 2195 527 2251 MCDXII.
555 2197 691 2252 iaderae.
719 2200 794 2253 1828.
823 2199 865 2250 12.
893 2196 1038 2251 Jonuorii.
1067 2195 1251 2267 Temporibus
1277 2197 1412 2252 iohannis
1436 2195 1577 2266 Danduli,

325 2283 403 2338 ducis
422 2285 611 2350 Venetiarum,
629 2284 757 2338 Andreae
776 2285 919 2350 (lausonii,
931 2284 1075 2338 Jadrcnsis
1093 2284 1299 2355 archiepiscopi,
1318 2284 1417 2338 Jacobi
1430 2283 1575 2354 Theupoli

323 2371 440 2438 comitis,
463 2371 639 2440 Lampridius
658 2371 730 2424 filius
755 2372 822 2426 olim
847 2371 925 2426 Pauli
946 2371 980 2426 de
999 2371 1168 2442 Lampridio,
1193 2373 1260 2426 civis
1279 2371 1432 2438 Jadrensis,
1457 2371 1576 2440 fatetur,

324 2458 398 2530 quod
417 2475 434 2514 a
451 2458 567 2513 Drsndo
585 2465 613 2513 et
631 2459 716 2514 Costa
735 2459 769 2513 de
789 2459 953 2529 Cotopanga
972 2465 999 2514 et
1018 2459 1144 2529 Cyuetta,
1171 2459 1276 2513 civibus
1294 2458 1478 2514 Jadrensibus
1497 2475 1577 2514 rece·

324 2547 396 2616 perit
414 2547 442 2600 in
462 2547 616 2617 praesentia
628 2545 646 2601 J
648 2546 763 2601 ohannis
783 2547 817 2601 de
836 2547 997 2614 Ouetisscia,
1016 2547 1158 2601 abbatiss.
1172 2545 1316 2616 Crisogoni
1330 2545 1364 2600 de
1376 2545 1472 2612 Jadrs,
1485 2547 1577 2602 libras

216 2705 219 2712 Ι
324 2633 521 2690 Veneticorum
535 2649 682 2704 parvorum
695 2634 770 2688 mille
789 2635 816 2688 in
835 2635 951 2704 pecunia
971 2641 1122 2700 numerata,
1135 2651 1219 2704 quam
1238 2633 1378 2688 investiret
1396 2633 1424 2688 in
1443 2635 1579 2689 carnibus

323 2720 443 2790 porcinis
456 2725 559 2790 etpost
576 2707 756 2775 reu‘ditiorem
770 2721 904 2789 Venetiis,
923 2727 1091 2790 praetactum
1104 2721 1250 2792 pecuniam
1270 2722 1413 2775 restituere
1435 2723 1577 2791 promisit

323 2807 452 2861 Testibus
471 2807 620 2877 Pedegino,
639 2808 777 2862 Damiano
796 2815 824 2862 et
842 2807 961 2864 Steaueo
979 2809 1108 2862 murario.

377 2896 425 2966 En
443 2913 502 2950 asco
520 2898 640 2964 antiquo
660 2895 825 2950 collectione.

380 3035 549 3090 MGDXIIl.
577 3036 717 3094 Dubioae.
743 3038 817 3090 1288.
843 3041 866 3088 7.
891 3037 1002 3089 Martii.
1028 3036 1177 3090 Radizlaus
1200 3037 1289 3092 banus
1316 3038 1401 3091 totius
1420 3036 1574 3093 Slaroaiae

325 3125 469 3194 significat,
490 3124 565 3193 quod
584 3141 647 3178 cum
666 3131 765 3179 terram
777 3123 907 3195 Tympor,
926 3125 1007 3178 sitam
1025 3125 1103 3178 iuxta
1121 3123 1235 3178 fluvium
1249 3123 1311 3190 Wn,
1324 3130 1389 3194 post
1401 3125 1510 3178 obitum
1528 3126 1574 3196 ip·

325 3213 383 3266 sius
402 3211 531 3282 Tympor,
549 3211 624 3266 fratri
643 3228 694 3266 suo
712 3211 838 3265 Dionisio
852 3210 923 3264 bano
937 3211 1024 3265 bonae
1037 3213 1185 3265 memoriae
1203 3228 1251 3265 rex
1269 3209 1430 3265 centralisset
1448 3213 1477 3265 et
1495 3219 1577 3281 post-

326 3300 440 3354 modum
466 3298 652 3354 mediantibus
675 3301 864 3353 instrumentis
892 3299 974 3368 regiis
998 3298 1088 3352 eidem
1113 3298 1246 3353 Radizlao
1274 3299 1458 3366 remansisset,
1486 3315 1578 3369 quam

327 3387 474 3458 perplura
500 3392 625 3458 tempora
649 3387 762 3458 pacifice
787 3385 955 3456 possidebat,
980 3387 1089 3440 nemine
1112 3386 1324 3454 contradicente,
1349 3385 1462 3440 tandem
1487 3385 1580 3443 frater

326 3476 450 3531 Jacobus
471 3476 557 3529 abbas
576 3481 604 3528 et
621 3482 773 3530 conventus
792 3473 924 3528 ecclesiae
942 3473 1114 3544 Toplicensis
1142 3480 1350 3544 praesentarunt
1372 3491 1457 3546 super
1482 3475 1580 3546 ipsam

327 3571 427 3618 terram
452 3563 557 3617 litteras
584 3563 664 3632 regis,
691 3562 792 3632 quibus
819 3562 888 3616 vivis
915 3561 1031 3616 carrdem
1058 3565 1158 3615 terram
1186 3561 1319 3616 ecclesiae
1346 3561 1502 3633 'soplicensi
1533 3579 1579 3619 re-

327 3653 424 3706 stituit.

383 3738 511 3792 Tkaliio':
531 3739 609 3792 Mon.
629 3737 705 3791 Hist.
729 3737 757 3791 T.
778 3737 801 3791 I.
818 3753 847 3804 p.
865 3740 924 3792 221.

379 3895 545 3951 MODXIV.
564 3895 672 3952 Budas.
694 3899 769 3950 12⁸8.
786 3899 828 3949 27.
849 3896 959 3949 ,tlcrrtii
980 3895 1126 3949 Ladislaus
1145 3893 1195 3949 1V.
1209 3911 1261 3950 rex
1274 3895 1370 3950 nolum
1383 3896 1450 3951 facit
1463 3897 1575 3952 civibus

328 3985 362 4039 de
381 3991 475 4038 monte
494 3983 634 4050 Grecensi,
653 3984 728 4054 quod
748 3983 906 4054 Stephanus
931 3985 1020 4038 banus
1039 3985 1124 4038 totius
1143 3983 1288 4038 Slavouiae
1307 3999 1399 4038 coram
1418 3999 1451 4038 eo
1470 3987 1577 4040 consti·

326 4081 413 4138 tutus,
425 4071 558 4143 palatium
570 4089 659 4138 suum,
673 4071 747 4141 quod
760 4072 844 4126 habet
855 4071 883 4124 in
894 4077 983 4124 castro
995 4070 1133 4138 Grcceusi,
1147 4070 1253 4124 dederit
1265 4077 1293 4124 et
1305 4071 1453 4128 contulerit
1466 4071 1575 4127 Gilioni

328 4161 421 4215 comiti
442 4160 547 4214 concivi
567 4175 662 4214 eorum
681 4175 731 4230 pro
754 4161 870 4213 servitiis
889 4159 941 4212 sibi
960 4160 1101 4230 impensis,
1120 4159 1234 4214 mandat
1252 4175 1317 4229 ergo
1337 4165 1369 4214 ut
1386 4159 1477 4230 ipsum
1497 4159 1577 4230 pala·

327 4250 396 4302 tium
416 4247 518 4302 Gilioni
538 4248 677 4316 assignare
697 4247 822 4302 debeant.

383 4334 506 4389 Tkoldic‘:
525 4333 604 4387 Mon.
622 4335 695 4389 civit.
715 4336 798 4404 Zapr.
820 4335 850 4389 T.
869 4335 892 4388 Ι.
912 4351 939 4404 p.
958 4337 1000 4387 till.

380 4491 528 4546 MCDXV.
548 4492 679 4548 Bastiae.
698 4496 774 4545 lese.
792 4495 816 4546 3.
837 4491 955 4562 Aprilis
976 4491 1159 4562 Temporibus
1177 4491 1314 4547 Johannia
1333 4491 1473 4558 Dandulo,
1491 4491 1576 4546 ducis

327 4580 515 4646 venetiarum,
535 4585 563 4634 et
581 4579 679 4634 nobilis
699 4597 730 4634 ac
750 4581 869 4650 potentis
895 4581 943 4632 viri
970 4579 1083 4634 Roberti
1110 4580 1225 4646 Quirini,
1249 4581 1395 4650 potestatis
1419 4579 1573 4634 insularum

327 4667 434 4721 Pherae
453 4675 480 4722 et
499 4667 620 4734 Brsciae‚
640 4673 699 4720 orta
720 4669 864 4737 questione
889 4668 960 4720 inter
980 4668 1151 4722 Clementem
1170 4667 1320 4722 Grubissae
1339 4675 1368 4723 et
1386 4667 1491 4721 Mixam
1519 4667 1575 4722 Pe·

328 4754 433 4809 tranich
453 4755 487 4810 de
505 4755 596 4809 insula
621 4755 733 4808 Brasiae
756 4771 839 4825 super
865 4761 965 4808 terram
990 4755 1086 4809 Dobro
1111 4755 1191 4825 Zirje,
1217 4755 1318 4810 nobilis
1343 4756 1384 4810 vir
1408 4754 1575 4810 Francisous
