3480 5356
335 397 400 464 314
840 421 859 462 1.
877 407 1074 476 mamare,

388 585 496 642 MLIV.
515 585 550 641 Irr
569 587 818 644 Brochina1272.
840 590 863 641 9.
881 586 1039 642 Febrrsarii.
1053 579 1156 642 Hodus
1167 601 1261 642 comes
1273 583 1469 656 Zagrabieueis
1481 591 1580 642 uotum

335 675 409 742 iacit,
429 659 505 745 quod
525 675 683 730 constitutis
702 674 809 729 ineius
834 674 990 744 praesentia
1009 672 1045 728 ab
1063 689 1119 728 uns
1136 679 1216 744 parte
1239 673 1339 730 comite
1360 673 1527 730 Perincholo
1545 673 1581 728 de

335 767 431 816 monte
449 759 540 815 Greclr
559 765 588 816 et
605 760 642 815 ab
659 761 746 816 altera
764 758 861 815 Guerd
880 760 937 816 iilic
956 759 1048 826 Priba,
1067 759 1174 816 Venelli
1186 765 1214 815 et
1226 759 1362 830 Dimissa,
1375 761 1439 816 liliis
1453 759 1579 814 Hermen

334 847 370 904 de
388 847 533 914 Brcohina,
551 847 625 902 idern
644 845 739 904 Gverd
756 863 820 902 cum
839 848 921 904 sociis
939 847 1060 902 aouiesd
1078 852 1143 902 snrrt
1160 862 1191 902 so
1209 863 1294 902 uuam
1307 848 1471 920 particulam
1489 853 1579 902 terrae

334 936 362 989 in
382 933 509 1005 Pribirsg
526 935 607 990 iuxta
624 941 725 991 terram
743 934 900 990 Perincholi
927 934 1036 990 comitis
1058 939 1086 990 et
1110 935 1224 990 Martini
1248 934 1298 990 filii
1322 933 1436 990 Martini
1460 933 1580 1005 positam

335 1038 366 1078 se
384 1020 542 1077 vendidisse
560 1037 611 1092 pro
630 1027 737 1093 septem
755 1022 854 1077 mareis
873 1021 1050 1078 denariorum
1067 1021 1306 1092 Zagrabiensinm,
1322 1037 1441 1092 quornm
1454 1021 1581 1090 singulae

334 1110 457 1180 quinque
475 1124 579 1180 pensae
596 1123 718 1164 marcam
729 1113 797 1164 tunc
811 1109 943 1180 temporis
962 1107 1107 1164 iaciebant
1127 1109 1284 1164 Astiterunt
1295 1107 1479 1165 commetanei
1490 1111 1580 1162 terrae

336 1195 477 1251 Martinus
495 1196 571 1250 illins
590 1195 712 1263 Martini,
730 1195 811 1250 Marc
828 1195 902 1250 lilius
923 1195 1019 1262 Marci,
1043 1194 1168 1265 Bagdan,
1193 1194 1324 1252 Gordosa
1346 1212 1411 1251 cum
1435 1195 1493 1250 snis
1518 1210 1580 1265 pro

334 1283 424 1348 ximis,
451 1281 572 1352 Dedesa,
600 1282 749 1352 Godemer,
775 1281 855 1350 Petlr,
882 1299 949 1338 curn
975 1283 1034 1337 suis
1063 1283 1196 1353 proximis
1220 1281 1256 1339 de
1279 1281 1458 1349 Jarmaniahi,
1477 1279 1579 1348 Obrad‚

335 1369 488 1438 Maradel,
515 1370 650 1426 Nicclsns
678 1369 753 1426 tillus
779 1369 894 1440 Dragan
921 1385 985 1424 cum
1012 1369 1070 1424 ruis
1097 1369 1230 1440 proximis
1257 1367 1292 1424 de
1320 1368 1413 1424 Grach
1441 1366 1579 1437 (Gradus),

333 1456 431 1524 Odola,
442 1457 551 1527 Wlkoy,
570 1456 714 1523 Menan,
734 1455 859 1527 hsssdoy,
878 1455 996 1513 Nadeclr
1013 1471 1078 1511 curn
1090 1457 1148 1512 siris
1161 1457 1304 1528 proximis,
1316 1455 1450 1525 Draghin,
1463 1453 1575 1510 Varath

335 1559 400 1598 cum
429 1544 487 1598 suis
514 1544 648 1615 proximis
672 1543 792 1611 Achibil,
816 1543 964 1599 chhihua
981 1559 1045 1598 curn
1065 1543 1124 1597 suis
1150 1543 1292 1614 proximis,
1314 1541 1447 1608 Hemetk,
1466 1539 1579 1595 Wlkinrr

334 1646 398 1686 eum
425 1631 483 1686 suis
511 1629 645 1702 proximis
664 1629 699 1686 de
725 1631 880 1697 Lonotiohi,
908 1629 995 1702 Gurg,
1015 1629 1144 1699 Stcirlsv,
1169 1629 1336 1686 Benedictus
1355 1645 1419 1685 cnm
1437 1629 1495 1685 suis
1516 1643 1577 1699 pro-

337 1719 420 1772 ximis
439 1716 474 1773 de
494 1717 632 1774 hleliuche
658 1719 707 1788 qni
731 1718 917 1773 venditionem
943 1719 1109 1774 unanimiter
1131 1717 1310 1773 admiserunt
1334 1717 1412 1772 Meta
1432 1715 1530 1786 incipit
1552 1715 1581 1768 iu

336 1804 421 1861 fluvio
439 1805 565 1877 Pribirsy
584 1811 612 1860 et
629 1804 706 1860 vadit
725 1821 774 1876 per
792 1806 883 1860 varies
900 1811 989 1860 metas
1008 1810 1119 1861 umens.

388 1909 432 1963 Ea
450 1909 563 1965 arabiae
583 1909 716 1966 animali
734 1909 865 1966 Buderrsi.
886 1909 951 1966 Ocri.
971 1909 1041 1978 dipl.
1060 1910 1169 1979 arpaa.
1194 1910 1271 1966 VIII.
1286 1925 1316 1979 p.
1338 1913 1399 1964 412.

387 2066 480 2122 MLV.
498 2067 640 2124 venetiis.
675 2070 814 2123 1272.11.
833 2067 993 2122 Februarii.
1019 2066 1188 2123 Conceditur
1206 2082 1255 2137 per
1273 2066 1418 2122 consilium
1437 2064 1527 2134 majus
1552 2073 1585 2122 nt

333 2171 390 2210 una
407 2155 488 2225 galea
503 2153 664 2210 honrinihns
684 2153 809 2225 Ragusii,
821 2171 878 2209 nna
889 2153 1080 2210 communitati
1106 2154 1141 2208 de
1155 2153 1230 2208 Arbe
1248 2157 1276 2208 et
1294 2169 1350 2208 uus
1367 2151 1514 2208 comitibus
1526 2151 1582 2208 Ve-

334 2242 397 2311 glae
415 2241 497 2296 vendi
515 2241 612 2312 possit

387 2345 503 2413 Ljubib:
522 2347 597 2401 blora
617 2348 640 2400 1.

387 2485 495 2542 ldLVl.
522 2485 664 2542 venetiis.
692 2488 770 2542 1272.
795 2490 836 2542 20.
865 2487 1025 2544 Februarii.
1053 2447 1220 2543 Laurentiue
1244 2483 1381 2557 Teupolo,
1406 2482 1464 2540 dax
1482 2483 1575 2540 Verre·

335 2573 439 2628 darum
457 2571 552 2628 scribit
578 2571 745 2628 &enatus
770 2579 798 2629 et
821 2574 994 2630 universitati
1015 2575 1134 2630 civitatis
1156 2573 1349 2645 Traguriensis
1373 2589 1437 2628 cnm
1459 2571 1581 2628 nobilem

336 2659 372 2716 N.
391 2661 419 2715 lu
437 2660 568 2716 comitem
586 2660 727 2716 Guruurae
745 2667 774 2716 et
791 2662 914 2717 Meletos
934 2663 1152 2733 praesentialiter
1170 2661 1278 2734 dirigat,
1297 2661 1412 2732 requirit
1429 2658 1503 2714 idem
1521 2657 1580 2712 dux
1603 2673 1609 2687 ·

338 2753 366 2801 et
383 2747 530 2803 consilium
548 2752 687 2818 qnatenus
706 2747 825 2804 eundem
849 2747 973 2804 nobilem
992 2755 1020 2804 et
1037 2749 1162 2804 homines
1186 2749 1246 2804 cius
1269 2746 1507 2804 recommendatos
1531 2745 1578 2800 ha·

333 2835 427 2902 heaut,
445 2839 473 2890 et
491 2835 531 2890 eis
550 2833 674 2890 favorem
691 2851 774 2889 suum
792 2839 821 2891 et
838 2835 974 2890 auxilium
992 2835 1161 2908 impendant

387 2940 511 3036 Messe
527 2939 608 2994 Meus.
627 2938 659 2993 ai
679 2940 756 2994 itau
772 2957 802 3008 p.
821 2943 880 2993 108.

387 3095 511 3152 MLVII.
530 3099 611 3153 1272.
632 3101 676 3155 26.
701 3097 862 3154 Februarii.
887 3097 1048 3169 Stephanus
1073 3097 1109 3155 V.
1133 3114 1182 3154 rex
1200 3097 1307 3154 confert
1329 3097 1424 3154 comiti
1447 3095 1578 3152 Michaeli

333 3183 390 3238 iilic
409 3183 537 3239 Andreae
554 3185 583 3238 in
602 3184 756 3256 praemium
777 3185 928 3240 multorum
947 3185 1121 3242 servitiorum
1145 3191 1173 3241 et
1198 3185 1354 3256 specialiter
1371 3183 1448 3255 qnod
1460 3185 1488 3238 in
1504 3182 1577 3238 hello

333 3271 428 3342 Erney
451 3268 516 3326 bani
546 3270 614 3326 dnm
637 3271 685 3327 ille
709 3287 774 3327 anm
797 3272 922 3329 Henrr'co
948 3273 1070 3344 palatino
1095 3289 1188 3343 regem
1212 3273 1365 3327 interficere
1388 3271 1525 3343 cupiebat,
1549 3269 1579 3324 in

334 3356 442 3412 medias
459 3359 532 3413 acies
551 3358 675 3414 hostium
693 3375 724 3414 se
742 3359 886 3415 immiserit
903 3364 932 3416 et
949 3360 1091 3416 vietomsm
1109 3359 1245 3428 hebuerit,
1262 3359 1371 3430 aliquus
1385 3359 1578 3430 possessiones

333 3443 441 3500 Simoni
459 3459 564 3514 genero
591 3445 674 3500 Bank
701 3445 766 3500 beni
793 3445 948 3518 ademptas,
971 3447 1042 3502 inter
1066 3451 1175 3502 eutero
1197 3447 1349 3518 haspouya
1373 3447 1445 3501 cirea
1468 3445 1578 3516 Tytiam

331 3531 454 3598 fluvium,
472 3548 558 3602 quam
575 3531 674 3588 Banoh
692 3532 766 3588 barro
785 3534 873 3603 pretio
901 3539 1110 3605 comparaverat
1127 3539 1156 3589 et
1173 3549 1237 3589 cum
1254 3533 1313 3588 filis
1330 3549 1383 3588 sue
1400 3532 1507 3588 Simoni
1531 3548 1578 3600 ge·

331 3633 398 3673 uero
416 3633 468 3675 suo
485 3618 644 3675 donaverat.
1155 3611 1159 3621 '

385 3725 478 3793 aare:
499 3725 557 3781 coa
578 3724 648 3794 arpa
677 3727 705 3780 r.
728 3725 794 3781 vri.
812 3726 865 3782 eor.
883 3727 925 3782 11.
939 3744 970 3797 ρ.
989 3730 1032 3781 19.

385 3881 525 3938 MLVIII.
544 3886 626 3940 1272.
647 3887 692 3939 27.
710 3883 869 3939 Februarii.
888 3883 1050 3954 Capitulum
1074 3884 1206 3940 ecclesiae
1230 3883 1427 3953 Zagrabiensis
1444 3881 1578 3948 nodficst,

332 3969 408 4040 qnod
435 3970 593 4026 constitutis
618 3969 658 4024 'ab
685 3986 742 4026 nna
769 3975 848 4041 parte
872 3971 955 4026 Petro
979 3969 1175 4026 archidiacono
1197 3969 1348 4024 cathedrali
1372 3973 1401 4022 et
1427 3967 1464 4022 ab
1490 3967 1577 4022 altera

332 4055 422 4111 David
442 4055 500 4114 lilio
522 4057 617 4112 Pensa
641 4056 676 4112 de
701 4058 762 4112 vico
787 4073 891 4124 eornm,
908 4057 982 4112 idem
1006 4057 1098 4112 David
1121 4057 1310 4112 molendinum
1335 4072 1418 4110 suurn
1442 4055 1470 4109 in
1493 4053 1577 4110 fluvio

332 4160 417 4214 cupre
435 4145 574 4200 civitatem
591 4144 662 4199 inter
680 4143 841 4200 molendina
865 4145 979 4216 capituli
1003 4149 1031 4199 et
1055 4144 1175 4199 filiorum
1199 4143 1284 4198 Isaslr
1308 4143 1401 4210 situm,
1424 4141 1501 4211 qnod
1524 4140 1576 4196 sihi

330 4231 359 4286 in
377 4231 571 4288 concambium
588 4230 695 4286 dimidii
706 4229 859 4286 molendini
872 4233 915 4285 sui
928 4230 981 4286 sub
999 4231 1116 4286 ecelesia
1128 4231 1159 4285 B.
1173 4228 1298 4300 Virginis
1310 4229 1363 4284 suh
1375 4231 1471 4284 monte
1484 4226 1576 4282 Graoh

331 4334 349 4372 a
367 4318 509 4390 praedicto
527 4319 661 4389 magistro
679 4318 763 4373 Petro
781 4323 954 4388 provenerat,
966 4318 1111 4373 confessus
1124 4323 1167 4372 est
1179 4333 1209 4374 ss
1222 4317 1380 4372 vendidisse
1392 4313 1482 4370 eidem
1494 4315 1577 4370 Petro

331 4393 383 4478 'pro
401 4409 436 4462 50
455 4406 547 4477 pensis
566 4405 742 4462 denariorum
755 4405 904 4474 banalium,
917 4421 1037 4476 quorum
1049 4405 1176 4474 singulae
1189 4405 1312 4475 quinque
1330 4419 1434 4474 pensae
1453 4419 1575 4458 marcam

331 4500 398 4549 tnnc
416 4494 550 4564 temporis
568 4491 714 4548 iaciebant.

386 4597 698 4654 Psaramounis.
720 4597 748 4649 Τ.
768 4599 788 4650 i.
805 4613 835 4668 p.
856 4601 914 4651 161.
