3544 5344
354 466 374 529 6
850 487 872 527 1.
896 472 1099 542 uuxnnrnvrt,

357 653 555 718 Oireuenizam‚
574 651 621 721 qui
639 651 699 704 fluit
717 667 767 720 per
783 649 955 720 Zagrabiam.
974 650 1008 704 In
1026 650 1091 704 ville
1103 649 1207 704 Ziseria
1226 651 1315 721 prima
1331 657 1405 704 meta
1417 652 1479 708 ione
1498 651 1594 718 fluens,

357 741 405 810 qui
424 738 521 794 dividit
545 745 646 792 terram
670 737 795 806 Bogdan.
820 736 889 791 Inde
912 735 948 790 ad
972 753 1104 806 magnum
1122 743 1244 792 montem
1262 753 1358 792 verene
1376 753 1513 804 oceasum,
1532 738 1596 793 inde

355 825 392 880 ad
410 825 625 896 septentrionem
644 823 680 878 ad
698 823 778 878 viam.
798 824 873 877 Hine
891 822 927 876 ad
945 824 1033 878 rivum
1051 825 1199 888 Tristenec,
1218 824 1282 878 hino
1300 841 1348 894 per
1366 825 1474 878 vineam
1492 825 1594 890 Dobre,

356 913 391 968 ad
410 929 543 983 quercum
561 929 633 981 quae
657 917 700 967 est
723 911 752 964 in
776 911 876 965 vertice
900 910 1009 976 montis,
1028 917 1056 964 et
1073 910 1170 964 dividit
1187 917 1288 964 terram
1306 911 1407 965 Lastei.
1426 911 1496 966 Inde
1514 911 1596 966 arbor

355 1007 485 1055 eastauee
502 998 600 1054 dividit
618 1006 718 1052 terram
743 1013 884 1052 servorum
902 999 982 1066 regie.
1008 997 1116 1052 Deinde
1135 1015 1184 1067 per
1201 1001 1323 1051 montem
1341 1013 1437 1052 versus
1454 997 1595 1052 meridiem

355 1083 430 1141 meta
448 1103 511 1140 cum
530 1084 646 1151 Meried‚
665 1101 737 1154 quae
756 1083 928 1154 protenditur
952 1083 987 1137 ad
1005 1091 1129 1139 montem
1146 1083 1294 1154 lapideum,
1314 1085 1361 1154 qni
1379 1083 1477 1138 dividit
1493 1089 1596 1138 metam

355 1174 512 1242 Bratognae
531 1179 558 1227 et
575 1171 640 1226 dicti
658 1171 792 1240 Bogdani.
811 1171 844 1226 In
863 1171 941 1240 Ugre
958 1171 1047 1241 prima
1065 1177 1138 1225 meta
1156 1177 1198 1225 est
1216 1171 1316 1225 fluvius
1335 1171 1497 1242 Seepnieha.
1516 1171 1596 1226 Illinc

356 1261 392 1314 κά
419 1261 509 1314 rivum
535 1259 666 1314 fluentem
692 1259 727 1313 de
754 1265 838 1330 ponte
864 1259 961 1324 Lutao,
986 1257 1085 1312 deinde
1111 1265 1184 1314 mete
1211 1259 1332 1314 Bolozed
1361 1259 1507 1327 (Bolezud).
1526 1258 1596 1312 Inde

356 1347 391 1402 ed
410 1352 533 1401 montem
558 1346 661 1400 Meeeo.
686 1347 739 1400 Per
763 1351 885 1400 montem
908 1353 982 1400 meta
1000 1346 1127 1416 Murgioo
1157 1347 1192 1400 ad
1220 1346 1334 1400 fluvium
1361 1345 1515 1417 Soepnieha
1539 1346 1596 1415 (qui

357 1433 453 1488 dividit
476 1439 578 1487 metam
602 1433 815 1501 canonicorum).
840 1433 910 1487 Inde
928 1433 1005 1486 iuxta
1030 1439 1140 1502 portum
1162 1433 1251 1487 Lixeu
1275 1433 1333 1500 rivi,
1357 1433 1405 1486 ubi
1430 1432 1526 1486 dividit
1544 1438 1596 1487 ter·

357 1539 416 1575 rem
444 1520 535 1574 Mioal.
564 1519 643 1574 Idem
665 1520 740 1573 rivus
764 1519 824 1574 fluit
848 1519 883 1574 ad
907 1519 1021 1576 domum
1045 1520 1183 1574 Zunislav.
1215 1520 1315 1574 Tendit
1341 1520 1414 1574 ultro
1442 1519 1476 1573 ed
1504 1519 1595 1573 locum

356 1607 459 1672 Lisina,
488 1607 536 1676 qui
563 1605 659 1660 dividit
685 1611 788 1660 metam
813 1607 887 1660 Petri
914 1607 962 1662 lilii
986 1607 1084 1662 Tance.
1113 1606 1188 1660 Hine
1212 1625 1261 1677 per
1285 1607 1381 1662 silvam
1405 1605 1440 1660 ed
1465 1623 1595 1674 magnam

356 1699 478 1760 stratam,
497 1693 561 1748 hine
579 1693 614 1747 ad
634 1692 748 1747 fluvium
766 1693 927 1762 Scepnieha‚
951 1695 998 1747 ubi
1021 1701 1063 1748 eet
1082 1693 1224 1764 praedium
1246 1693 1449 1749 canonicorum.
1469 1693 1512 1746 De
1530 1692 1595 1746 villa

357 1781 488 1834 Cemenie
507 1780 595 1849 prima
619 1785 692 1832 mete
717 1778 752 1832 ad
776 1779 865 1832 rivum
882 1780 1046 1848 Bogexaum
1073 1781 1221 1834 Transiens
1242 1780 1331 1834 rivum
1350 1780 1481 1834 Camenic
1499 1778 1595 1832 dividit

356 1873 458 1922 terrem
480 1867 606 1920 Tosimer
630 1873 657 1920 et
681 1865 834 1934 Kineginei‚
860 1865 895 1919 ad
920 1867 1009 1919 rivum
1032 1867 1196 1936 Bogaxaum
1220 1865 1317 1921 dividit
1339 1874 1440 1920 terrem
1467 1865 1596 1920 Desisluv

357 1970 439 2024 porro
458 1961 559 2006 terram
582 1951 786 2006 Bartholomaei
809 1953 925 2006 comitis.
949 1953 1019 2008 Inde
1044 1971 1093 2022 per
1116 1970 1245 2022 megnem
1269 1955 1341 2008 viam
1365 1969 1451 2024 snpra
1473 1959 1595 2007 montem

357 2039 454 2095 dividit
471 2044 572 2093 terram
591 2039 718 2109 Bogdan¹
734 2039 889 2094 Occurrunt
907 2039 998 2094 adhue
1016 2045 1104 2094 terrae
1122 2041 1214 2109 Isany,
1234 2049 1306 2094 terra
1324 2039 1359 2094 ad
1378 2042 1466 2094 rivum
1480 2039 1596 2094 Olenov-

357 2127 401 2181 nie
420 2125 533 2181 Souled.
553 2157 586 2164 —
604 2125 638 2179 In
657 2125 823 2180 Garrastino
847 2126 1030 2195 (Varasdino).
1056 2127 1148 2184 Prima
1172 2133 1245 2182 meta
1271 2129 1349 2181 iuxta
1371 2143 1500 2196 magnam
1523 2127 1595 2180 viam

357 2221 430 2268 terra
448 2212 542 2268 Stane.
561 2211 630 2266 Inde
643 2212 678 2267 ed
692 2212 834 2266 Plitvizam
846 2213 934 2267 rivum
948 2228 1032 2283 supra
1044 2221 1157 2284 pontem
1169 2229 1264 2267 versus
1274 2212 1405 2267 meridien
1418 2231 1467 2283 per
1480 2211 1595 2266 eandem

358 2301 430 2355 riam
448 2299 483 2353 ad
501 2299 594 2353 villam
613 2299 775 2354 Suetoselav
806 2298 876 2353 Inde
899 2297 936 2353 κά
959 2300 1032 2353 viem
1050 2300 1076 2352 in
1096 2299 1210 2352 modum
1228 2299 1316 2353 erneis
1335 2305 1377 2352 eet
1394 2304 1467 2353 terra
1485 2298 1595 2366 Sangae,

357 2393 385 2444 et
402 2387 530 2456 Vogriza.
550 2387 698 2440 Treneiene
723 2387 820 2440 silvam
847 2386 882 2440 ed
906 2386 1007 2440 flumen
1032 2387 1148 2441 Beneiza
1171 2385 1295 2440 dividens
1318 2391 1420 2439 metam
1445 2384 1595 2438 Hvalimer.

359 2476 434 2530 Hinc
452 2473 488 2528 ad
506 2473 608 2528 vadum
626 2474 747 2538 Prinne,
772 2474 835 2528 hinc
862 2474 897 2528 ad
920 2473 1013 2528 villam
1036 2473 1255 2544 hospitaliorum
1274 2474 1308 2527 ln
1327 2472 1490 2526 Camaruiza
1508 2471 1596 2541 prima

358 2567 401 2617 est
418 2567 491 2616 mete
509 2567 598 2614 terrea
616 2577 711 2614 versun
726 2561 913 2616 ‘occidentem
938 2561 1013 2615 Hinc
1032 2561 1068 2614 ad
1086 2561 1174 2614 rivum
1192 2561 1240 2630 qui
1261 2560 1361 2614 dieitur
1379 2557 1545 2624 Semerdeia‚
1570 2565 1597 2612 et

357 2655 431 2703 terra
448 2647 585 2702 Tolimeri.
605 2647 658 2701 Per
676 2647 764 2700 rivum
783 2647 817 2701 ad
836 2655 938 2702 metam
956 2664 1086 2716 magnam
1109 2647 1230 2701 Prodani
1255 2645 1385 2717 episcopi,
1404 2661 1500 2699 versus
1518 2645 1596 2697 meri-

358 2734 432 2788 diem
450 2733 485 2788 κά
504 2739 626 2788 montem
644 2739 672 2787 et
689 2750 739 2804 per
757 2734 829 2787 viam
847 2733 883 2787 κά
902 2735 989 2788 rivum
1009 2734 1162 2799 llioeilniza,
1182 2741 1209 2788 et
1228 2733 1263 2788 ad
1281 2750 1412 2802 magnam
1425 2737 1545 2784 stratam.
1562 2731 1596 2782 In

358 2819 454 2874 Zdelia
471 2819 568 2874 dividit
585 2819 659 2873 rivus
677 2827 779 2873 terram
796 2820 1011 2888 templariorum.
1029 2819 1116 2872 Rivus
1136 2821 1247 2874 Hausta
1265 2818 1361 2874 dividit
1379 2823 1482 2872 metum
1495 2817 1596 2872 Cerno-

359 2907 430 2976 glav,
457 2905 533 2959 vadit
557 2903 592 2958 ad
614 2905 702 2958 rivum
726 2903 829 2958 Zdelia.
854 2905 888 2958 In
906 2905 1031 2959 Dombro
1056 2905 1207 2974 (Dubreva)
1231 2906 1305 2959 rivus
1328 2904 1500 2974 Glogovuiza
1517 2905 1595 2957 iuxta

360 2997 474 3064 pontem
491 2991 612 3046 Prodani
631 2991 762 3062 episcopi,
786 3007 882 3044 versus
907 2991 1076 3045 occidentem
1097 2997 1168 3046 terre
1186 2991 1269 3046 Beloe
1287 2991 1373 3046 dunis.
1393 2991 1437 3044 Ad
1455 2989 1597 3043 meridiem

360 3095 434 3149 aqua
452 3078 551 3134 Sernes
574 3063 682 3146 (timeo)
702 3084 729 3132 et
746 3079 820 3132 rivus
840 3076 986 3132 Cnmnciza
1004 3078 1039 3132 ad
1058 3083 1158 3132 terram
1180 3079 1340 3148 Keneginei.
1359 3077 1428 3132 Inde
1445 3077 1523 3131 loeus
1541 3075 1597 3130 Pn'·

359 3167 435 3232 lesia,
453 3173 528 3219 mete
551 3165 634 3230 Inani,
660 3164 733 3218 rivus
758 3165 878 3229 Promea,
904 3171 976 3218 terre
1001 3181 1063 3219 eum
1088 3165 1210 3220 snbrdois
1235 3165 1314 3234 regie.
1334 3165 1425 3218 Locus
1443 3161 1597 3232 Lupoglev‚

360 3260 434 3308 terra
451 3252 571 3306 liliorum
590 3251 724 3317 Semeree,
743 3252 807 3305 hinc
826 3268 1022 3321 permagnam
1046 3253 1143 3306 silvam
1161 3252 1197 3306 ud
1216 3253 1304 3306 rivum
1323 3251 1425 3315 Zelina,
1444 3249 1492 3319 qui
1510 3250 1599 3319 iungit

361 3339 466 3393 serino
486 3337 597 3402 Cer-nez,
617 3338 665 3406 qui
683 3337 779 3391 dividit
803 3343 903 3392 terram
928 3338 1061 3392 lllaoharii
1086 3338 1192 3391 comitis
1217 3345 1245 3391 et
1262 3337 1350 3390 influit
1368 3337 1469 3391 flumen
1489 3336 1597 3390 Cesme.

360 3424 404 3480 Ad
424 3425 639 3494 septentrionem
657 3425 732 3478 rivus
750 3423 852 3478 Velilra
869 3424 958 3494 iungit
976 3441 1006 3478 se
1024 3425 1081 3479 rivo
1101 3424 1201 3478 (lesme
1219 3431 1246 3478 et
1263 3423 1365 3477 Velilra
1382 3423 1479 3477 dividit
1496 3429 1597 3476 terram

362 3511 582 3581 Sumugieneem.
607 3509 677 3564 Inde
702 3510 737 3564 ed
761 3511 849 3564 rivum
875 3511 997 3579 cogniti,
1022 3510 1057 3564 ad
1082 3511 1187 3564 fontem
1211 3509 1339 3575 Student,
1362 3509 1427 3563 inde
1450 3510 1486 3564 ad
1510 3511 1597 3564 rivum

361 3597 491 3666 Oirqueni
510 3601 538 3650 et
550 3596 662 3665 Sigleni,
681 3597 728 3666 qui
747 3596 836 3651 influit
853 3597 881 3651 in
898 3597 1043 3652 Xabiniaa.
1062 3597 1137 3652 Hinc
1156 3597 1191 3652 ad
1210 3613 1339 3666 magnam
1358 3597 1431 3650 viam
1449 3595 1484 3650 ed
1496 3601 1599 3650 metam

360 3683 481 3739 Prodani
499 3684 630 3754 episcopi,
650 3699 699 3754 per
711 3689 832 3738 montem
846 3683 881 3738 ed
894 3685 982 3739 rivum
994 3685 1173 3752 Lubenizem,
1192 3683 1227 3739 ad
1240 3685 1329 3738 rivum
1340 3683 1359 3738 J
1360 3683 1481 3738 alceniza
1498 3683 1597 3737 iterum

361 3770 396 3825 κά
415 3787 545 3839 magnam
563 3772 643 3824 riam
663 3771 737 3824 Hine
756 3770 790 3824 ad
809 3771 896 3824 rivum
911 3771 1089 3841 Glogovnice‚
1108 3771 1156 3825 ubi
1174 3771 1227 3825 fnit
1246 3787 1317 3841 pons
1332 3769 1453 3824 Prodani
1468 3769 1598 3840 episcopi.

361 3889 394 3899 -
412 3859 445 3912 In
465 3857 555 3912 Gerra
572 3857 647 3929 apud
667 3873 687 3912 s.
707 3856 877 3911 Clementem
902 3859 991 3928 prima
1015 3865 1057 3912 est
1080 3867 1155 3912 meta
1176 3859 1254 3912 iuxta
1277 3858 1370 3912 villam
1389 3858 1500 3927 Oropoe
1523 3857 1599 3910 rivus

360 3946 489 4012 Letoon,
508 3945 555 4014 qui
574 3945 664 3999 influit
687 3945 716 3998 iu
740 3945 888 3998 Petrinum.
907 3943 1007 3999 Tendit
1031 3945 1066 3998 κά
1091 3951 1203 4014 portum
1225 3944 1344 4000 Zebedei
1367 3951 1394 3999 et
1422 3944 1457 3998 ad
1476 3951 1599 3999 montem

361 4031 477 4098 Gradez,
496 4047 592 4086 versus
610 4030 752 4085 meridiem
771 4037 813 4085 est
830 4037 904 4085 meta
923 4048 943 4084 s.
962 4031 1083 4086 Ladislai
1102 4032 1182 4100 regis,
1202 4049 1218 4086 a
1237 4049 1292 4101 que
1309 4030 1398 4086 tendit
1416 4031 1451 4084 ad
1469 4045 1599 4098 magnam

359 4119 471 4174 fossam.
490 4118 560 4173 Inde
579 4117 614 4172 ad
632 4119 721 4172 rivum
739 4118 873 4186 Ponique,
892 4117 956 4172 hine
974 4117 1009 4172 ad
1028 4125 1150 4172 montem
1163 4119 1198 4172 ed
1211 4119 1323 4172 salicem
1341 4119 1418 4172 iuxta
1431 4117 1510 4170 viam.
1524 4115 1599 4168 Hinc

362 4206 397 4260 ad
410 4205 517 4272 vallem,
536 4205 584 4259 ubi
600 4212 642 4259 est
653 4205 716 4258 sons
732 4205 867 4273 Mirogna
887 4205 956 4259 Inde
975 4204 1010 4258 ud
1029 4205 1118 4258 rivum
1131 4203 1308 4259 Oremenitez.
1327 4203 1450 4257 Indead
1469 4217 1598 4269 magnam

362 4299 476 4347 stratam
493 4293 522 4346 in
540 4297 634 4346 monte
652 4290 687 4344 κά
706 4289 810 4346 dictum
829 4291 917 4344 rivum
936 4291 1080 4345 Leseovez.
1100 4291 1184 4344 iuxta
1202 4291 1294 4346 Odere
1312 4289 1406 4356 (Odre)
1420 4289 1508 4358 prime
1523 4291 1599 4340 meta

361 4385 403 4433 eet
421 4379 496 4433 rivus
514 4377 616 4433 Dobon
635 4393 731 4432 versus
749 4377 891 4432 meridiem
909 4377 945 4431 ad
963 4377 1065 4430 flumen
1085 4377 1176 4448 Culpa
1194 4383 1221 4432 et
1240 4377 1274 4432 ad
1293 4377 1382 4430 rivum
1395 4391 1479 4445 parva
1492 4375 1599 4428 Monoe-

361 4465 430 4518 niza.
450 4465 524 4518 Hine
543 4463 578 4518 ed
598 4465 756 4534 eepulerum
769 4463 897 4529 Seledini‚
917 4463 953 4517 κά
971 4463 1101 4533 paludem
1120 4463 1312 4528 Piauisemam,
1332 4461 1366 4516 ad
1380 4462 1471 4515 locum
1483 4459 1600 4516 Pridaee

362 4551 526 4618 (Priulaeal)
540 4567 635 4604 versus
648 4551 781 4605 orientem
792 4551 867 4604 rivus
877 4551 1004 4620 Zepniza.
1015 4551 1163 4604 'lransiene
1173 4549 1278 4604 Savum
1290 4547 1324 4602 ad
1338 4555 1475 4602 mortuom
1487 4547 1599 4613 Odrem,

362 4653 434 4705 quae
451 4635 548 4691 dividit
565 4642 667 4692 terrem
685 4653 749 4691 cum
768 4637 910 4691 Machario
928 4637 1035 4691 comite.
1055 4635 1088 4690 In
1107 4637 1238 4706 Potgoria
1263 4635 1351 4705 prima
1372 4641 1446 4688 meta
1464 4641 1505 4688 est
1522 4635 1600 4688 iuxta

362 4721 476 4778 flurium
485 4723 604 4778 Volarla
623 4723 658 4778 κά
669 4723 755 4778 Lede.
774 4723 844 4779 Inde
862 4739 911 4795 per
929 4723 1028 4780 vallem
1046 4721 1082 4777 ad
1097 4723 1186 4777 rivum
1203 4722 1320 4788 Moeno,
1340 4722 1388 4792 qui
1406 4720 1441 4775 κά
1459 4721 1600 4776 meridiem
