3488 5380
711 427 855 472 usonem.
1346 409 1408 478 189

156 595 216 666 ‚qui
233 597 346 665 putatus
374 597 418 648 set
442 607 611 664 comparere,
635 591 804 665 sinubuerit
832 595 1010 651 securitatem
1036 613 1087 668 pro
1115 613 1234 669 persons
1258 601 1286 655 et
1312 599 1409 656 rebus.

166 681 281 738 Testes:
307 680 452 752 presbyter
470 681 610 736 Antonius
628 679 759 749 Blanous,
786 679 920 738 Ursacins
945 683 1086 752 Damiani,
1103 685 1221 742 clericus
1238 685 1358 757 Petraea
1375 687 1410 744 de

166 768 265 826 Bonds
282 772 311 826 et
328 768 383 824 alii.
401 767 550 839 Presbyter
568 767 712 824 Paschalir
730 769 886 825 communis
905 771 1033 826 noterius
1050 772 1169 844 scripsit.

218 859 264 912 ue
281 861 458 926 omompro
475 855 594 912 oollorii
612 856 720 912 archivi
737 855 886 926 emises
914 857 972 914 MS.
991 859 1023 914 ιἰι
1040 875 1100 914 creo
1118 859 1284 918 collectione.
1301 877 1331 932 p.
1350 866 1410 917 312.

216 977 411 1036 DOXXXIV.
431 982 510 1035 1252.
529 982 571 1032 14.
590 977 761 1050 Septembris.
781 978 975 1036 Gordomanus
994 981 1118 1038 Semetio
1136 983 1250 1039 nuntius
1268 983 1295 1040 d.
1313 983 1409 1040 Urosii

166 1067 240 1138 regie
258 1067 371 1124 Serviat
396 1067 551 1136 confitetor,
579 1065 655 1138 quod
673 1083 691 1122 ιι
709 1067 835 1123 Marsilic
863 1067 986 1140 Georgio
1014 1071 1115 1126 comite
1139 1071 1257 1141 Ragueii
1274 1071 1412 1143 acceperit

166 1155 242 1211 mille
260 1154 396 1211 ducentos
414 1171 554 1227 perperos,
573 1159 657 1226 prout
674 1156 734 1226 ipse
747 1154 773 1212 d.
786 1171 836 1211 rex
853 1172 903 1227 per
921 1173 987 1212 suas
1005 1157 1110 1214 litterae
1129 1163 1320 1230 praeceperst;
1339 1175 1411 1231 qnos

168 1257 301 1316 perperos
318 1241 417 1298 iratres
435 1241 562 1298 Andreas
580 1247 609 1298 et
626 1241 760 1299 Salomon
778 1241 814 1298 de
833 1243 929 1299 ordine
952 1243 1187 1314 Praedicatorum,
1215 1251 1244 1301 et
1260 1247 1350 1302 nuntii
1368 1263 1410 1302 ra·

167 1330 260 1402 gusini
277 1329 442 1386 Theodorus
459 1327 589 1386 Bodscae
606 1334 634 1384 et
651 1329 752 1386 Petrus
778 1329 798 1385 J
799 1331 917 1386 ohannis
944 1331 1072 1404 Bogdani
1090 1334 1202 1390 nomine
1220 1331 1287 1389 dicti
1301 1331 1410 1390 comitis

168 1421 196 1473 et
212 1417 368 1474 communis
386 1417 523 1487 Regusini
539 1433 630 1489 nuper
647 1417 796 1490 praeterito
812 1435 908 1476 mense
927 1422 1058 1492 Augusto
1070 1419 1144 1477 dicto
1157 1421 1215 1494 rogi
1228 1422 1411 1494 promiserant

168 1503 243 1562 dare.
261 1504 373 1560 Testes:
391 1503 550 1575 Goyelavur
562 1504 702 1563 Theodori
714 1505 817 1575 Ororei,
835 1508 887 1562 iur.
899 1506 991 1576 iudex,
1011 1507 1148 1564 Bubanns
1159 1508 1236 1565 Petri
1247 1507 1410 1578 monachus,

167 1593 302 1650 sflvuor
319 1591 355 1648 de
373 1590 402 1650 Β.
421 1593 512 1648 Maria
529 1592 565 1649 de
582 1594 667 1662 Deua,
695 1593 821 1664 Angelus
847 1594 974 1651 Barancc
998 1593 1034 1650 de
1051 1599 1190 1652 conventu
1209 1613 1231 1652 s.
1249 1597 1409 1667 Augustini,

167 1681 287 1738 Michael
306 1681 412 1737 Oseulo
430 1680 465 1737 de
483 1685 621 1738 conventu
640 1697 661 1736 s
680 1681 807 1737 Gervasii
829 1682 865 1738 de
882 1681 1017 1751 venetiis,
1035 1683 1139 1740 Rosius
1166 1683 1315 1756 Triphonis
1333 1683 1410 1740 Rati·

168 1768 272 1838 slavae,
297 1773 326 1826 et
352 1769 514 1826 Marcholue
541 1767 689 1824 Maledacii
716 1767 908 1838 Cathareoels,
936 1769 1069 1826 Dobrana
1097 1769 1259 1842 Lampridii,
1287 1770 1412 1827 Oalenda
1499 1833 1501 1838 ,

168 1857 324 1914 Oernechse
343 1862 371 1913 et
387 1857 436 1913 alli
454 1856 557 1930 plures.
575 1855 725 1926 Presbyter
742 1856 885 1913 Paschalis
902 1857 1028 1913 notarius
1046 1858 1164 1929 scripsit.

168 1944 388 2102 ffiwffio
407 1945 476 2015 reip.
495 1945 672 2016 Rogosoooe.
700 1947 780 2002 Foro.
800 1947 839 1999 11.
860 1947 911 2000 Νι.
932 1947 974 1999 29.
1001 1945 1038 2001 Io
1052 1945 1189 2016 pendenti
1214 1945 1308 2018 sigillo
1334 1962 1410 2004 cereo

221 2153 399 2210 DOXXXV.
425 2157 502 2210 1252.
526 2157 566 2209 10.
590 2153 760 2210 Novembris.
787 2153 857 2209 Bels
880 2153 933 2211 IV.
956 2171 1005 2210 rex
1029 2160 1126 2212 notum
1150 2155 1225 2224 iacit,
1253 2156 1410 2227 quodcum

169 2241 305 2298 thuruh
333 2241 408 2297 lilius
432 2241 505 2298 Abel
528 2241 664 2297 'rhomam
688 2241 817 2297 comitem
842 2246 871 2298 et
887 2241 1009 2311 Petrum,
1033 2243 1132 2298 iratres
1156 2243 1235 2298 Filae
1258 2245 1410 2316 praepositi

169 2329 386 2401 (aagrnbieosis),
406 2346 490 2402 super
507 2327 627 2401 praediis
645 2330 734 2398 Ruch‚
753 2330 876 2398 Donath,
894 2331 1011 2386 Drauch
1030 2336 1058 2386 et
1075 2329 1211 2398 (ladmen,
1239 2331 1288 2385 ubi
1306 2335 1349 2386 est
1366 2347 1409 2387 ee·

169 2417 255 2473 clesia
272 2433 294 2472 s.
312 2417 434 2486 Martini,
452 2433 546 2472 coram
558 2433 592 2472 eo
603 2421 795 2488 comparentes
808 2417 836 2472 iu
849 2417 953 2488 regiam
966 2418 1150 2490 praesentiam
1167 2423 1318 2488 evocasset,
1337 2418 1411 2473 idem

168 2504 300 2560 thuruh
318 2504 502 2576 proposuerit,
526 2503 602 2574 quod
626 2504 752 2576 praelate
774 2503 893 2574 {praedis
911 2505 947 2559 ud
965 2522 1030 2560 eum
1053 2505 1112 2561 iure
1130 2505 1312 2563 haereditario
1330 2507 1413 2578 perti·

173 2597 277 2661 nerent,
295 2609 368 2663 quae
386 2592 447 2664 ipse
464 2598 493 2647 et
510 2593 554 2647 sui
571 2592 711 2662 genitores
734 2597 798 2647 ante
819 2591 969 2647 adventum
987 2593 1165 2648 Tartarorum
1183 2594 1298 2666 pacifice
1316 2610 1411 2666 poese-

171 2679 276 2750 deraut,
300 2687 388 2736 matre
412 2681 501 2752 ipsius
520 2681 553 2735 E.
570 2681 599 2734 in
619 2679 739 2752 praediis
763 2680 853 2748 Ruoh,
878 2681 992 2736 Donath
1016 2685 1044 2737 et
1066 2681 1189 2750 Drauch,
1208 2683 1326 2739 Nicolao
1344 2699 1410 2738 vero

169 2767 228 2824 filio
246 2769 354 2840 Agnus,
381 2768 465 2824 fratre
489 2768 557 2836 eiua
577 2768 605 2821 in
631 2766 757 2823 Oudmcn
785 2772 851 2823 tunc
869 2767 1029 2824 demorante
1036 2785 1044 2836 3
1069 2768 1117 2824 sed
1136 2769 1212 2840 qood
1230 2775 1354 2842 tempore
1372 2771 1412 2826 in·

171 2857 265 2912 sullus
292 2856 479 2924 Tarterorum,
506 2871 570 2911 eum
595 2858 670 2910 esset
693 2855 849 2926 persecutio
871 2853 1016 2926 generalis,
1043 2857 1081 2912 ab
1107 2857 1176 2928 ipsis
1194 2855 1314 2928 praediis
1331 2859 1413 2914 auiu-

169 2945 284 3016 giseent,
305 2947 334 3000 el
351 2948 415 3016 poet
432 2941 618 3000 reversionem
646 2959 726 2998 suam
753 2941 827 2998 dicta
855 2941 968 3014 praedia
985 2943 1138 2999 invenerint
1159 2961 1209 3016 per
1226 2944 1317 3000 Filam
1334 2963 1412 3018 prse-

168 3031 291 3103 positum
316 3036 461 3104 occupata,
484 3046 535 3086 nec
561 3029 704 3086 admiserit
726 3045 775 3085 eos
798 3035 905 3086 armata
930 3031 1023 3101 manu}
1040 3031 1067 3086 in
1097 3033 1303 3102 possessionem
1320 3034 1412 3104 prohi-

170 3117 262 3178 bendo
281 3119 396 3176 aditum.
423 3119 468 3174 Ex
494 3119 611 3175 adverso
638 3118 760 3173 llrorncs
787 3134 880 3174 eomes
904 3127 930 3174 et
948 3117 1048 3174 Petrus
1076 3118 1160 3174 frater
1187 3119 1247 3176 eius
1274 3120 1412 3189 dixerunt,

126 3241 131 3246 -
171 3207 248 3278 quod
265 3207 380 3280 praedia
397 3207 459 3278 ipsu
476 3223 526 3278 per
544 3206 722 3262 donationem
750 3205 897 3260 Golomani
920 3205 995 3276 regis
1013 3209 1041 3262 et
1059 3205 1146 3276 ducis,
1166 3224 1251 3278 quom
1268 3208 1315 3263 ille
1334 3208 1412 3262 Filae

171 3296 330 3368 praeposito
349 3295 461 3363 lecerat,
479 3295 516 3350 ab
533 3311 567 3350 eo
585 3299 710 3366 ternpore
734 3309 843 3364 semper
870 3291 1060 3364 possedissent
1076 3295 1106 3349 in
1124 3310 1202 3366 pecc,
1229 3313 1247 3350 s
1275 3311 1332 3367 quo
1359 3295 1414 3350 luit

169 3399 217 3440 rex
234 3383 303 3440 Bela
320 3383 397 3455 regio
421 3381 576 3438 dacenses
600 3385 758 3450 coronatus,
782 3397 853 3452 quae
876 3379 1000 3452 praedia,
1024 3381 1175 3438 interduo
1199 3381 1314 3438 flumina
1331 3381 1412 3438 Jlsva

169 3471 287 3528 lucentia
303 3470 378 3526 idem
395 3487 445 3526 rex
463 3470 634 3526 Oolomanus
652 3468 750 3524 habuit
774 3485 823 3540 per
847 3467 1041 3524 concambium
1064 3475 1152 3525 terroe
1176 3469 1268 3525 Pecur
1286 3469 1410 3538 (Pekrec,

168 3559 288 3628 Pskrsc)
307 3557 343 3615 sb
361 3558 483 3614 Abraam
503 3557 560 3614 lilio
578 3557 712 3626 Marcelli,
738 3557 809 3612 sicut
834 3558 862 3611 in
886 3555 1010 3612 eiusdem
1029 3558 1102 3628 regie
1120 3563 1148 3612 et
1166 3557 1245 3613 ducis
1266 3557 1410 3629 privilegio

168 3648 333 3704 coronetur.
350 3647 490 3703 Dixerunt
507 3647 591 3702 etism
608 3646 731 3700 Thomas
749 3649 777 3700 et
789 3645 897 3712 Petrus,
916 3643 991 3715 quod
1011 3660 1096 3717 super
1113 3644 1234 3716 proediis
1251 3644 1366 3700 Drauch
1385 3649 1413 3700 et

169 3733 297 3791 Oudmen
327 3734 411 3792 luerit
439 3733 592 3790 iudicatum
620 3739 716 3790 conus
745 3732 903 3801 Nicolaum,
933 3732 1021 3788 lilium
1052 3734 1159 3804 Agnus,
1178 3732 1291 3788 fratrem
1319 3733 1410 3805 ipsius

168 3821 310 3890 Echuruh,
330 3838 380 3894 per
397 3821 539 3878 Andrean
557 3821 644 3876 filium
666 3819 796 3891 Serephil
821 3819 940 3876 iudicem
964 3820 1068 3890 curiae,
1092 3837 1185 3877 eoram
1203 3837 1260 3892 quo
1278 3821 1412 3876 Nicoleus

169 3909 261 3966 Filsm
278 3897 373 3982 praep.
391 3910 420 3965 iu
437 3908 572 3966 iudicium
590 3913 758 3966 evocaverat.
778 3909 853 3978 Quia
877 3914 971 3964 autem
988 3908 1123 3964 Echuruh
1141 3908 1288 3979 allegabat,
1306 3908 1412 3963 litterae

168 3997 326 4056 donationis
351 3999 426 4070 regie
450 4003 478 4054 et
501 3998 581 4054 ducis
606 3997 752 4054 colomani
777 3997 854 4054 Filae
873 3998 963 4053 iactae
993 3996 1079 4052 lalsas
1097 4012 1167 4066 esse,
1194 3997 1260 4067 quia
1278 3995 1340 4050 Fila
1360 3983 1414 4050 luit

169 4087 230 4143 eius
247 4087 437 4155 cancellarius,
455 4103 505 4142 rex
516 4085 553 4142 ad
566 4086 730 4157 scrupulum
748 4085 933 4142 amovendum
951 4084 1047 4141 decem
1065 4084 1218 4140 nominavit
1229 4083 1345 4151 nobiles,
1365 4082 1413 4154 qui

169 4191 234 4230 oum
251 4173 363 4231 duobus
391 4175 524 4230 fratribus
550 4174 659 4230 Thomu
677 4179 705 4229 et
724 4173 805 4230 Petro
833 4178 1035 4230 sacramentum
1057 4172 1227 4244 deponerent
1245 4170 1280 4226 de
1298 4170 1412 4226 veritate

169 4261 329 4320 litterarum.
348 4261 389 4318 Hi
401 4261 509 4318 nobiles
522 4267 598 4322 sunt:
617 4262 741 4318 Abraam
759 4279 860 4330 comcs,
879 4262 1109 4318 Bartholomaeus
1122 4260 1196 4316 filius
1214 4259 1346 4327 Thomse,
1364 4258 1412 4314 Jo-

170 4350 280 4407 uaohne
298 4367 400 4419 comes,
418 4349 555 4406 Jouanka
572 4349 646 4405 filius
665 4349 798 4418 Abraam,
816 4350 917 4405 Petrus
935 4350 1008 4404 filius
1027 4348 1157 4416 Dionisii,
1175 4347 1301 4403 Marchat
1318 4362 1412 4403 comes

170 4442 198 4493 et
215 4438 364 4510 Compolth
382 4437 418 4493 de
436 4453 536 4509 genere
560 4438 632 4506 Aba,
655 4438 720 4494 item
746 4436 847 4505 Pedur,
867 4438 980 4492 Marcus
998 4437 1072 4491 filius
1092 4436 1193 4504 Lucae,
1221 4434 1319 4491 Jovvan
1338 4434 1412 4489 filius

170 4523 297 4595 Jrnslov,
316 4526 374 4598 oui
401 4541 498 4582 omnes
517 4524 554 4581 ad
571 4525 809 4582 confirmationem
837 4523 973 4594 privilegii
992 4523 1188 4594 praestiterunt
1215 4522 1411 4577 iuramentum.

171 4613 231 4670 Rex
243 4613 343 4686 itaque
360 4613 524 4670 adiudicans
542 4611 656 4684 praedis
673 4612 909 4684 supranominatis
927 4611 1059 4667 iratribus
1078 4609 1164 4667 dictat
1182 4609 1334 4667 Echurnho
1353 4625 1413 4681 per·

171 4706 285 4774 potuum
303 4702 452 4760 silentium.

223 4791 316 4850 Getico
332 4791 403 4862 dipl
417 4790 540 4862 patrios.
562 4789 609 4846 Vl.
625 4805 655 4861 p.
675 4792 719 4844 62.
737 4788 786 4844 Ec
803 4787 916 4844 arctico
934 4787 1069 4845 camerali
1088 4787 1223 4846 Budeosi.
