3376 5350
636 412 780 458 anaasra.
1268 409 1330 474 441

139 589 289 646 MDXLV.
307 591 443 649 iadorae.
464 597 539 648 1294.
560 597 601 648 90.
621 595 733 648 Martii.
754 595 859 664 Bugius
872 595 985 666 Georgii
998 595 1120 652 sindicus
1134 605 1160 652 et
1174 605 1333 668 procurator

80 679 212 734 Volzitae
231 681 383 750 potestatis,
404 681 537 751 Miligosti
551 681 702 737 Salvonerii
722 689 749 737 ct
766 683 865 738 Jacobi
879 683 989 754 Dragae
1005 684 1131 754 judicum
1150 692 1178 739 et
1195 686 1333 741 Drusinae

79 767 201 820 Joannis
220 784 252 821 ac
271 767 383 822 Tolislai
409 767 531 822 Butlislai
557 771 767 823 camerariorum
792 769 898 824 consilii
917 777 946 824 et
964 773 1170 826 communitatis
1188 773 1285 828 Nonae
1305 781 1332 828 et

79 855 170 908 totius
189 856 394 909 communitatis
413 855 527 910 solemni
547 856 725 926 stipulatione
749 857 875 926 promisit
903 875 931 911 se
956 858 1093 912 saetarum
1120 866 1146 913 et
1172 869 1331 916 curaturum

80 943 160 996 omni
179 943 340 1012 exceptione
358 948 386 996 et
403 944 547 997 occasione
567 945 686 1003 remotis,
706 944 780 1013 quod
799 943 937 1014 Georgius
950 962 1041 1000 comes
1060 947 1255 1016 Breberiensis,
1274 957 1331 1004 tam

79 1045 136 1083 suo
150 1031 260 1084 nomine
273 1035 301 1086 et
314 1047 426 1086 suorum
439 1031 580 1084 hominum
596 1047 678 1101 quam
691 1031 834 1086 hominurn
849 1034 1002 1086 eommunis
1013 1034 1120 1088 almisii
1133 1037 1210 1090 tirma
1219 1037 1333 1091 habebit

80 1125 112 1171 et
127 1118 284 1172 observabit
296 1121 389 1172 omnia
407 1120 475 1172 inita
493 1127 574 1188 pacta
587 1135 648 1172 cum
662 1118 782 1188 Rogerio
795 1119 964 1174 Mauroceno
977 1120 993 1176 J
997 1121 1105 1178 adrensi
1120 1124 1228 1178 comite.

142 1204 258 1272 Ljulrie':
277 1207 356 1260 bion.
376 1207 399 1260 Ι,
419 1210 477 1258 104.

140 1363 304 1419 IllDXLVI.
324 1365 434 1421 Clisaii.
453 1369 528 1418 1294.
558 1371 581 1417 7.
606 1367 724 1435 Aprilis.
749 1357 886 1436 Tempore
909 1370 981 1436 regis
1003 1369 1132 1423 Andreae
1157 1369 1208 1422 ΙΙΙ.
1233 1377 1261 1424 et
1284 1386 1332 1438 po·
1408 1429 1417 1450 ,

79 1455 169 1508 tentis
187 1455 237 1508 viri
257 1455 369 1524 Georgii
390 1456 424 1508 de
443 1454 577 1520 Briberio,
601 1455 743 1509 civitatum
769 1456 969 1510 maritimarum
987 1456 1102 1510 illustris
1126 1457 1243 1518 comitis,
1269 1473 1332 1510 cum

82 1541 249 1595 Matthaeus
268 1541 346 1596 Lucii
366 1541 489 1596 sindicus
508 1549 536 1596 et
554 1549 715 1611 procurator
733 1543 886 1596 communis
911 1543 1110 1613 magnetensis,
1129 1545 1240 1598 nomine
1259 1560 1332 1598 com·

78 1631 178 1683 munis
203 1629 315 1698 publico
340 1630 522 1684 instrumento
550 1647 578 1684 se
602 1647 653 1700 pro
678 1631 820 1700 praedicto
845 1632 945 1684 comite
973 1631 1094 1701 Georgio
1118 1639 1146 1685 et
1174 1631 1331 1686 hominibus

79 1717 195 1770 Almisii
215 1717 376 1786 obligaverit
397 1717 422 1770 d.
435 1703 506 1786 Rog.
521 1717 689 1771 Mauroceno
702 1719 795 1771 comiti
808 1717 826 1772 J
829 1717 918 1779 adme,
932 1719 1042 1772 nornine
1056 1718 1134 1772 ducis
1151 1719 1330 1774 Venetiarum

80 1797 120 1857 de
138 1805 209 1857 3000
227 1803 356 1858 librarum
377 1804 551 1858 denariorum
570 1804 767 1858 Veneticorum
787 1821 860 1874 parv.
880 1807 1025 1859 occasione
1049 1809 1162 1875 treugae
1188 1805 1277 1862 laetae
1304 1816 1332 1862 et

80 1892 209 1945 firmatae
227 1893 298 1945 inter
317 1890 487 1960 praedictum
511 1891 662 1960 Georgium
682 1893 810 1946 comitem
830 1901 857 1946 et
876 1892 980 1946 dictum
997 1893 1023 1946 d.
1042 1892 1201 1963 Rogerium.
1222 1893 1329 1950 Idcirco

81 1978 177 2032 dietus
197 1997 218 2033 c.
238 1977 378 2046 Georgius
396 1987 452 2032 tam
472 1980 584 2033 nomine
609 1997 659 2032 suo
684 1985 711 2033 et
736 1979 910 2034 subditorum
937 1997 1051 2034 suorum
1069 1997 1152 2050 qaam
1172 1980 1237 2034 dicti
1258 1997 1332 2034 com·

86 2068 181 2121 munis
200 2073 227 2120 et
245 2067 388 2122 bominum
408 2066 520 2120 Almissi
539 2068 666 2136 promisit
685 2067 843 2122 solemniter
861 2085 890 2121 se
909 2067 1058 2136 obligando
1077 2067 1182 2122 Dessaa
1195 2069 1330 2124 Amblasii

81 2157 137 2208 civi
156 2155 237 2224 Trag.
257 2153 362 2208 sindico
381 2161 409 2208 et
427 2155 596 2224 procuratori
622 2156 775 2209 communis
800 2156 913 2224 Tragnr.
933 2172 962 2209 se
980 2155 1116 2209 iacturum
1135 2155 1236 2221 taliter,
1255 2155 1330 2226 qnod

81 2243 106 2295 si
128 2242 232 2296 dictum
252 2259 398 2296 commune
417 2243 543 2296 inciderit
561 2242 588 2296 in
609 2241 710 2295 dictam
734 2259 852 2312 poenam
870 2245 940 2296 3000
958 2243 1097 2306 librarum,
1112 2243 1171 2313 ipse
1184 2244 1332 2313 compellet

84 2330 150 2382 iilos
176 2329 222 2398 qui
248 2327 469 2384 contraveneriut
492 2329 527 2383 ad
547 2329 669 2384 dandum
695 2329 769 2385 dicto
798 2331 935 2386 communi
962 2329 1064 2384 dictam
1088 2331 1279 2400 quantitatem,
1304 2339 1331 2386 et

83 2417 161 2486 quod
180 2417 240 2486 ipse
259 2417 363 2472 dictum
384 2434 530 2472 commune
554 2418 726 2472 conservabit
750 2436 766 2472 a
790 2419 928 2472 solatione
951 2419 1063 2488 penitus
1086 2424 1114 2473 et
1139 2419 1197 2473 sina
1222 2418 1332 2485 damno,

82 2506 208 2574 alioqum
228 2504 319 2559 (lictus
338 2522 430 2559 comes
450 2509 576 2576 promisit
600 2507 634 2560 de
662 2523 713 2560 suo
741 2505 851 2576 proprio
876 2507 981 2560 solvere
1010 2506 1113 2560 dictam
1139 2507 1331 2576 quantitatem.

82 2595 188 2647 Actum
208 2592 236 2645 in
255 2599 344 2647 castro
364 2591 456 2647 Glissii
480 2595 509 2647 in
537 2594 619 2648 domo
648 2595 673 2648 d.
693 2595 800 2648 consitis
827 2593 949 2662 Georgii,
975 2593 1165 2664 praesentibus
1191 2593 1331 2649 Radoslao

81 2681 152 2734 olim
170 2681 334 2750 Domognaa
353 2681 387 2735 de
405 2681 519 2736 Policia.
539 2681 648 2735 Comite
673 2681 800 2748 Slavano,
826 2679 982 2736 Stanislavo
1008 2681 1042 2736 de
1066 2681 1183 2736 Bribirio
1212 2683 1331 2736 servien-

83 2769 161 2822 tibus
180 2769 304 2824 eiusdem
322 2771 432 2823 (remitis
451 2776 478 2823 et
497 2770 629 2838 magistro
648 2770 807 2823 Benvenuto
832 2769 940 2823 medico
965 2767 1088 2822 eiusdem
1114 2768 1188 2823 dom.
1214 2771 1329 2824 comitis.

83 2858 213 2911 Stroutus
232 2857 305 2911 Petri
326 2857 360 2912 de
379 2858 496 2910 Ancona
513 2858 635 2910 notarius
652 2857 770 2926 scripsit.

140 2945 263 2998 Liuias:
281 2945 363 2998 illem.
384 2945 414 2996 di
436 2945 511 2996 'l'roa
530 2961 555 3014 p.
576 2947 634 2997 123.

142 3121 322 3176 bIDXLVII.
341 3122 451 3178 dadraa
479 3123 554 3174 1294.
573 3125 596 3173 9.
617 3120 734 3190 Aprilis.
754 3119 863 3174 Nobilis
881 3121 921 3173 vir
940 3120 966 3173 d.
985 3121 1132 3174 Mathaeus
1157 3121 1234 3174 Lucii
1264 3123 1329 3176 civis

86 3209 214 3278 Tragurii
238 3208 377 3278 syndicus,
397 3217 485 3262 rector
503 3215 531 3261 et
549 3215 710 3278 procurator
728 3208 828 3262 nobilis
851 3208 898 3261 viri
927 3208 952 3262 d.
977 3208 1132 3278 Phylipuzii
1157 3209 1270 3278 Rogerii
1295 3208 1329 3262 de

86 3295 202 3352 Todinis
222 3296 288 3350 civis
307 3297 446 3362 Anconae,
464 3297 609 3366 potestatis
629 3297 782 3350 eommunis
800 3296 934 3364 Tragurii,
952 3297 1063 3350 nomlne
1082 3305 1108 3350 et
1127 3298 1186 3350 vice
1205 3296 1328 3350 eiusdem

90 3393 119 3438 et
138 3385 299 3438 communis.
323 3383 394 3438 Item
421 3384 546 3438 Marinus
570 3383 710 3438 Dorbinae
734 3383 825 3450 iudex,
851 3385 917 3438 civis
945 3383 1130 3437 Sibenieensis
1155 3384 1277 3438 sindicus
1302 3391 1330 3439 et

85 3477 249 3542 procurator
267 3470 378 3540 Georgii
396 3471 502 3540 Jurisig
522 3471 555 3524 de
575 3471 676 3524 lierber
694 3473 838 3540 potestatis
855 3471 1047 3536 Sibcnicensis,
1061 3469 1200 3524 Milobratl
1219 3472 1328 3542 Drugo·

83 3559 135 3623 zai,
164 3557 243 3612 Elias
268 3559 435 3629 Dragovani,
461 3557 570 3612 Marsae
598 3558 723 3628 Gregorii
747 3563 775 3612 et
797 3559 898 3611 Marini
923 3557 1063 3612 Drobinae
1087 3557 1214 3626 judicum
1240 3566 1328 3614 terrae

88 3647 284 3714 Sibenicensis,
304 3648 416 3700 nomine
441 3655 468 3700 et
490 3647 548 3700 vice
574 3645 708 3699 dictorum
735 3653 762 3698 et
788 3645 991 3698 communitatis
1011 3643 1102 3698 Siben.
1128 3645 1198 3698 Item
1224 3644 1249 3698 d.
1274 3645 1328 3700 Lu-

83 3735 176 3788 batius
194 3734 278 3788 ludex
297 3735 364 3788 civis
383 3733 581 3788 Scardonensis
600 3732 722 3786 sindicus
741 3740 768 3787 et
787 3739 948 3802 procurator
973 3732 1147 3787 dominorum
1172 3731 1255 3793 l’ribi,
1275 3731 1327 3786 Bo·

82 3822 142 3876 sani
163 3831 189 3876 et
208 3821 322 3876 Berizlal
348 3823 480 3887 iudicum,
505 3821 611 3875 consilii
636 3827 664 3875 et
688 3821 843 3875 communis
871 3819 1068 3874 Scardonensls
1093 3821 1151 3873 vIce
1171 3826 1199 3873 et
1217 3822 1327 3874 nomine

82 3910 169 3963 totius
197 3910 401 3963 communitatis
426 3908 637 3977 Scardonensis,
662 3909 819 3978 obligarunt
845 3925 873 3962 se
898 3909 926 3962 in
951 3909 1028 3962 libris
1051 3909 1120 3960 3000
1144 3908 1219 3961 mille
1244 3909 1322 3977 quin·

80 3998 174 4068 gentis
193 3996 367 4050 denariorum
387 4013 533 4066 parvorum
554 3999 651 4053 Venet.
671 4016 700 4052 aa
719 3997 841 4051 facturos
861 4003 888 4050 et
911 4005 1062 4060 curaturos,
1086 3995 1160 4064 quod
1186 3996 1325 4065 Georgius

82 4101 177 4140 comes
190 4085 376 4139 Breberiensis
396 4093 453 4140 tam
472 4104 522 4139 stro
541 4103 623 4154 quam
636 4103 747 4140 suorum
762 4084 906 4138 hominum
919 4086 1030 4138 nontine
1043 4099 1127 4151 squam
1142 4091 1170 4136 et
1183 4083 1325 4136 hominum

80 4174 196 4228 Almissi
218 4173 322 4226 firmam
343 4190 440 4242 pacem
460 4173 561 4226 tenebit
581 4189 643 4226 cum
663 4173 783 4241 Rogerio
803 4173 971 4226 Mauros-eno
990 4170 1090 4222 comite
1109 4169 1237 4224 Jadrensi
1264 4171 1323 4222 vice

80 4271 110 4316 et
130 4261 241 4315 nornine
261 4261 339 4314 drrcls
358 4261 547 4315 Venetiarum.
566 4263 669 4314 Actum
689 4277 780 4314 coram
800 4261 917 4315 testibus
937 4258 1055 4311 dominis
1074 4257 1173 4310 Barclri
1194 4255 1326 4320 Saladini,

78 4349 256 4419 Lampredae
275 4349 415 4412 Zenalelli‚
435 4347 546 4400 Andrea
564 4349 597 4401 de
617 4349 720 4413 Gaude,
734 4349 870 4403 Damiano
889 4347 923 4399 dc
943 4345 1033 4408 Nasci,
1053 4352 1081 4398 et
1100 4345 1191 4398 Blasio
1204 4345 1238 4398 de
1252 4343 1325 4412 Sope

81 4438 190 4493 civibus
210 4435 401 4490 Jadrensibus.
421 4436 558 4488 Antonius
577 4435 716 4503 quondam
743 4433 896 4487 Rolanduci
916 4432 950 4485 de
970 4432 1095 4484 Bononia
1119 4431 1202 4485 iudex
1226 4438 1253 4484 et
1277 4447 1325 4483 no·

79 4525 170 4581 tarius
188 4523 304 4593 scripsit.

137 4629 353 4696 0111010Μο0.
373 4632 396 4680 1.
411 4643 441 4694 p.
461 4629 518 4680 itai.
