3480 5356
337 477 402 543 350
837 501 857 542 r.
877 487 1074 561 summouere,

337 665 467 720 frumenti
486 665 591 736 accepti
611 679 660 736 per
677 644 877 718 Abserinos'et
894 660 1037 731 Kersino's,
1049 664 1078 717 in
1091 663 1166 718 omni
1180 663 1243 720 loco
1256 667 1283 718 et
1294 679 1387 720 coram
1399 680 1576 736 quocumque

336 753 438 826 judice.
457 751 585 824 Filippus
603 751 638 808 de
657 750 803 806 Mentssco
821 751 970 822 imperialis
988 751 1113 808 notarius
1131 751 1248 822 scripsit

392 840 504 910 Ljasbs'c:
523 840 599 895 Mon.
618 841 641 895 Ι.
661 842 719 892 211.

389 979 643 1039 MGLXXXVIII.
662 981 771 1038 Budas.
793 983 874 1038 1276.
893 984 936 1038 25.
954 981 1110 1036 Februarii.
1136 981 1283 1037 Mathaeua
1306 980 1439 1051 magister
1456 981 1574 1036 tasmni·

336 1089 432 1128 corum
450 1071 531 1140 regis,
549 1085 643 1124 eomes
664 1067 838 1139 posoniensis
855 1071 884 1122 et
901 1067 936 1123 de
954 1068 1063 1124 Barana
1087 1067 1230 1138 significat,
1253 1067 1329 1138 quod
1351 1068 1483 1138 magister
1506 1067 1574 1124 Hsb

335 1163 472 1231 cognatus
490 1157 551 1212 eiua
569 1161 597 1211 et
614 1155 728 1210 nuntius
747 1155 832 1226 patris
850 1154 1016 1226 Thymothei
1034 1155 1157 1228 episcopi
1182 1155 1308 1226 Zagrab,
1332 1157 1444 1210 nomine
1467 1157 1528 1211 eiua
1545 1162 1575 1214 et

336 1247 450 1318 capituli
469 1243 654 1316 supplicasset
671 1243 711 1309 ei,
736 1258 820 1314 super
845 1242 919 1298 factb
943 1243 1076 1299 collectae
1100 1247 1206 1313 septem
1231 1241 1406 1298 denariorum
1430 1242 1573 1299 banstinm

335 1352 370 1390 ex
388 1341 467 1408 parts
486 1331 653 1405 populorum
672 1329 794 1402 episcopi
812 1334 840 1386 et
857 1331 970 1402 capituli
995 1331 1228 1402 provenientium
1245 1329 1347 1402 quibus
1365 1331 1496 1402 inspectis
1514 1348 1572 1388 ces·

335 1423 406 1478 savit
424 1421 535 1493 penitus
555 1417 589 1474 ab
608 1416 751 1473 exactione
768 1415 858 1473 dictae
881 1417 1021 1474 collectae

391 1525 516 1582 nusae:
533 1523 610 1580 asoa.
628 1522 691 1578 asc.
713 1521 741 1575 r.
760 1525 783 1576 r.
798 1537 828 1591 p.
848 1525 907 1578 sss.

388 1664 612 1722 MOLXXXIX.
631 1665 668 1718 la
685 1663 787 1720 vasca.
806 1667 886 1716 1276.
906 1666 943 1718 12.
962 1663 1070 1719 Martii.
1088 1662 1237 1720 Ladialsus
1255 1661 1308 1720 IV.
1321 1680 1370 1720 rex
1384 1665 1479 1722 scribit
1495 1665 1570 1722 iden·

334 1753 421 1812 tidem
442 1753 564 1810 Johanni
589 1750 662 1808 bano
686 1751 771 1806 totius
796 1749 950 1818 Slasonise,
975 1750 998 1805 si
1023 1751 1083 1806 eius
1107 1752 1192 1806 sitam
1214 1752 1274 1807 vult
1291 1757 1319 1808 et
1336 1753 1447 1808 affectet
1470 1759 1501 1809 ut
1522 1770 1572 1826 per

336 1843 428 1914 operis
457 1838 623 1896 evidentiam
651 1837 788 1905 ostendat,
812 1836 983 1893 restituendo
1007 1843 1108 1892 terram
1132 1839 1260 1895 Tornasa
1284 1841 1416 1910 magistro
1441 1840 1575 1912 Gerardo,

334 1943 391 1986 non
403 1928 533 1986 obstante
545 1926 662 1981 alicnim
679 1925 859 1996 suggestione
870 1925 913 1980 sel
926 1924 1152 1993 contradictione,
1166 1927 1238 1982 sicut
1250 1927 1322 1998 regia
1334 1927 1427 1996 utam,
1440 1935 1510 1985 teste
1522 1929 1576 1986 deo

336 2018 473 2073 siceram
492 2019 696 2086 praeservatam
720 2012 779 2068 fore
804 2011 944 2068 desiderat
961 2018 990 2067 et
1006 2013 1113 2084 integre
1136 2019 1335 2082 conservatam,
1358 2031 1423 2070 nam
1448 2017 1471 2070 ai
1496 2032 1577 2072 secus

334 2104 437 2174 feeerit,
464 2101 534 2160 sorte
552 2107 663 2172 tempus
682 2106 756 2156 esset
774 2105 801 2155 ct
818 2099 897 2155 locus
915 2099 990 2170 quod
1009 2100 1104 2157 multis
1123 2101 1347 2172 possessionibus
1363 2101 1417 2159 hoc
1429 2103 1576 2159 emendare

335 2209 392 2248 uon
410 2190 508 2263 possit,
526 2205 592 2244 nam
610 2205 661 2244 nec
679 2188 829 2260 quisquam
846 2187 944 2243 melior
963 2187 1095 2257 medicus,
1115 2205 1199 2259 quam
1217 2188 1290 2246 fidus
1307 2190 1421 2245 amicus.
1434 2189 1493 2247 Nec
1511 2208 1576 2248 con-

231 2289 237 2303 ·
334 2277 436 2335 siderei
454 2277 649 2333 necessitatem
673 2277 763 2343 castri,
782 2274 831 2331 sed
849 2275 1044 2331 necessitatem
1068 2278 1150 2347 regis,
1172 2293 1257 2347 qnam
1275 2283 1429 2349 praeponat
1446 2280 1576 2334 omnibus

334 2364 567 2438 possessionibus,
585 2364 673 2431 terris,
692 2379 761 2420 auro
779 2368 808 2418 et
825 2369 949 2433 argento.

388 2453 511 2510 stam:
529 2453 603 2508 Mon.
622 2452 685 2507 lts'at.
707 2453 736 2506 T.
756 2454 778 2508 1.
795 2467 823 2522 p.
845 2455 905 2508 182.

387 2593 506 2650 MOXO.
525 2593 674 2652 Latonam.
693 2596 772 2650 127⁶.
792 2596 816 2649 4.
835 2592 918 2648 Mais.
945 2592 1124 2648 Innocentius
1144 2591 1179 2647 V.
1199 2609 1274 2665 papa
1291 2592 1327 2648 ad
1345 2594 1505 2666 petitionem
1524 2599 1575 2653 (to-

333 2683 457 2738 lnmbani
476 2681 601 2754 episcopi
618 2680 810 2751 Tragurienais
828 2679 988 2736 infirmitate
1005 2684 1033 2734 et
1051 2684 1192 2736 senectute
1210 2680 1340 2736 labefacti
1358 2683 1457 2737 annuit
1469 2687 1501 2737 ut
1512 2683 1574 2738 osli·

334 2771 408 2826 cium
432 2775 460 2826 et
485 2769 648 2840 dignitatem
668 2785 747 2825 suam
771 2767 909 2840 deponere
934 2772 962 2824 et
984 2767 1046 2824 loeo
1071 2768 1131 2823 cius
1154 2768 1225 2824 alter
1251 2783 1395 2824 successor
1422 2770 1482 2824 eius
1500 2770 1575 2841 elligi

334 2860 431 2931 possit.
450 2856 485 2912 In
503 2857 578 2912 hunc
596 2872 661 2912 sero
680 2856 763 2925 elegit
779 2856 840 2926 ipae
861 2871 936 2927 pape
959 2853 1117 2910 Johannem
1141 2857 1330 2927 praepositum
1349 2855 1384 2912 de
1402 2855 1577 2928 Glogcsniza

333 2945 529 3017 Zagrabiensis
546 2944 665 3002 diocesis
690 2949 718 3000 et
741 2944 905 2998 canonicum
927 2927 1199 3012 Jeross'slomitanum,
1222 2943 1393 3015 mandatque
1410 2946 1484 3002 clero
1507 2945 1575 3001 Tra·

333 3033 457 3105 curiensi
476 3039 508 3088 nt
525 3049 589 3088 enm
606 3036 762 3088 reverenter
780 3031 921 3102 suscipiat.

385 3121 519 3178 Forlots':
538 3121 610 3176 nter.
628 3135 699 3176 socr.
719 3119 749 3174 Τ.
767 3117 818 3174 IV.
836 3135 864 3188 p.
884 3122 945 3174 357.

388 3261 523 3318 MOXOI.
542 3266 618 3319 1276.
644 3265 668 3317 t.
694 3261 777 3316 Maii.
796 3259 958 3331 Capitulum
982 3257 1170 3330 Zegrabiense
1192 3258 1322 3314 testificat
1346 3263 1487 3331 peractam
1511 3277 1574 3318 esee

332 3355 459 3406 mutuam
477 3349 688 3405 conventionem
709 3347 779 3404 iuter
803 3346 966 3402 Mathaeum
989 3337 1119 3402 abbatem
1146 3347 1339 3418 Topliceneem
1366 3353 1394 3403 et
1421 3348 1575 3404 Martinam

332 3438 421 3494 filium
439 3438 547 3494 comitis
565 3435 669 3492 Hirinlr
687 3435 741 3490 fine
760 3433 958 3492 servandorum
977 3450 1027 3506 per
1043 3435 1201 3491 nominatos
1220 3434 1338 3492 arbitros
1351 3435 1575 3506 specificatorum

332 3527 454 3582 limitum
471 3527 542 3581 inter
560 3524 763 3596 possessionem
781 3522 949 3579 abbatialem
967 3523 1124 3578 Pouuetnia
1142 3529 1169 3578 et
1186 3523 1294 3580 comitis
1313 3522 1417 3580 Jaruel.

387 3632 432 3686 Ec
449 3629 557 3686 simus
572 3628 786 3700 prioikps‘orum
804 3629 980 3698 eps'ecopotas
998 3627 1119 3698 Zaerot.
1137 3627 1174 3683 In
1191 3628 1305 3684 cretico
1329 3628 1427 3684 clocca.
1451 3627 1573 3698 lucrat.

336 3717 580 3778 Mmmffl

385 3857 694 3915 mosomenses.
719 3860 800 3913 1276.
824 3861 848 3914 2.
873 3857 965 3913 ans's'.
990 3857 1057 3912 Fuit
1080 3862 1163 3928 capta
1188 3874 1251 3929 pars
1273 3858 1301 3912 iu
1325 3857 1423 3912 maiori
1446 3857 1572 3924 consilio,

332 3944 408 4018 quod
426 3962 491 4002 cum
507 3946 536 4000 in
554 3945 748 4002 commissione
763 3945 872 4000 comitis
884 3944 1000 4015 Ragusii
1013 3945 1196 4013 contineatur,
1208 3944 1284 4015 quod
1296 3961 1346 4016 per
1357 3950 1448 4000 totum
1459 3950 1572 4016 tempus

333 4051 417 4090 suum
434 4049 491 4088 non
509 4033 599 4105 possit
616 4033 692 4089 exire
709 4030 744 4087 de
762 4031 896 4102 Rugosio,
909 4033 983 4104 quod
1003 4033 1129 4102 addatur,
1148 4033 1171 4088 ai
1190 4034 1215 4089 ei
1233 4049 1315 4088 casus
1330 4038 1479 4102 occureret,
1494 4031 1571 4104 quod

334 4121 424 4194 possit
447 4121 486 4175 ire
511 4119 547 4176 ad
566 4120 767 4192 parlamentum
786 4125 864 4175 extra
888 4119 1042 4176 districtum
1066 4120 1183 4192 Bagusii
1201 4137 1251 4192 pro
1270 4120 1350 4177 sactis
1367 4120 1459 4178 dictae
1481 4126 1571 4176 terrae

331 4209 466 4280 quociens
483 4223 565 4266 casus
583 4208 699 4276 eveniet,
718 4211 746 4262 et
764 4213 836 4264 stare
856 4209 879 4263 si
897 4208 922 4264 ei
941 4207 1077 4264 videbitur
1095 4225 1144 4280 per
1161 4213 1225 4265 octo
1244 4205 1310 4264 dies.

383 4295 498 4365 Ia'uts't:
518 4296 596 4350 Mon.
615 4295 640 4349 1.
659 4311 686 4363 p.
705 4298 765 4348 112.

385 4434 551 4492 nexem.
570 4439 651 4491 zeta.
668 4439 711 4492 20.
730 4435 859 4506 depasti.
885 4435 1045 4508 Capitulum
1072 4437 1203 4494 ccclesiae
1221 4438 1296 4494 beati
1313 4437 1421 4494 Irenaei
1439 4436 1570 4504 declarat,

332 4523 408 4596 quod
427 4523 537 4594 Agatha
554 4523 650 4578 relicta
667 4522 809 4578 Laurentii
828 4522 877 4578 filii
895 4523 992 4595 Spanlr
1004 4524 1040 4580 de
1052 4525 1162 4596 Syrmia
1180 4543 1236 4582 una
1253 4541 1317 4583 cnm
1335 4526 1461 4581 filiasue
1480 4525 1571 4580 Maris

333 4611 462 4668 confessa
480 4611 522 4679 sit,
541 4609 699 4680 quodcum
717 4610 860 4666 voluntate
880 4611 957 4680 regia
974 4617 1076 4669 terram
1093 4615 1184 4670 mariti
1203 4615 1245 4670 sui
1263 4614 1415 4684 Laurentii,
1433 4613 1571 4670 Solomun

332 4701 467 4765 vocatam,
486 4697 514 4752 in
532 4697 666 4754 comitatu
684 4697 844 4770 Syrmiensi,
863 4703 1007 4768 tamquam
1026 4702 1085 4757 sine
1103 4701 1222 4758 haerede
1233 4701 1357 4759 defuncti
1375 4701 1456 4774 Regk
1473 4701 1572 4758 curiali

334 4785 429 4843 comiti
446 4783 598 4857 syrmiensi
617 4785 771 4855 contulerit,
796 4789 824 4841 et
848 4785 883 4842 de
907 4794 1007 4857 quarta
1030 4791 1109 4862 parte
1132 4789 1206 4845 dotia
1230 4789 1303 4845 filiae
1325 4806 1393 4846 suae
1417 4787 1571 4848 secundum
