3464 5382
660 344 803 388 anonam.
1313 324 1353 384 93

119 511 416 584 quinqueecclesieusis
441 511 572 565 ecclesiae
594 515 783 573 commetstur,
808 507 954 562 stabilio
977 507 1081 562 fluento
1099 507 1243 578 Lysniche,
1267 513 1354 561 totam

117 599 265 656 circuando
284 600 432 668 Posogam,
458 603 485 652 et
503 597 538 652 ad
558 597 873 668 quinqueecolesiensem
891 595 1031 665 dyocesim
1049 593 1194 664 rogitando
1212 593 1355 648 revertitur

116 687 230 742 directio
248 685 284 740 ad
302 692 405 742 metam
423 701 473 740 seu
492 685 639 740 terminum
657 700 741 754 super
759 683 882 737 Dravam
900 699 934 736 ex
953 681 1083 751 opposito
1093 679 1167 734 fluvii
1181 679 1261 736 Olma
1273 679 1355 746 dicto,

115 775 163 844 qui
182 773 217 828 de
236 778 315 844 parte
334 772 551 843 septemtrionali
570 771 598 826 in
618 770 737 826 eundem
755 770 865 824 Drauso
883 769 997 824 fluvium
1014 767 1116 822 cadens
1128 767 1164 822 ab
1177 783 1278 822 occasu
1289 767 1356 822 solis

116 860 434 932 quinqueecclesiensem
453 859 595 914 eeclesiam
615 875 631 912 a
650 857 858 928 Wesprimiensi
877 856 991 910 ecclesia
1009 853 1144 908 metaliter
1161 851 1265 908 dividit.

167 947 264 1016 Fere:
285 947 349 1002 coa.
368 945 446 1014 Dipi.
468 945 496 999 Τ.
515 945 570 1000 111.
588 943 639 1000 vol.
659 945 708 1012 11„
725 961 753 1014 p.
771 948 831 1000 422.

168 1103 355 1158 CCCXXIII.
384 1106 418 1157 A.
438 1107 513 1156 1235.
541 1103 701 1174 Stephanus
719 1104 867 1173 episcopus
894 1101 1079 1170 zagrabiensis
1098 1105 1253 1164 attestatur,
1280 1095 1355 1167 quod

115 1191 249 1260 magister
266 1190 436 1257 Paugracius
454 1195 551 1244 cantor
568 1207 639 1260 sagr.
656 1195 754 1260 utpote
766 1191 807 1243 vir
819 1188 969 1258 spiritualis
982 1195 1010 1242 et
1021 1188 1105 1242 homo
1117 1187 1203 1241 totius
1216 1185 1355 1254 religionis

114 1277 321 1342 ethonestatis,
340 1275 492 1345 quamdam
509 1283 611 1331 terram
630 1275 723 1346 Crogh
742 1277 770 1330 in
788 1275 959 1345 zagrabiensi
978 1274 1121 1340 territorio,
1140 1289 1212 1342 quse
1230 1270 1266 1325 ad
1284 1270 1355 1340 epis·

115 1363 178 1434 copi
197 1368 288 1416 aratra
306 1363 468 1432 pertinebat,
487 1361 522 1417 de
540 1379 597 1432 qua
615 1362 837 1432 frequentissima
849 1359 986 1416 discordis
998 1359 1137 1414 oriebatur
1149 1360 1220 1412 inter
1232 1355 1355 1428 episcopi

117 1449 251 1503 familiam
269 1455 296 1503 et
314 1450 474 1519 capitulum,
494 1467 544 1520 pro
563 1451 597 1504 30
614 1449 714 1504 marcis
732 1449 767 1502 ab
786 1465 819 1503 eo
838 1448 941 1514 emerit,
960 1453 987 1502 et
1004 1445 1127 1516 capitulo
1145 1449 1279 1516 perpetuo
1293 1458 1355 1513 pos-

117 1535 263 1590 sidendam
281 1535 432 1590 tradiderit.
452 1535 505 1590 Cui
523 1535 562 1590 rei
580 1535 728 1607 episcopus
747 1552 829 1590 suum
847 1550 991 1589 assensum
1009 1532 1130 1604 praebet

173 1623 303 1676 Praise:
322 1627 401 1676 Mon.
420 1623 501 1692 episc.
519 1639 594 1694 supr.
615 1625 644 1692 1.,
662 1639 689 1692 p.
712 1627 753 1676 75.
772 1621 902 1677 Forloti:
920 1621 1003 1690 lllyr.
1024 1621 1052 1674 Τ.
1076 1617 1115 1688 V„
1132 1635 1160 1688 p.
1179 1620 1241 1670 367.

169 1775 357 1832 (cccxxiv.
376 1780 409 1832 A.
423 1782 502 1833 1235.
522 1778 681 1850 Stephanus
691 1780 838 1850 episcopus
847 1777 1041 1848 zagrabiensis,
1060 1773 1238 1830 considerans
1250 1773 1294 1827 sui
1311 1790 1355 1828 ca·

117 1863 198 1934 pituli
218 1864 331 1918 nimiam
350 1871 541 1937 paupertatem
559 1874 586 1920 et
604 1867 734 1936 inopiam,
753 1865 878 1922 videlicet
896 1864 971 1936 quod
990 1862 1182 1931 unusquisque
1194 1859 1308 1914 fratrum
1326 1860 1354 1914 in

114 1948 267 2004 redditibus
295 1968 350 2005 non
369 1953 457 2021 possit
479 1953 580 2006 habere
599 1953 661 2024 plus
680 1953 707 2006 in
726 1970 800 2007 anno
823 1953 875 2007 nisi
899 1953 994 2006 valeus
1017 1965 1140 2004 marcam
1158 1953 1185 2002 et
1202 1946 1354 2012 dimidium,

114 2037 292 2106 episcopatus
311 2040 599 2110 autemetepiscopus
617 2039 771 2094 abundaret
789 2041 817 2094 in
835 2039 964 2094 omnibus
983 2037 1071 2102 bouis,
1090 2035 1125 2089 de
1137 2032 1262 2089 eiusdem
1274 2033 1354 2087 bouis

115 2122 200 2177 donat
226 2124 349 2193 capitulo
375 2125 506 2180 terrulam
533 2125 682 2194 qnamdam
709 2126 744 2181 de
762 2126 902 2195 Podgorja
920 2141 984 2180 cum
1002 2123 1113 2194 populis
1140 2122 1206 2188 suis,
1233 2119 1354 2186 decimis,

114 2209 272 2264 marturinis
291 2215 319 2265 et
342 2211 471 2266 omnibus
498 2213 676 2281 pertiuentiis,
705 2213 764 2268 solo
782 2213 835 2267 hoc
862 2212 972 2266 servitio
998 2214 1113 2274 retento,
1140 2205 1216 2276 quod
1238 2205 1355 2274 singulis

114 2297 202 2362 annis,
222 2297 293 2350 sicut
311 2313 346 2352 ex
364 2299 478 2366 antiqua
504 2299 702 2354 consuetudine
729 2305 865 2366 tenentur,
896 2299 931 2352 ad
959 2296 1193 2352 consecrationem
1220 2291 1355 2346 crismatis

113 2389 208 2436 emant
225 2383 318 2438 oleum
337 2401 388 2454 pro
405 2383 519 2440 dimidia
540 2403 640 2452 marca,
660 2393 687 2441 et
699 2385 844 2457 deportent
866 2385 910 2440 die
930 2384 1015 2438 ramis
1027 2382 1181 2454 palmarum
1194 2378 1353 2448 Zagrabiae.

114 2469 234 2540 Insuper
246 2469 333 2524 donat
345 2469 466 2524 decimas
479 2473 626 2526 comitatus
637 2473 673 2526 de
685 2473 832 2543 Podgorja,
845 2474 967 2526 valentes
980 2469 1122 2525 annuatim
1135 2465 1229 2521 decem
1239 2481 1354 2519 marcas.

114 2555 151 2608 Et
176 2555 248 2610 hanc
273 2555 452 2612 donationem
479 2559 596 2614 contulit
622 2560 744 2631 capitulo
772 2560 931 2630 praesertim
955 2557 1026 2624 ideo,
1054 2572 1117 2611 cum
1144 2553 1217 2608 idem
1241 2553 1356 2606 iuvisset

114 2659 179 2696 eum
197 2641 265 2696 dum
289 2643 427 2700 laboraret
445 2645 473 2698 in
491 2646 567 2700 ouria
584 2663 699 2700 romana
719 2665 768 2718 pro
787 2644 965 2701 deliberanda
984 2643 1100 2700 ecclesia
1118 2647 1213 2696 contra
1225 2639 1354 2694 abbatem

110 2729 140 2784 S,
160 2727 272 2783 Martini
290 2729 318 2784 in
339 2732 389 2784 120
406 2731 506 2785 mareis
523 2733 637 2802 argenti.

167 2815 298 2870 Pkoldic':
316 2817 395 2872 Mon.
414 2818 495 2886 episc.
512 2834 588 2889 ropr.
607 2820 641 2888 1.,
655 2835 686 2888 p.
708 2823 749 2872 75.

166 2969 336 3026 GCCXXV.
362 2974 396 3026 A.
416 2976 493 3030 1235.
519 2974 670 3044 Gregorius
689 2975 861 3046 Spalatensis
880 2981 907 3029 et
920 2973 1099 3028 Sibiniocusis
1117 2987 1218 3034 comes,
1236 2969 1353 3040 judices,

110 3057 261 3112 consiliarii
280 3065 309 3112 et
326 3059 447 3129 populus
466 3061 591 3128 civitatis,
611 3063 706 3116 amicis
726 3063 783 3116 suis
802 3069 829 3116 et
847 3061 971 3131 cognatis
984 3059 1106 3114 Johsnni
1117 3056 1249 3112 Dandulo
1261 3055 1354 3110 comiti

1 3142 2 3147 ’
109 3151 139 3198 et
158 3144 286 3198 universo
305 3145 420 3200 consilio
439 3147 555 3201 civitatis
574 3149 741 3218 Ragusinae,
760 3147 891 3214 scribunt,
910 3145 985 3218 quod
1004 3161 1139 3200 memores
1159 3160 1219 3198 esse
1240 3141 1353 3197 credant

109 3248 160 3285 eos
179 3247 304 3300 gilerme,
321 3248 394 3300 quae
412 3232 464 3286 fuit
475 3234 544 3287 inter
554 3250 602 3288 eos
611 3241 639 3288 et
648 3235 776 3288 comitem
785 3235 906 3296 Petrum,
926 3251 1008 3303 quem
1027 3233 1094 3287 nihil
1111 3231 1147 3286 de
1162 3231 1245 3285 rebus
1257 3245 1352 3283 eorum

111 3333 199 3388 penes
218 3333 248 3371 se
265 3317 368 3372 habere
386 3320 540 3384 voluerunt,
559 3327 586 3373 et
605 3321 698 3375 omnia
717 3338 908 3390 quaecumque
927 3325 1005 3374 erant
1023 3335 1118 3374 eorum
1128 3316 1352 3388 (Ragusiuonrm)

109 3405 139 3456 in
158 3403 257 3456 insulis
275 3411 303 3458 et
321 3405 348 3456 in
367 3403 492 3459 districtu
512 3406 588 3460 salva
606 3412 699 3460 essent
717 3405 792 3476 apud
811 3423 867 3472 eos,
886 3407 951 3475 quia
971 3405 1082 3460 inimico
1095 3421 1147 3458 suo
1165 3403 1258 3458 comiti
1269 3401 1353 3456 Petro

108 3491 137 3542 in
157 3489 295 3556 omnibus,
314 3491 342 3543 in
361 3491 461 3560 quibus
481 3497 629 3562 potuerant
647 3491 794 3559 offendere,
813 3511 867 3548 nou
888 3497 1010 3562 parcant,
1029 3491 1077 3546 sed
1097 3507 1140 3544 res
1158 3505 1262 3555 corum,
1281 3503 1353 3556 quae

108 3574 221 3630 oblatae
239 3575 359 3642 dierunt,
385 3578 477 3631 statim
505 3595 602 3633 omnes
626 3578 812 3645 reddiderunt,
837 3579 913 3649 quod
936 3580 1018 3632 etiarn
1045 3577 1164 3632 vicissim
1182 3575 1217 3630 de
1236 3574 1288 3628 illis
1307 3589 1353 3643 pe·

1 3707 16 3724 ,,
108 3669 179 3715 tunt
201 3661 281 3728 Quod
301 3668 454 3731 queruntur
472 3663 506 3718 de
524 3665 635 3721 inimico
654 3683 725 3736 rege,
745 3667 824 3722 valde
836 3665 1006 3735 gaudebunt,
1026 3665 1048 3718 si
1067 3665 1091 3718 ei
1110 3663 1236 3717 resistere
1255 3667 1353 3730 potue·

107 3747 170 3802 rint
200 3747 317 3802 Mittunt
334 3748 493 3804 Johsnnem
513 3750 637 3819 judicem
661 3769 725 3806 cum
748 3752 861 3808 domino
881 3752 1002 3818 Caretta,
1028 3751 1072 3806 cui
1091 3757 1155 3804 sunt
1173 3765 1216 3803 ree
1235 3747 1352 3812 ablatae,

108 3841 136 3887 et
155 3841 255 3902 rogant
273 3841 305 3889 ut
322 3851 387 3889 eum
407 3835 525 3906 benigne
544 3837 684 3908 recipiant.

169 3919 288 3974 Wenrrl:
314 3922 406 3976 Godea
423 3923 503 3991 Dipl.
522 3924 630 3990 Arpod.
650 3925 710 3992 XL,
725 3941 756 3993 p.
776 3929 838 3979 276.

161 4057 347 4112 cccxxvi
375 4059 456 4114 Circo
476 4077 501 4114 a.
521 4065 701 4118 1216-1235.
726 4063 875 4118 Thadaeus
893 4065 991 4119 Urbini
1016 4071 1044 4120 et
1062 4063 1231 4118 Monteieltri
1258 4075 1350 4114 comcs

107 4153 133 4197 et
152 4161 228 4199 nunc
247 4145 396 4200 &vennae
414 4153 442 4201 et
461 4147 575 4202 Cerviae
594 4155 717 4219 potestas
737 4153 935 4206 cumconsilio
954 4160 981 4206 et
999 4152 1138 4208 communi
1157 4151 1284 4204 civitatus
1297 4146 1350 4200 Ra·

2 4303 6 4308 *
108 4247 222 4298 vennae,
242 4231 359 4286 audiens
377 4250 427 4302 per
444 4235 573 4288 nuntium
591 4253 763 4305 ragusanum
785 4237 927 4292 dominum
945 4238 980 4292 de
999 4239 1144 4305 Balislava,
1164 4237 1238 4307 quod
1258 4237 1351 4305 Ragn-

108 4317 168 4370 sani
187 4317 273 4372 velint
291 4317 380 4372 facere
397 4325 510 4390 pactum
529 4322 665 4377 amicitias
684 4340 747 4377 cum
766 4324 943 4391 Ravennatis,
966 4327 1103 4379 consentit
1121 4325 1148 4378 in
1166 4325 1219 4378 hoc
1238 4329 1350 4393 pactum

107 4409 134 4456 et
151 4401 201 4457 dat
219 4403 273 4457 illis
291 4405 465 4460 securitatem
484 4407 568 4484 eundi
586 4415 614 4463 et
632 4410 765 4464 redeundi
785 4429 834 4480 per
852 4412 965 4465 forciam
985 4417 1013 4465 et
1031 4410 1181 4465 districtcur
1200 4410 1349 4464 Ravennae

108 4505 156 4558 pro
175 4489 319 4544 voluntate
338 4507 441 4558 eorum,
461 4500 601 4552 reservato
615 4497 680 4565 jure
698 4503 726 4550 et
743 4498 870 4552 vicissim.

163 4575 282 4644 Io'ubic':
300 4577 379 4632 Mora
397 4578 464 4634 aloe.
484 4583 579 4636 maid.
599 4585 630 4652 1.,
645 4601 674 4653 p.
694 4589 738 4638 57.
