3544 5344
351 317 393 382 74
848 339 868 378 1.
893 326 1092 397 rurumnvrd,

403 505 527 561 OOLVI.
547 507 578 558 Α.
598 507 673 558 1231.
697 503 764 559 Bela
788 521 837 558 rex
865 503 976 574 (iunior)
1001 503 1201 574 primogenitus
1225 503 1306 574 regis,
1331 521 1395 560 cum
1419 523 1469 576 per
1487 505 1597 562 divinae

349 593 539 666 dispositionis
557 592 674 661 gratiam
692 591 835 646 voluntate
853 597 881 646 et
899 591 1061 646 auctoritate
1080 591 1165 662 patris
1186 597 1214 647 et
1231 599 1340 647 maturo
1362 593 1519 664 principum
1532 610 1597 650 suo-

350 699 412 736 rum
429 681 545 736 consilio
563 685 709 752 praesente
733 695 785 734 sno
810 678 965 734 Oolomanc
989 695 1053 748 rege
1078 683 1105 734 et
1122 677 1193 734 duce
1211 679 1296 734 totius
1315 677 1463 734 Slsvoniae
1482 697 1598 736 causam

350 770 565 842 perpetuitatem
583 767 740 833 discuteret,
759 767 787 821 in
811 766 1006 822 detrimentum
1030 767 1123 836 regiae
1141 784 1260 822 coronae
1278 766 1443 822 donationes
1461 773 1598 822 terrarum

351 857 438 912 factas
455 871 597 922 revocans,
622 855 744 909 Thomas
762 854 903 925 quondam
922 853 1020 916 banus,
1040 855 1182 910 Macharei
1203 855 1311 910 comitis
1330 855 1412 922 filius,
1431 872 1515 928 super
1533 855 1599 910 hae·

351 943 522 1010 reditatibus,
545 943 656 1014 pascuis
669 949 697 998 et
708 942 787 997 terris
799 941 880 996 titrrlo
893 943 1048 1013 emptionis,
1071 943 1256 1014 possessionis
1272 943 1415 1014 privilegia
1428 944 1453 998 ei
1465 941 1600 1010 exhibuit,

351 1032 379 1087 in
398 1031 500 1101 quibus
518 1030 730 1086 continebantur
748 1030 845 1084 menta
864 1047 915 1084 sua
934 1035 961 1084 et
978 1028 1119 1084 fidelitatis
1138 1029 1280 1101 obsequia,
1299 1032 1446 1086 vulnerum
1463 1031 1491 1084 in
1504 1030 1599 1084 hostili

353 1119 480 1175 conflicto
498 1123 680 1190 receptorum,
699 1117 842 1188 sanguinis
860 1117 958 1172 effusio
983 1122 1034 1172 etc.
1059 1117 1120 1172 Rex
1139 1135 1205 1187 ergo
1224 1119 1427 1173 communicato
1444 1117 1537 1172 fratris
1556 1117 1600 1172 sui

353 1213 381 1262 et
405 1205 559 1277 principum
583 1211 672 1262 terrae
690 1205 802 1270 consilo,
827 1206 920 1260 omnia
947 1204 1006 1259 eius
1030 1205 1213 1260 instrumenta
1237 1211 1265 1260 et
1283 1206 1473 1276 possessiones
1497 1205 1598 1260 confir·

352 1299 418 1350 mat
436 1294 542 1348 Datum
560 1311 609 1365 per
627 1310 726 1348 manus
745 1293 868 1348 Mathiaa
886 1293 1036 1364 praepositi
1055 1292 1240 1361 aagrabiensis
1259 1293 1340 1348 aulae
1358 1292 1520 1348 cancellarii.

411 1399 529 1454 Weasel:
551 1399 616 1454 (lod.
635 1399 706 1468 dipl.
724 1398 920 1468 Arpadiaaas.
941 1396 971 1451 Τ.
989 1397 1043 1466 XI,
1060 1413 1088 1466 p.
1108 1399 1171 1451 234.

405 1537 841 1594 cavaniacensem
866 1537 896 1594 11
920 1554 969 1594 rer
993 1537 1171 1594 considerans
1195 1535 1374 1593 indeciduam
1395 1543 1424 1594 et
1440 1537 1601 1594 indesinens

352 1627 512 1682 meritorum
531 1626 704 1696 obsequium,
723 1625 798 1696 quod
816 1625 938 1682 Thomas
956 1643 1049 1680 comes
1064 1626 1138 1680 filius
1150 1625 1292 1680 Macharei
1304 1625 1412 1681 comitis
1424 1644 1441 1680 a
1453 1627 1600 1696 primaevis

352 1715 502 1769 iuventutis
521 1731 589 1768 strae
606 1713 778 1784 temporibus
797 1730 906 1784 semper
924 1711 1057 1780 exhibuit,
1076 1719 1103 1768 et
1115 1713 1236 1767 maxime
1254 1719 1368 1784 propter
1386 1714 1487 1768 eximia
1505 1730 1599 1783 opera,

354 1801 456 1871 quibus
472 1818 581 1871 semper
590 1800 688 1855 claruit
697 1807 725 1855 et
734 1817 797 1855 cum
809 1801 880 1855 inter
892 1817 956 1856 enm
972 1805 999 1854 et
1011 1800 1190 1855 Hemericum
1202 1816 1294 1869 regem
1305 1799 1470 1871 multiplices
1481 1799 1601 1855 adversi·

354 1893 443 1942 tatum
453 1887 646 1942 fluctuationes
656 1893 834 1958 emergerent,
845 1904 895 1942 nec
905 1887 1020 1942 carceris
1034 1903 1162 1942 erumnas
1172 1904 1222 1958 pro
1233 1885 1331 1942 eodem
1340 1888 1453 1944 Andrca
1465 1889 1601 1944 sustinere

355 1976 474 2046 expavit,
493 1992 544 2030 nec
562 1975 659 2042 minas,
682 1991 733 2030 nec
756 1975 878 2041 vulnera,
903 1992 954 2029 nec
978 1973 1090 2045 aliquod
1115 1991 1204 2044 genus
1229 1975 1332 2040 mortis,
1358 1981 1407 2030 aut
1430 1975 1554 2030 laborem
1574 1981 1602 2030 et

355 2063 461 2117 viarum
479 2061 553 2117 tedia
570 2061 725 2134 trepidavit,
745 2067 773 2116 et
790 2061 902 2117 demum
926 2077 990 2116 cum
1007 2078 1056 2115 rex
1083 2062 1156 2116 ultra
1174 2078 1250 2116 mare
1268 2061 1295 2114 in
1315 2061 1470 2116 subsidium
1489 2067 1602 2118 sauctae

356 2159 444 2205 terrae
472 2149 611 2221 profectus
638 2150 736 2204 flasset
762 2155 791 2204 et
809 2157 906 2220 postea
929 2148 965 2204 de
983 2149 1168 2203 ultramarinis
1187 2149 1313 2220 partibus
1333 2149 1448 2204 domum
1466 2167 1601 2216 reversus,

356 2254 440 2308 quam
459 2237 583 2308 plurimis
601 2253 718 2306 regnum
735 2237 871 2292 hostiliter
888 2235 1074 2305 affligentibus
1092 2237 1229 2291 Thomam
1247 2237 1376 2292 comitem
1394 2237 1422 2292 in
1441 2238 1523 2292 solita
1535 2236 1601 2292 fide·

356 2325 433 2378 litato
451 2331 609 2379 constanter
628 2341 818 2394 perseverasse
841 2324 951 2380 invenit.
979 2325 1096 2395 Propter
1120 2323 1195 2394 quod
1214 2325 1321 2380 confert
1339 2325 1364 2379 ei
1389 2325 1477 2395 primo
1500 2331 1602 2380 terram

357 2411 488 2466 Scancha
512 2413 540 2465 in
565 2411 704 2466 bachiensi
729 2413 870 2477 comitatu,
895 2429 967 2482 quac
991 2411 1043 2465 fuit
1067 2417 1140 2466 terra
1164 2411 1238 2468 Vros
1257 2412 1316 2467 sine
1333 2411 1452 2466 haerede
1470 2412 1602 2480 defuncti,

328 2539 333 2546 .
356 2500 422 2553 item
449 2505 548 2552 terram
577 2503 604 2552 et
632 2499 766 2570 piscinam
791 2499 900 2555 Sowala
923 2500 951 2552 in
976 2499 1109 2555 comitatu
1134 2499 1301 2569 volcoyensi‚
1329 2499 1407 2554 iuxta
1425 2499 1602 2566 Danubium

356 2587 422 2640 item
441 2593 543 2640 terram
560 2603 624 2640 cum
643 2586 720 2652 silva,
739 2603 810 2657 quae
835 2587 888 2642 fuit
911 2587 1080 2658 piscatorum
1098 2586 1133 2642 de
1152 2587 1297 2658 Zagrabia,
1316 2587 1397 2657 cujus
1415 2593 1489 2642 meta
1507 2588 1603 2658 incipit

357 2675 385 2728 in
404 2673 488 2740 Odrs,
507 2673 556 2728 ubi
574 2673 647 2728 cadit
670 2673 815 2744 Rybnicba
838 2675 866 2728 in
885 2674 988 2730 Odram
1014 2681 1041 2729 et
1058 2673 1134 2728 veuit
1156 2673 1191 2728 ad
1210 2675 1356 2729 Timenera
1375 2674 1474 2740 Mleca,
1493 2673 1557 2730 dein
1575 2675 1603 2728 in

358 2763 462 2816 Zavam
480 2768 507 2816 et
525 2760 668 2816 descendit
685 2761 807 2828 inferius,
826 2762 872 2816 ubi
892 2762 950 2816 exit
966 2761 1002 2817 de
1015 2763 1097 2816 Zawa
1114 2760 1233 2816 Netusla
1246 2761 1337 2815 Mlaca
1350 2767 1377 2816 et
1389 2761 1465 2815 vadit
1475 2761 1504 2815 in
1518 2761 1604 2832 Chyr-

358 2850 421 2904 nich
448 2855 476 2904 et
503 2849 551 2903 ubi
578 2848 635 2904 exit
662 2847 763 2904 Golina
790 2849 881 2904 Mlacs
908 2855 936 2904 et
959 2849 994 2903 ad
1014 2849 1166 2914 Geminam,
1192 2847 1240 2902 ubi
1258 2847 1355 2902 eadem
1373 2848 1466 2904 Mlaca
1483 2847 1558 2903 cadit
1575 2849 1603 2902 in

358 2937 462 2992 Zaram
480 2943 508 2991 et
526 2952 610 3008 super
628 2937 732 2992 Zavam
756 2936 804 2991 nbi
831 2937 888 2992 exit
912 2937 1129 3006 Mortincastrug
1153 2941 1181 2990 et
1205 2935 1239 2990 ad
1258 2935 1379 2990 Ruscam
1398 2941 1426 2990 et
1444 2935 1492 2990 ubi
1511 2935 1604 2990 Rusca

358 3025 477 3080 venitin
497 3023 609 3081 Odram.
629 3025 708 3079 Haec
728 3029 793 3079 sunt
810 3026 924 3079 nomina
941 3041 1117 3094 camporum:
1143 3022 1219 3090 Pola,
1241 3023 1364 3094 Dumye,
1383 3023 1493 3094 Lysnic,
1512 3022 1602 3088 Rull‘a,

358 3113 434 3178 Pala,
453 3113 566 3180 Polana,
587 3113 692 3166 Orisna.
717 3113 778 3166 Rex
802 3129 914 3182 quoque
938 3111 1003 3164 facit
1027 3127 1076 3181 per
1099 3111 1186 3166 Petcu
1210 3109 1245 3164 de
1263 3109 1327 3164 villa
1345 3110 1489 3164 Barasuha
1507 3125 1603 3165 omnes

359 3202 550 3273 possessiones
569 3201 691 3255 Thomas
710 3201 817 3256 comitis
841 3207 868 3254 et
893 3200 1009 3252 fratrum
1036 3204 1063 3254 et
1081 3199 1348 3269 consanguineorum
1372 3197 1603 3253 circumscribere.

358 3290 396 3344 Et
413 3295 455 3343 est
473 3289 500 3343 in
520 3287 619 3358 Syrma
636 3293 709 3342 terra
732 3285 800 3353 solt,
826 3286 873 3342 ubi
898 3287 973 3340 stetit
992 3286 1107 3340 ecclesia
1132 3303 1153 3339 s.
1176 3286 1324 3352 Laurentii,
1350 3285 1418 3340 alias
1436 3293 1492 3340 tres
1511 3291 1603 3355 partes

357 3376 497 3430 donarunt
523 3375 620 3429 fratres
648 3373 782 3429 Nicolaus
810 3373 969 3445 Stephanus
998 3380 1025 3428 et
1052 3371 1168 3442 Egidins
1196 3373 1370 3428 monasteriis
1397 3389 1418 3426 s.
1438 3372 1558 3443 Spiritus
1578 3377 1605 3427 et

359 3481 380 3517 s.
400 3463 505 3516 Crucis.
524 3461 656 3528 (Thomas
675 3461 833 3515 nominatur
851 3461 879 3514 in
898 3465 976 3514 textu
995 3465 1023 3514 ct
1046 3459 1155 3528 banus.)
1174 3460 1253 3515 illtra
1272 3476 1336 3514 vero
1354 3459 1477 3514 Dravam
1496 3459 1523 3513 iu
1542 3459 1604 3514 loco

359 3549 498 3604 Monislov
516 3548 637 3603 Thomas
656 3565 748 3602 comes
766 3548 850 3602 habet
868 3553 993 3618 quartam
1014 3553 1129 3619 partem,
1148 3546 1227 3616 cuijus
1247 3547 1336 3616 prirna
1354 3553 1428 3600 meta
1446 3553 1488 3601 cst
1505 3564 1522 3600 a
1540 3563 1605 3601 con·

360 3637 545 3692 liniamentis
570 3635 663 3705 Garig,
692 3635 739 3704 qui
766 3641 880 3690 vocatur
907 3635 1021 3706 Rusych
1049 3641 1076 3689 et
1102 3633 1178 3688 vadit
1204 3650 1293 3703 usque
1318 3632 1353 3688 ad
1372 3633 1463 3688 locum
1483 3633 1605 3688 Ohasma

359 3726 449 3780 Berlre
467 3725 544 3778 iuxta
562 3723 675 3777 domum
695 3723 812 3791 Dragos,
832 3731 860 3777 et
878 3741 927 3794 per
945 3722 1086 3792 quandam
1100 3723 1174 3776 viam
1192 3720 1227 3775 ad
1240 3719 1354 3774 fluvium
1367 3719 1507 3786 Lakauch,
1521 3737 1605 3791 super

360 3830 442 3884 quem
462 3811 539 3866 sedet
557 3811 682 3864 Didislav
701 3813 729 3864 et
747 3826 795 3879 per
814 3811 886 3864 viam
904 3811 931 3864 iu
952 3810 1005 3865 fine
1024 3811 1079 3864 Las
1099 3808 1133 3862 ad
1154 3807 1274 3862 Chasma
1286 3824 1375 3877 usque
1394 3807 1429 3861 ad
1446 3807 1604 3862 iohannem

361 3901 474 3970 Scelpa;
492 3900 558 3952 item
576 3905 649 3953 terra
666 3897 763 3964 Thola,
782 3897 861 3952 cuius
880 3907 954 3952 meta
972 3905 1014 3952 est
1027 3898 1104 3952 iuxta
1117 3895 1265 3950 Chasmam
1278 3896 1356 3950 locus
1369 3894 1493 3949 Protisea
1505 3894 1605 3949 subtus

361 3989 471 4058 Dragos
490 3987 584 4057 l'cnery
602 3993 629 4040 et
647 3984 711 4040 iude
729 4001 818 4055 usquc
836 3985 871 4039 ad
890 3991 975 4056 caput
994 3983 1128 4048 Zidriach,
1142 3981 1178 4036 ad
1190 3981 1282 4036 locum
1296 3980 1412 4051 Galgeia
1425 3979 1499 4036 etad
1513 3981 1604 4036 locum

362 4075 470 4142 Cheret,
490 4075 562 4129 etin
581 4073 696 4128 domum
715 4073 821 4139 Crasse,
841 4073 906 4126 item
925 4071 959 4126 ad
980 4088 1063 4126 tinam
1076 4071 1204 4136 Minoam,
1217 4086 1289 4138 quae
1301 4070 1384 4123 intrat
1397 4069 1423 4122 in
1440 4069 1603 4138 Golgovam.

361 4166 447 4219 Porro
466 4161 610 4234 praedium
630 4161 800 4228 Cheresnew,
825 4160 901 4231 quod
926 4165 1040 4214 vocatur
1063 4158 1134 4226 Vni;
1159 4158 1225 4212 item
1243 4163 1342 4227 quarta
1360 4173 1424 4228 pars
1442 4157 1470 4210 in
1495 4156 1604 4225 Nuach,

361 4268 433 4321 quae
458 4255 500 4304 est
523 4249 601 4304 iuxta
624 4249 746 4303 Dravam
771 4255 798 4302 et
821 4247 915 4302 villam
933 4245 1077 4301 Michaelis
1102 4250 1129 4299 et
1147 4245 1239 4300 villam
1259 4243 1368 4298 Scellru.
1387 4244 1477 4298 Aliam
1497 4251 1605 4316 partem

361 4337 445 4392 habet
462 4336 606 4391 iohannes
626 4336 698 4390 filius
722 4335 823 4390 sororis
841 4334 964 4388 Thomas
990 4332 1091 4398 Oheva,
1113 4331 1161 4400 qui
1179 4329 1303 4385 vendidit
1320 4329 1413 4384 villam
1436 4329 1552 4400 Dragun
1578 4337 1606 4384 ct

361 4426 480 4495 Gongay
498 4425 591 4478 comiti
609 4423 740 4477 Thomas.
759 4422 852 4475 Tertia
870 4437 949 4474 soror
973 4425 1015 4474 est
1031 4418 1127 4472 Jecha.
1152 4418 1294 4473 Occurunt
1311 4417 1339 4470 in
1358 4417 1438 4471 metis
1461 4417 1525 4471 villa
1551 4416 1605 4472 Ve-

361 4517 445 4578 retne,
465 4517 537 4564 terra
555 4509 693 4578 Laksvcy‚
718 4506 862 4578 praedium
886 4505 971 4560 Bosol
994 4507 1073 4559 iuxta
1097 4521 1199 4574 aquam
1224 4505 1313 4571 Olina,
1342 4503 1405 4558 villa
1424 4501 1560 4575 Nigosloy
1578 4510 1606 4558 et
