3376 5350
661 449 807 490 sanaem.
892 415 896 422 ⁶
1296 445 1358 509 375

93 632 128 680 et
150 627 257 680 tertius
275 627 395 696 eligatur
414 643 463 697 per
483 627 509 680 d.
529 627 627 682 ducem
647 635 675 681 et
693 629 753 682 eius
766 629 911 682 consilium
932 637 958 683 et
977 631 1084 709 possint
1098 631 1163 684 dicti
1173 631 1283 702 judices
1296 634 1361 702 eligi

94 713 137 767 de
161 715 240 768 omui
260 715 322 769 loco
341 721 368 770 et
388 716 423 770 de
442 717 570 770 omnibus
589 717 696 770 ofliciia

158 801 282 869 Ljutid:
300 803 380 856 Mea.
399 804 424 856 Ι.
437 797 468 871 'p
487 806 546 857 tart.

159 943 412 1000 MCCLXXXIX.
432 945 519 1012 Apud
538 946 628 1026 arrheto
648 951 759 998 ueterem
780 948 855 997 12⁸0.
876 951 917 998 ru.
938 949 1067 1016 dispraeti.
1079 947 1211 1004 Nicolaus
1225 948 1268 1002 ΙΙΙ
1290 966 1362 1020 papa

93 1033 259 1102 perscribit
288 1031 496 1103 archiepiscopo
524 1032 688 1103 spalatensi,
708 1033 795 1086 multa
823 1031 892 1087 dura
918 1040 946 1088 et
973 1051 1066 1089 amara
1089 1035 1247 1090 discrimina
1272 1044 1361 1091 terrae

92 1123 236 1184 sanctae,
262 1136 333 1190 quae
357 1121 381 1174 ei
407 1137 496 1190 nuper
517 1120 647 1174 intulerat
671 1121 712 1174 vis
736 1120 852 1186 hostilis,
878 1123 992 1191 cupiens
1015 1123 1101 1191 igitur
1126 1124 1242 1178 eaodem
1266 1141 1280 1178 e
1305 1141 1361 1178 ma-

93 1208 196 1261 nibus
214 1209 292 1277 impii
311 1207 431 1275 Tyranni
451 1209 606 1278 recuperari
626 1215 655 1261 et
672 1215 863 1277 recuperatam
883 1209 1017 1264 stabiliter
1033 1212 1198 1275 conservari,
1222 1212 1360 1272 communi

91 1311 176 1350 voce
206 1294 327 1349 declarat
352 1311 411 1348 esee
437 1295 619 1348 necessarium
645 1301 677 1348 ut
696 1294 807 1348 Fratres
834 1295 998 1366 Hospitales
1017 1297 1045 1350 S.
1064 1297 1181 1352 Joannis
1201 1305 1229 1352 et
1246 1299 1360 1354 militiae

92 1382 220 1452 Templi
254 1381 499 1452 Hierosolymitani
526 1381 562 1435 ad
587 1383 669 1436 unius
688 1382 792 1436 ordinis
819 1383 962 1450 unitatem,
987 1400 1037 1438 seu
1063 1385 1204 1454 religionis
1229 1387 1359 1441 unionem

95 1469 237 1534 reducat,
264 1485 347 1539 super
374 1485 490 1539 quornm
510 1471 611 1522 unione
630 1469 764 1522 hactenus
783 1471 865 1524 etiam
894 1457 1018 1540 tempore
1037 1471 1233 1542 Lugdunensis
1252 1474 1360 1527 concilii

97 1558 220 1610 mentio
248 1557 321 1610 sacta
346 1557 405 1610 suit,
433 1555 550 1610 Mandat
576 1573 642 1627 ergo
666 1556 874 1627 archiepiscopo
904 1563 935 1611 ut
954 1574 1017 1612 cum
1046 1559 1225 1628 suiliaganeis
1251 1563 1308 1614 suis
1331 1562 1360 1614 in

94 1645 273 1714 provinciali
293 1645 408 1714 syuodo,
428 1649 510 1715 prout
529 1645 553 1698 ei
573 1646 601 1698 iu
614 1645 675 1698 aliis
694 1645 793 1698 litteris
811 1645 975 1710 iniunxerat,
1000 1645 1095 1700 habito
1121 1663 1205 1718 super
1222 1648 1275 1704 hoc
1294 1664 1358 1702 con·

94 1735 177 1798 sitin,
200 1733 349 1786 decorum
369 1731 567 1786 deliberatione
592 1733 757 1802 quantocius
776 1731 899 1786 edoceat.

157 1819 260 1888 Fejer:
281 1820 345 1874 coa.
366 1819 433 1888 apa
457 1821 485 1874 r.
509 1820 538 1874 V.
559 1819 609 1874 vor.
629 1821 688 1874 ιιι.
704 1836 733 1888 ρ.
754 1823 795 1872 ra
813 1848 849 1860 -
867 1820 1010 1873 tortarii.-
1029 1821 1089 1875 ιιι.
1106 1823 1167 1875 ano.

157 1962 305 2016 MCOXG.
326 1965 401 2016 1211).
422 1966 461 2013 19.
483 1955 612 2030 Αιιςιίιείὶ.
633 1960 775 2016 Elisabeth
794 1963 881 2014 maior
893 1963 988 2032 regina
1002 1962 1172 2032 Hungariae,
1192 1962 1302 2016 ducissa
1322 1963 1357 2018 de

98 2051 233 2104 Machor
251 2056 279 2102 et
298 2048 332 2102 de
351 2049 449 2116 Beana,
469 2050 583 2120 cupiens
609 2047 691 2102 fidem
711 2047 874 2102 catholicam
894 2049 921 2102 in
940 2049 1088 2120 praedictis
1108 2049 1255 2103 ducatibus
1280 2056 1308 2102 et
1332 2051 1360 2102 iu

98 2138 288 2192 comitatibus
307 2137 341 2190 de
361 2137 469 2207 Posaga
488 2143 515 2190 et
534 2137 568 2190 de
588 2136 703 2202 Valent,
723 2135 846 2204 depulsis
869 2135 933 2189 inde
952 2136 1104 2203 haereticis,
1124 2136 1240 2203 dilatari,
1259 2136 1294 2190 ad
1320 2153 1360 2190 re·

99 2226 288 2296 quisitionem
308 2223 429 2294 Philippi
451 2225 532 2294 legati
552 2223 696 2292 apostolici
716 2223 859 2292 promittit,
881 2223 956 2292 quod
972 2225 1065 2277 omnia
1083 2229 1186 2278 statuta
1205 2230 1233 2276 et
1251 2223 1361 2278 decreta

101 2320 206 2366 contra
226 2310 379 2364 haereticos
398 2327 446 2380 per
465 2310 560 2364 sedem
580 2310 761 2380 apostolicam
781 2310 854 2364 edita
868 2312 1024 2366 observabit
1042 2319 1069 2365 et
1087 2328 1137 2382 per
1154 2311 1282 2365 subditos
1295 2327 1361 2364 suos

100 2400 249 2454 observari
268 2399 358 2451 faciet.
377 2398 482 2451 Datum
501 2415 550 2468 per
568 2415 666 2451 manus
684 2415 720 2450 m.
740 2397 832 2451 Lucae
858 2396 1045 2466 Strigoueusis
1067 2399 1216 2469 praepositi
1235 2405 1263 2453 et
1281 2399 1361 2453 aulae

101 2488 222 2557 reginae
241 2485 405 2540 cancellarii.

157 2571 259 2639 Fejer:
281 2571 345 2626 Cod.
365 2571 432 2639 dipl.
456 2572 485 2625 T.
509 2572 538 2625 V.
557 2571 607 2624 eol.
627 2572 685 2626 Ill.
702 2589 731 2640 p.
751 2576 792 2625 37.

159 2733 319 2786 MCCXCI.
340 2733 444 2787 Arbae.
464 2733 540 2782 181).
566 2733 608 2782 23.
635 2731 766 2799 Arrprarti.
792 2727 951 2798 Gregorius,
970 2731 1103 2784 Athensis
1129 2731 1284 2800 episcopus,
1304 2747 1359 2783 utta

104 2839 170 2876 cum
192 2837 244 2875 suo
264 2819 386 2890 capitolo
406 2826 485 2888 rogat
505 2819 530 2870 iu
551 2818 660 2886 scriptis
683 2819 821 2880 comitem,
837 2815 955 2885 judices,
975 2817 1144 2870 consiliarios
1163 2823 1191 2870 et
1209 2801 1303 2870 totam*
1315 2833 1359 2870 co·

105 2910 277 2962 munitatem
295 2908 457 2970 Arberrsern,
482 2921 545 2958 curn
572 2905 645 2958 idern
672 2920 765 2958 comes
789 2904 901 2958 Marcus
925 2903 1045 2958 Michael
1071 2905 1181 2958 fecisset
1199 2906 1360 2976 episcopum

106 2997 276 3059 Arbensem‚
295 2993 473 3047 Dominicum
493 2991 751 3061 archipresbiterum
774 2997 801 3044 et
819 2991 888 3046 alios
913 2991 1026 3045 clericos
1051 2991 1187 3046 sorbauire
1206 2997 1237 3044 ut
1255 2991 1359 3044 nullam

104 3083 231 3136 habeant
242 3081 441 3134 humanitatem
460 3095 523 3133 oum
543 3079 723 3146 Arberrsibus,
743 3079 817 3148 quod
837 3079 942 3132 nullum
961 3078 1082 3133 audeant
1101 3079 1260 3148 impendere
1279 3079 1360 3132 servi·

106 3171 179 3224 tium
201 3168 256 3222 illis
275 3169 327 3222 sub
345 3183 436 3238 poena
454 3183 632 3237 perperorum
644 3167 685 3220 50.
700 3165 775 3234 quod
794 3171 836 3219 est
854 3166 933 3220 valde
953 3165 1093 3220 dissonum
1106 3167 1212 3232 rationi,
1232 3173 1263 3219 ut
1275 3182 1291 3219 a
1303 3171 1359 3219 tam

103 3249 187 3327 gravi
208 3271 339 3325 processu
358 3271 424 3308 suos
442 3255 548 3308 animos
566 3261 702 3320 revocent,
721 3253 819 3306 dantes
841 3255 880 3307 eis
905 3254 1052 3307 terminum
1078 3269 1165 3323 usque
1188 3253 1224 3306 ad
1249 3254 1359 3308 tertium

107 3344 194 3410 diem,
214 3343 336 3412 alioquin
355 3349 450 3396 contra
469 3357 516 3394 eos
535 3341 686 3410 procedent
705 3340 857 3394 secundum
877 3340 952 3410 quod
972 3341 1115 3395 dictaverit
1134 3340 1201 3395 ordo
1216 3341 1295 3411 juris.
1324 3340 1361 3394 Et

107 3431 181 3484 haec
200 3431 332 3486 amonitio
351 3430 423 3483 lecta
442 3437 483 3482 est
501 3429 529 3482 in
548 3428 665 3482 ecclesia
684 3427 832 3482 cathedrali
853 3428 897 3482 die
915 3443 989 3480 uono
1009 3433 1126 3481 exeunte
1144 3433 1272 3498 augusto.

160 3518 278 3584 Ipabic':
296 3519 375 3571 Mori.
395 3517 419 3570 1.
436 3533 466 3584 p.
486 3519 544 3569 127.

165 3659 339 3714 Mcoxctt.
359 3659 467 3714 Budas.
491 3661 569 3711 Isto,
593 3660 636 3709 23.
661 3657 792 3724 Augusti.
817 3655 908 3725 Mors,
932 3656 1063 3724 magister
1086 3656 1287 3710 tavernicorum
1313 3656 1360 3709 do·

107 3749 202 3802 minae
221 3748 331 3816 reginae
351 3747 495 3816 significat,
515 3743 590 3814 quod
611 3760 703 3798 comes
724 3744 850 3797 Andreas
870 3744 942 3796 iilius
966 3741 1103 3796 Johannis
1122 3741 1156 3796 de
1177 3743 1285 3813 Wruzy,
1304 3760 1358 3796 ser·

105 3837 185 3888 viens
205 3835 273 3904 ejus,
292 3834 406 3888 diversis
425 3834 551 3886 fortunae
570 3833 679 3885 casibus
705 3830 904 3885 committendo
923 3831 1042 3901 plurima
1060 3847 1144 3900 opera
1171 3829 1312 3884 fidelitatis
1332 3839 1359 3885 et

109 3923 223 3976 servitia
241 3921 352 3991 ubique,
372 3921 581 3991 specialiterque
599 3921 628 3972 in
646 3919 782 3972 Teutonis
800 3919 848 3971 ubi
868 3919 996 3972 extractis
1015 3917 1144 3970 dentibus
1160 3933 1194 3970 ac
1209 3919 1359 3987 amputatis

107 4010 205 4079 digitis
223 4026 272 4078 per
290 4009 457 4062 Teutonicos
476 4008 564 4060 multa
590 4009 758 4060 cruciamina
782 4023 880 4077 passus
905 4005 966 4071 suit,
991 4005 1170 4070 exhibuisset,
1195 4011 1222 4057 et
1247 4005 1357 4060 demum

108 4096 231 4150 Michael
244 4097 317 4149 tilius
330 4097 389 4148 eius
401 4113 417 4148 a
430 4102 554 4165 tempore
576 4096 709 4165 pueritiae
728 4111 793 4148 suae
807 4111 870 4147 curn
884 4094 958 4146 omni
972 4092 1112 4146 fidelitatis
1133 4091 1224 4146 studio
1238 4093 1359 4146 existens

107 4185 136 4236 in
156 4183 241 4238 domo
259 4185 318 4237 eius
336 4185 360 4236 ei
380 4191 408 4236 et
425 4185 544 4236 consorti
565 4199 631 4235 suae
657 4181 832 4235 laudabiliter
850 4180 968 4246 servivit,
992 4181 1019 4232 in
1045 4196 1160 4248 quorum
1186 4180 1357 4232 servitiorum

108 4272 395 4341 recompensationem
417 4277 516 4324 terram
542 4288 620 4324 suam
644 4269 854 4324 haereditariam
880 4267 1027 4322 Felrethew
1050 4267 1121 4319 inter
1143 4273 1229 4318 terras
1253 4266 1358 4335 Zyman

107 4364 135 4410 et
155 4357 283 4427 Fyzcsth,
303 4360 374 4411 inter
391 4365 489 4412 terram
509 4358 570 4410 Kus
590 4357 695 4426 Segesd
715 4358 781 4408 situs
800 4355 918 4409 contulit
936 4356 964 4406 iu
982 4359 1155 4423 perpetuum.

163 4463 212 4516 Er
230 4464 300 4516 actm
321 4463 481 4515 attenuatetdi
503 4463 615 4516 stertet.
635 4461 716 4514 Fusa.
736 4461 760 4512 Ι.
780 4476 824 4513 ur.
843 4464 865 4512 1.
886 4460 938 4512 Per
958 4460 1058 4510 launum
1076 4457 1358 4525 Ir'lrreen-Hedewtirp

110 4566 143 4602 err
171 4551 283 4604 arcltieo
307 4551 386 4619 repsi
414 4549 525 4602 rrlrlotis.
554 4549 686 4602 Eiusdem
708 4549 781 4615 pair.
813 4550 1016 4612 transterrtptum
1043 4543 1175 4596 Ladislui
1200 4544 1271 4612 repis
1293 4548 1358 4612 post

111 4637 216 4690 obitura
237 4639 365 4707 rtrupiatri
384 4639 467 4704 Mersa
486 4653 512 4688 u.
532 4637 608 4688 1250.
627 4635 707 4688 Foeta
730 4636 753 4688 1.
774 4635 810 4688 N.
829 4638 853 4684 5.
