3544 5344
735 326 882 372 aursus.
1397 307 1437 372 ‘ll

240 493 460 550 CCXXXXIV.
485 494 520 548 Α.
545 497 622 546 1229.
648 493 770 563 Magnus
794 495 916 566 iupanue
940 495 1078 566 (Raecise)
1103 495 1264 567 Stephanus
1289 513 1352 551 cnm
1381 497 1439 552 suis

188 583 251 638 filiis
269 583 343 638 iurat
360 581 453 637 comiti
472 581 589 652 Ragusii
603 581 727 636 Jolranni
745 582 878 638 Dandulo
896 589 923 638 et
935 583 986 638 toti
999 584 1139 638 communi
1151 583 1299 653 ragusinae
1311 584 1438 652 civitatis,

187 669 262 742 quod
281 687 379 726 eornm
396 670 502 724 amicus
520 686 584 724 cum
602 670 661 724 suis
679 669 742 724 liliis
760 669 871 724 futurus
889 671 925 725 sit
942 669 1033 726 donec
1045 671 1070 725 ei
1082 671 1149 726 recti
1161 671 1270 726 fuerint
1289 671 1321 728 si
1337 671 1437 744 aliquis

187 773 283 813 eorum
301 757 429 812 ἰιιὶωἰοιιε
448 755 483 812 ad
502 757 561 812 eius
584 763 685 812 terram
703 756 805 826 fugerit
830 763 857 811 et
880 756 916 812 de
933 757 981 812 illa
998 757 1103 828 ceperit
1121 774 1169 813 eos
1188 758 1343 825 molestare,
1362 758 1440 814 dabit

186 844 264 899 illum
277 844 325 898 eis
343 843 482 898 Homines
500 859 564 898 cum
581 844 766 898 mercimoniis
785 851 904 914 possunt
922 845 1014 900 venire
1033 845 1093 900 sine
1111 845 1169 900 ullo
1186 845 1293 912 timore,
1306 843 1382 916 quod
1395 851 1439 900 est

186 937 371 988 mercatorum
389 931 567 998 consvetudo,
579 931 687 986 dabunt
706 932 739 986 ei.
758 931 795 986 Et
807 931 908 987 Siarus
921 949 977 986 non
990 931 1181 1004 apprehendet
1196 933 1356 1002 Raguseum
1376 932 1436 988 sine

187 1019 296 1075 iudicio.
316 1018 347 1075 Si
365 1019 468 1073 sactum
487 1019 569 1074 fuerit
592 1019 735 1086 iniustum,
759 1019 831 1073 inter
855 1019 994 1074 dautem
1018 1021 1178 1089 ragusinam
1203 1025 1231 1074 et
1255 1024 1357 1074 terram
1375 1020 1435 1074 eius

186 1107 270 1178 positi
289 1112 370 1162 erunt
384 1105 502 1177 judices,
521 1107 569 1160 ubi
588 1112 631 1160 est
648 1105 821 1162 coneretudo
840 1111 868 1160 st
880 1105 1058 1177 judicabunt

238 1195 285 1248 Es
302 1193 417 1250 orchim
434 1194 528 1249 salico
546 1193 754 1250 vindobonensi.
772 1193 891 1264 Bagaso
908 1194 968 1248 rot.
987 1195 1056 1250 sert.
1073 1197 1164 1258 163l5.

240 1305 443 1362 GCXXXXV.
465 1306 694 1376 Oirco1230.(?)
712 1307 878 1364 Zellovellns
888 1308 977 1379 gratis
996 1308 1177 1363 venetiarum
1189 1307 1268 1364 ducis
1282 1323 1375 1362 comes
1394 1325 1436 1363 ra·

187 1394 334 1464 gnsieusis,
359 1393 453 1449 scribit
476 1394 563 1450 nobili
587 1395 654 1461 viro,
679 1393 776 1450 eadem
800 1395 890 1466 gratia
913 1395 1065 1466 spalatensi
1090 1396 1223 1466 potestati
1249 1395 1386 1451 Velcinno
1409 1402 1437 1450 et

187 1481 354 1551 traguriensi
371 1482 464 1536 comiti
482 1487 511 1538 et
528 1481 668 1537 nobilibus
693 1482 818 1538 eiusdem
841 1483 973 1537 civitatis:
992 1499 1055 1538 cum
1072 1481 1164 1538 Judas
1183 1482 1249 1538 olim
1267 1483 1437 1552 ragusiensis

187 1585 280 1624 comes
298 1585 350 1624 neo
368 1569 426 1624 suis
443 1587 495 1625 nec
511 1569 622 1624 illorum
640 1569 746 1625 civibus
761 1569 899 1641 justitiam
916 1569 1007 1625 iacere
1025 1570 1151 1636 voluerit,
1170 1576 1199 1626 et
1216 1569 1279 1625 ideo
1297 1569 1436 1625 dissensio

188 1661 216 1711 et
234 1657 352 1728 pignora
369 1657 440 1712 inter
459 1673 507 1712 eos
525 1663 553 1712 et
571 1657 717 1727 Raguseos
735 1657 770 1713 de
788 1657 834 1713 die
852 1657 880 1711 in
899 1656 972 1712 diem
991 1657 1160 1725 crescebant,
1179 1675 1253 1712 nnnc
1265 1663 1358 1712 autem
1371 1657 1437 1728 quia

187 1744 283 1798 civitas
301 1743 458 1813 tagosensis
476 1745 566 1814 gratia
582 1744 627 1800 dei
645 1744 681 1800 de
699 1744 857 1799 confinibus
876 1743 1057 1800 Venetisnrm
1072 1744 1197 1812 habetur,
1210 1744 1308 1800 volunt
1320 1750 1351 1799 nt
1363 1745 1436 1800 mals

188 1831 280 1886 omnia
298 1837 408 1886 cessent
425 1836 453 1886 et
471 1849 527 1902 pax
545 1832 625 1886 firma
645 1830 783 1903 perduret

239 1920 277 1974 Irs
295 1919 408 1974 archivo
426 1919 520 1975 aulico
539 1921 683 1975 simmam
700 1921 776 1975 irater
793 1925 858 1975 acto
875 1921 1021 1990 ragusino.
1047 1915 1188 1976 donaro:
1212 1919 1325 1976 Archiv.
1350 1919 1437 1989 capit.

189 2007 220 2062 di
238 2007 357 2076 Spaloto
382 2024 411 2076 p.
433 2011 474 2062 73.

240 2119 458 2176 ooxxxxvl.
478 2126 503 2174 9.
521 2121 674 2177 Februarii
692 2125 770 2177 1230.
790 2123 938 2178 Farcssius
950 2123 1127 2193 praepositus
1139 2121 1437 2192 quinqueecclesiensis

187 2214 216 2262 et
232 2213 323 2262 totum
340 2207 493 2278 capitulum
510 2209 641 2275 notificat,
666 2207 742 2279 quod
768 2209 891 2264 Abraam
914 2227 1008 2266 eomes
1032 2209 1105 2264 lilius
1124 2209 1256 2276 Marcelli,
1275 2209 1360 2264 homo
1378 2225 1436 2262 ma-

187 2295 265 2364 g'stri
290 2295 350 2350 File
374 2296 525 2366 praepositi
548 2295 735 2364 zagrabiensie
759 2305 787 2352 et
811 2297 967 2353 cancellarii
993 2296 1137 2352 Golomani
1162 2297 1243 2366 regis,
1270 2313 1365 2352 coram
1383 2295 1436 2350 illis

187 2382 270 2436 fuerit
288 2387 465 2452 protestatus,
484 2381 559 2452 quod
578 2389 665 2437 terras
681 2383 768 2453 ipsius
781 2383 877 2440 Donat
895 2389 923 2440 et
937 2384 1060 2451 Drauch,
1074 2400 1144 2454 quas
1156 2384 1254 2438 habuit
1265 2384 1343 2438 iuxta
1355 2383 1436 2437 Rnch

187 2468 344 2537 (Resistet)
363 2469 501 2540 emptitias
519 2476 547 2524 et
565 2475 666 2524 terram
690 2487 725 2525 ex
750 2469 836 2526 altera
860 2477 940 2543 parte
967 2471 1047 2526 Ruch
1071 2471 1242 2526 nominatam
1264 2469 1434 2537 Gudumred,

186 2558 245 2627 regi
263 2557 444 2622 Oolomanno,
463 2555 527 2612 duci
544 2559 630 2613 totius
649 2557 814 2614 Sclavoniae
837 2559 865 2612 in
890 2558 1136 2613 commutationem
1154 2563 1289 2612 terrarum
1306 2557 1435 2612 Pucruch

186 2642 341 2700 abeodem
362 2661 427 2714 rege
450 2653 632 2716 receptarum,
658 2645 782 2716 predicto
806 2645 939 2716 magistro
966 2645 1027 2700 File
1051 2661 1085 2700 eo
1109 2651 1204 2700 tenore
1227 2645 1385 2711 remisisset,
1405 2649 1436 2698 ut

186 2732 247 2803 ipse
265 2747 358 2787 comes
376 2732 500 2786 Abraam
518 2731 690 2803 praedictum
707 2733 871 2802 magistrum
896 2733 957 2786 File
975 2747 1060 2804 super
1078 2733 1159 2788 terris
1177 2733 1233 2786 iam
1252 2731 1392 2802 praefatis,
1412 2731 1436 2786 si

187 2819 287 2889 aliquis
306 2836 353 2876 eas
362 2819 494 2891 impetere
506 2827 702 2892 praesumeret,
716 2820 752 2874 ab
764 2820 824 2876 eius
836 2821 983 2876 vexatione
996 2820 1116 2875 eximere
1129 2825 1157 2874 et
1168 2819 1286 2874 liberare
1297 2823 1433 2874 teneatur.

239 2909 273 2960 N.
292 2907 325 2960 R.
345 2907 379 2961 A.
403 2907 486 2962 Fosc.
510 2911 584 2963 1501.
611 2908 648 2962 N.
673 2910 698 2960 8.
723 2923 758 2962 ru
786 2909 858 2964 actis
881 2909 991 2963 urcisini
1013 2908 1092 2978 repsi
1115 2922 1166 2975 per
1190 2907 1293 2960 donam
1317 2907 1433 2962 Kassa

186 2993 353 3064 Hedervory
371 2994 533 3062 deportatis.

240 3097 475 3154 COXXXXVII.
495 3099 626 3165 colmes,
642 3115 676 3154 m.
695 3099 771 3166 maio
789 3103 865 3156 1230.
884 3099 1008 3169 Ugrinus
1026 3099 1251 3170 archiepiscopus
1269 3098 1432 3164 colocensis,

186 3201 249 3242 cum
268 3186 340 3240 inter
358 3185 531 3256 Stephanum
550 3185 712 3257 episcopum
730 3186 939 3256 zagrsbiensem
957 3193 985 3241 et
1003 3187 1063 3242 eins
1081 3185 1213 3241 ecelesiae
1231 3183 1384 3255 capitulum
1397 3201 1432 3239 ex

187 3291 243 3328 una
261 3279 348 3344 parte,
368 3291 402 3328 ex
421 3273 619 3328 alternantem
642 3274 713 3328 inter
737 3275 901 3344 magdstrum
925 3279 953 3328 et
970 3273 1069 3329 fratres
1088 3272 1187 3328 domus
1205 3271 1319 3326 militiae
1336 3271 1432 3342 templi

186 3377 236 3432 per
253 3376 371 3430 regnum
389 3360 529 3430 Ungan'ae
547 3367 575 3414 et
593 3359 741 3416 Slavoniae
760 3377 845 3432 super
863 3359 986 3431 quadam
1003 3365 1077 3415 terra
1094 3360 1222 3415 Rasechs
1239 3375 1332 3414 coram
1351 3357 1433 3413 Colo·

186 3464 270 3502 mano
289 3463 354 3516 rege
372 3449 410 3514 (et
427 3446 508 3516 duce)
527 3448 655 3518 quaestio
673 3447 777 3503 diutius
796 3453 955 3513 verteretur,
974 3446 1087 3503 tandem
1105 3447 1285 3502 anricabiliter
1303 3447 1341 3501 ita
1359 3463 1432 3502 com-

186 3535 293 3605 posuit:
313 3533 395 3601 Quod
413 3533 479 3588 dicti
497 3535 629 3604 magister
647 3540 674 3589 et
692 3535 790 3590 fratres
809 3541 897 3590 totam
915 3534 991 3589 illam
1006 3540 1116 3600 terram,
1135 3551 1220 3604 quam
1238 3534 1342 3589 habent
1360 3534 1432 3588 ultra

185 3621 307 3676 Drsvam
326 3637 422 3676 versus
440 3621 608 3688 Slavoniam,
624 3627 713 3676 terrae
724 3621 791 3677 dicti
809 3622 941 3694 episcopi,
954 3639 1026 3692 quae
1039 3622 1133 3676 Vasca
1144 3621 1252 3688 dicitur,
1265 3621 1432 3691 contiguam,

185 3725 269 3780 quam
287 3708 453 3764 Benedictus
472 3708 613 3779 qnondam
632 3709 721 3764 banus
740 3709 830 3764 dictae
847 3708 943 3764 domui
961 3709 1057 3780 templi
1076 3725 1127 3780 pro
1139 3709 1230 3764 salute
1242 3709 1352 3763 animae
1364 3723 1433 3762 snae

185 3797 309 3863 contulit,
327 3797 500 3866 zagrabienei
518 3797 649 3852 ecclesiae
667 3796 827 3863 dimiserint,
846 3797 895 3852 tali
912 3797 1078 3864 conditione,
1092 3796 1167 3867 quod
1180 3795 1269 3850 dictus
1283 3795 1432 3866 episcopus

185 3883 373 3952 ragrabiensis
392 3889 420 3938 et
437 3884 588 3955 capitulum
607 3883 754 3938 bonafide
773 3885 956 3955 promiserint,
981 3883 1055 3954 quod
1075 3900 1159 3954 snper
1180 3883 1307 3938 Rasecha
1325 3898 1432 3952 perma-

184 3978 268 4026 nente
286 3971 439 4042 templariis
457 3971 525 4026 nihil
542 3971 578 4027 de
596 3975 705 4027 caetero
723 3971 921 4028 reclamabunt.
940 3971 1001 4028 Sub
1020 3987 1110 4043 paena
1127 3973 1179 4027 200
1191 3987 1347 4025 marcarum
1358 3969 1432 4024 illius

185 4059 280 4129 partis,
300 4075 372 4130 quae
390 4077 407 4113 a
425 4059 629 4130 composicione
647 4058 796 4115 recederet.

238 4145 365 4202 stares.-
384 4145 460 4200 Moa.
479 4161 519 4215 ep.
538 4147 650 4217 ragrcb.
671 4149 738 4216 Lp.
758 4151 800 4200 65.
825 4147 956 4201 Forloti:
974 4145 1055 4216 Illyr.
1076 4161 1147 4200 sacr.
1170 4147 1198 4200 T.
1222 4145 1252 4214 V,
1268 4162 1298 4215 p.
1317 4149 1379 4200 363.

238 4249 488 4306 OOXXXXVIH.
506 4253 541 4308 In
558 4252 689 4320 Arascia,
710 4256 752 4306 15.
771 4251 834 4307 rati
852 4255 928 4307 1230.
953 4249 1111 4306 Radoslaue
1129 4267 1179 4306 rex
1197 4249 1311 4306 Serbiae
1329 4255 1358 4304 et
1374 4267 1432 4305 ma·

183 4338 267 4392 rrtimi
285 4356 342 4394 nna
359 4357 421 4394 cum
440 4339 572 4394 fratribus
590 4341 647 4394 suis
670 4339 727 4394 Vla
746 4340 833 4394 islavo
852 4344 880 4394 et
898 4338 1008 4405 Urosio,
1030 4337 1204 4393 attendentes
1223 4337 1334 4392 servitia
1352 4336 1430 4392 nobi·

183 4425 252 4479 lium
271 4423 306 4480 de
324 4425 455 4495 catharo,
473 4443 545 4498 quae
563 4427 635 4498 patri
648 4443 744 4482 eorum
757 4425 900 4498 Stephano
912 4426 1002 4498 primo
1015 4431 1147 4482 coronato
1159 4425 1217 4494 regi
1230 4430 1258 4479 et
1269 4441 1322 4480 svo
1335 4441 1431 4479 eornm

184 4527 206 4565 s.
226 4510 349 4566 Simeoni
367 4511 530 4584 Nemsgnae
548 4515 745 4586 praestiterunt
763 4520 791 4570 et
808 4514 876 4586 ipsis
895 4530 969 4568 nuuc
987 4517 1136 4584 praestant,
1156 4511 1302 4567 confirmat
1320 4511 1359 4565 eis
1377 4510 1431 4580 pri·

184 4598 316 4669 vilegium
339 4601 412 4670 regis
436 4601 550 4672 Georgii
574 4599 609 4656 de
632 4599 698 4658 dato
717 4603 750 4657 15
774 4601 896 4672 Augusti
920 4617 944 4655 a
970 4600 1046 4656 1215.
1072 4615 1156 4671 super
1177 4598 1324 4654 collatione
1342 4602 1432 4652 terrae
