3464 5382
677 433 825 478 0000000.
1306 414 1366 478 105

183 596 502 671 edomuerunt,
529 603 572 656 23.
598 599 752 656 Decembris
779 603 861 654 1236.
889 599 1040 671 Gregorius
1065 598 1118 656 IX.
1136 615 1211 672 papa
1237 598 1369 672 episcopo

132 685 275 754 11000000,
294 687 433 757 (Persae).
452 685 523 742 Cum
537 685 683 743 Colomani
694 687 773 744 ducis
785 687 932 744 Slaroniae
943 704 976 743 ac
988 687 1105 743 aliorum
1117 685 1239 742 fidelium
1256 687 1370 742 cucum-

133 775 240 845 positae
258 775 378 846 regionis
395 773 538 846 diligentia
556 774 660 831 efficaci
678 775 796 831 faciente
814 775 977 847 provenerit,
1001 773 1077 846 quod
1100 773 1203 830 ibidem
1220 779 1371 845 consurgat

131 861 228 933 religio
241 861 405 930 Christiana,
423 861 582 918 desiderans
595 868 655 918 ute
672 862 805 934 perfidiae
822 863 938 918 maculis
955 863 1067 935 penitus
1084 861 1213 916 10000010
1230 860 1369 928 reddatur,

130 949 226 1004 tribuit
244 949 269 1004 ci
286 949 432 1020 legationis
448 949 570 1005 officium
587 949 615 1004 in
633 950 727 1008 Bosua
744 955 772 1005 01
788 951 909 1022 injungit
926 950 958 1018 ei,
977 956 1009 1006 01
1025 949 1120 1006 fideles
1138 950 1166 1004 iu
1184 965 1270 1019 regno
1288 949 1369 1004 Hun-

129 1035 223 1106 gariae
236 1036 403 1105 exhortetur,
421 1037 613 1093 utssviriliter
624 1042 653 1094 et
670 1041 797 1110 potenter
814 1038 959 1108 accingant
976 1037 1011 1092 ad
1029 1037 1183 1092 haereticae
1201 1037 1287 1108 pestis
1304 1036 1370 1092 resi·

129 1121 218 1178 duum
235 1123 271 1180 de
288 1123 429 1196 praedicte
446 1123 566 1181 dioecesi
584 1125 693 1196 penitus
712 1123 887 1192 abolendum,
906 1130 934 1180 et
950 1123 1077 1181 concedit
1094 1122 1223 1179 omuibus
1246 1122 1369 1180 eiusdem

130 1211 209 1281 regni
232 1217 329 1268 sonna
352 1212 506 1268 haereticos
530 1212 699 1284 processuris
723 1212 832 1267 reniam
856 1217 1039 1283 peccatorum,
1063 1210 1187 1266 tribuens
1211 1211 1369 1268 eamdem

132 1303 307 1370 potestatem,
327 1315 412 1370 quam
436 1299 630 1372 praedecessor
654 1300 715 1372 ejns
730 1298 815 1356 frater
831 1298 851 1355 J
852 1299 974 1356 ohannes
992 1315 1010 1355 a
1027 1298 1257 1371 monmutensi
1274 1315 1304 1356 se
1321 1299 1370 1354 ha·

131 1385 225 1442 buisse
242 1385 421 1458 dignoscitur.

169 1491 301 1547 Tbrirser:
321 1491 398 1547 Mea.
416 1495 467 1548 cet.
486 1493 578 1562 Hauc.
597 1494 628 1561 1.,
644 1508 672 1562 p.
690 1493 749 1546 169.

185 1645 484 1704 00000110ιο0.
495 1647 654 1721 Stephanus
662 1647 823 1704 Vladislaus
832 1664 881 1704 rex
893 1647 1007 1704 Serbiae
1016 1648 1201 1719 conqueritur,
1212 1648 1370 1720 Ragusinoe

133 1734 260 1792 homines
277 1735 412 1808 capiendo
431 1741 458 1791 et
475 1734 608 1807 praedam
625 1734 752 1791 10010010
769 1734 854 1791 fidem
871 1734 997 1791 violasse.

183 1839 344 1896 lfilrioer'cb:
361 1843 435 1896 lica.
455 1839 567 1896 Serdica
583 1857 612 1910 p.
630 1844 671 1898 21.

186 1997 364 2054 coenum.
382 1997 516 2070 Rapudi,
533 1997 569 2053 A.
587 2000 662 2052 1238.
690 1996 823 2053 Nicolaus
841 1997 956 2052 Tonisto
974 2013 1067 2053 comes
1086 1997 1202 2068 Ragrrsii
1219 2013 1282 2054 oum
1297 1997 1370 2069 judi-

131 2084 212 2140 cibus
229 2089 257 2139 st
273 2084 435 2140 consiliariis
452 2083 575 2140 referunt
590 2083 738 2139 Vladislao
756 2085 814 2154 regi
832 2083 953 2153 Sarbiaa,
971 2083 1157 2140 Vladimirum
1174 2085 1202 2140 iu
1220 2085 1280 2140 eius
1298 2090 1371 2140 terra

132 2170 265 2244 praedam
281 2171 379 2227 fecisse
396 2187 487 2242 neque
504 2171 604 2226 comite
621 2187 712 2242 nequo
728 2172 867 2226 communi
885 2170 1023 2226 suadente

183 2277 328 2332 Mitloiib:
345 2279 419 2332 1100.
438 2276 550 2334 Serdica
567 2293 595 2347 p.
613 2281 655 2335 21.

184 2432 362 2490 cocaxlv.
380 2434 416 2490 A.
433 2437 512 2489 1238.
531 2433 613 2505 Opoy
630 2433 720 2489 banus
738 2433 824 2489 totius
842 2433 990 2490 Slavoniae
998 2434 1131 2502 notificat,
1140 2433 1215 2506 quod
1227 2434 1295 2490 dum
1307 2441 1372 2507 post

134 2520 279 2577 decessum
297 2521 370 2592 regis
387 2520 515 2577 Andreas
533 2521 724 2592 inquisitiones
742 2526 929 2594 supertectus
948 2521 983 2576 ad
1007 2527 1097 2578 castra
1121 2522 1288 2594 pertinentes
1305 2522 1371 2578 1010-

132 2614 333 2676 0001000000,
354 2608 519 2680 jobagiones
542 2609 625 2666 castri
648 2607 684 2664 de
701 2609 792 2680 Kyrls,
817 2609 910 2664 statim
934 2607 1000 2664 dum
1023 2609 1059 2664 ad
1083 2609 1217 2664 baustum
1242 2610 1370 2675 venisset,

131 2696 157 2750 ei
184 2695 220 2752 dc
247 2697 326 2751 terris
343 2697 427 2752 castri
452 2697 585 2752 violentur
611 2697 753 2768 occupatis
779 2697 923 2768 conquesti
949 2697 1066 2764 fuerint;
1096 2701 1211 2768 accepto
1237 2695 1371 2768 pristaldo

132 2799 185 2840 000
204 2789 233 2839 01
249 2783 361 2840 homine
378 2785 451 2854 regis
468 2783 617 2840 Laustaoio
640 2793 727 2840 terras
754 2783 836 2838 castri
853 2788 911 2838 tam
928 2783 965 2838 ab
982 2783 1051 2851 aliis,
1075 2799 1159 2854 quam
1177 2801 1194 2838 a
1210 2783 1285 2839 Jaxa
1301 2785 1372 2840 vioe·

133 2871 209 2928 bauo
227 2876 255 2926 01
273 2871 402 2926 batibus
421 2872 486 2939 suis,
509 2871 635 2928 videlicet
651 2871 773 2942 Georgio
791 2877 819 2926 et
836 2871 958 2942 Bratyno
981 2877 1114 2942 receptas,
1139 2875 1229 2927 castro
1246 2871 1371 2927 restituc-

131 2965 206 3027 runt,
224 2959 304 3014 iuxta
320 2959 520 3016 institutionem
538 2960 610 3030 regis
628 2959 712 3015 Belae
730 2965 758 3014 et
775 2957 920 3014 Colomani
938 2975 987 3030 per
1004 2957 1070 3012 bani
1087 2957 1266 3026 seutentiam
1293 2975 1371 3029 prae-

132 3046 225 3102 dictus
252 3051 347 3102 autem
364 3046 438 3102 Jaxa
464 3046 613 3102 viosbanus
640 3051 668 3102 st
693 3046 792 3102 fratres
819 3046 863 3100 sui
889 3045 1115 3116 supranominati,
1142 3043 1209 3099 dum
1235 3051 1326 3101 castro
1344 3051 1372 3100 ot

129 3133 330 3206 jobagionibus
349 3134 406 3189 suis
424 3134 629 3202 satisfecissent,
654 3135 683 3189 in
701 3133 858 3206 praesentia
874 3131 940 3188 dicti
958 3132 1023 3187 bani
1041 3136 1142 3187 terram
1158 3131 1370 3188 haereditariam

132 3221 272 3278 Dobouoh
291 3221 463 3292 1110100100),
481 3227 578 3278 0001το
596 3237 680 3292 qnam
698 3221 815 3294 praefati
830 3220 994 3292 jobagiones
1013 3219 1118 3274 nullam
1143 3235 1256 3274 eausam
1275 3225 1371 3290 potue·

132 3313 199 3364 runt
216 3325 381 3380 proponere,
398 3309 537 3381 petierunt
553 3309 657 3364 bunum
675 3315 707 3364 ut
723 3308 759 3364 de
776 3307 849 3364 diota
867 3313 940 3363 terra
950 3308 1055 3363 litteras
1067 3307 1282 3363 confirmationis
1294 3323 1371 3378 prac-

132 3401 226 3451 staret
245 3395 328 3464 Quod
345 3396 391 3452 ille
401 3402 429 3452 et
439 3396 511 3465 fecit,
529 3396 689 3467 litterasque
700 3395 803 3466 duplici
816 3411 868 3451 suo
880 3395 970 3466 sigillo
982 3394 1105 3449 firmatas
1117 3393 1241 3463 contulit,
1259 3394 1371 3449 insimul

134 3483 277 3539 mandavit
295 3483 428 3555 pristaldo
447 3501 499 3539 suo
516 3483 634 3540 Nicolao
652 3483 709 3540 lilio
727 3483 796 3538 Ivan
814 3481 967 3554 praefatam
987 3487 1089 3536 terram
1106 3482 1187 3538 metis
1205 3481 1372 3537 circumseri·

133 3572 206 3628 bere.
233 3571 358 3639 Quarum
381 3576 456 3627 meta
478 3571 567 3642 prima
589 3571 686 3641 incipit
703 3587 720 3625 a
737 3570 821 3625 fluvio
839 3568 1031 3640 Bogachaiaoh
1055 3567 1090 3623 ad
1115 3574 1221 3640 partem
1247 3567 1371 3625 occiden-

134 3660 219 3716 talem
237 3659 273 3714 ad
291 3658 418 3714 arborem
435 3657 598 3730 pomiferam
622 3657 675 3712 sub
698 3657 776 3726 silva,
799 3661 827 3713 st
845 3673 895 3728 per
912 3656 1009 3711 silvam
1033 3672 1118 3727 penes
1142 3656 1236 3728 plures
1259 3655 1371 3712 arbores

135 3765 199 3804 cum
216 3753 291 3802 meta
309 3753 398 3802 terrea
416 3751 444 3801 st
461 3762 511 3818 per
528 3745 627 3801 vallem
645 3744 681 3800 ad
698 3746 779 3813 dam,
798 3761 870 3815 quae
888 3743 976 3799 tendit
992 3743 1027 3800 ad
1039 3748 1145 3815 partem
1156 3742 1371 3809 meridionalem,

135 3835 183 3891 nbi
201 3835 360 3905 adiungitur
377 3839 467 3890 terrae
484 3834 671 3906 porcariorum
688 3833 770 3904 regis.

187 3939 332 4011 0019101010
346 3955 423 4010 perp.
441 3939 473 3994 10
490 3954 550 3994 crea
569 3938 733 3994 collectione.

187 4096 351 4152 CCCLXV.
378 4098 468 4152 110000
492 4096 643 4150 Februarii
666 4099 746 4150 1239.
774 4095 935 4150 Farcassius
962 4094 1138 4166 praepositus
1164 4093 1371 4164 quinqueeccle

134 4185 233 4242 0100010
251 4201 315 4239 000
330 4188 390 4238 1010
408 4183 529 4254 capitulo
547 4188 671 4250 testatur,
690 4181 813 4237 Abraam
825 4183 960 4249 comitem,
979 4181 1065 4236 lilium
1078 4181 1208 4246 Marcelli,
1226 4185 1370 4252 praesente

133 4271 246 4328 homine
273 4270 398 4341 magistri
417 4270 476 4326 Filo
503 4270 654 4342 praepositi
680 4269 875 4340 ragrabiensir,
900 4268 1055 4324 cancellarii
1073 4267 1219 4325 Oolomani
1243 4268 1316 4338 regis
1333 4270 1372 4335 (01

134 4359 232 4428 ducis),
258 4363 442 4431 protestatum
459 4357 553 4426 fuisse,
578 4356 655 4428 quod
672 4363 758 4412 terras
776 4357 864 4429 ipsius
881 4357 976 4412 Donat
993 4361 1022 4412 01
1039 4355 1160 4423 Drauch,
1183 4370 1254 4426 quas
1274 4353 1372 4410 habuit

131 4448 216 4519 Juxta
233 4445 314 4500 Ruch
333 4445 448 4517 (Royoh,
475 4445 602 4512 Rodiis)
626 4445 772 4516 emptitiae,
801 4451 828 4500 et
855 4445 967 4499 alteram
994 4449 1095 4498 terram
1120 4459 1155 4498 ex
1181 4442 1267 4498 altera
1293 4447 1372 4514 parts

134 4533 224 4600 Rucb,
243 4533 355 4588 nomine
373 4531 528 4599 (iudmeud,
552 4532 652 4586 illustri
674 4531 733 4601 regi
751 4531 931 4593 Oolomanno,
955 4529 1020 4585 duci
1043 4531 1129 4585 totius
1152 4527 1323 4597 sclavoniae,
1340 4529 1370 4584 in

133 4620 328 4680 concambium
345 4637 396 4693 pro
413 4626 487 4676 terra
503 4619 634 4676 Pulrruob
652 4625 680 4675 et
697 4619 757 4674 aliis
775 4619 854 4674 torris
871 4617 1000 4673 dedisset

189 4709 238 4766 Ec
255 4709 335 4766 Actis
353 4723 387 4764 en
404 4709 483 4779 repeti
499 4707 621 4765 Arcisius
639 4708 783 4764 Pertinace
800 4703 953 4762 translatis.
972 4707 1005 4760 N.
1024 4705 1059 4762 R.
1078 4706 1112 4760 A.
1131 4707 1211 4758 1501.
1228 4703 1267 4760 N.
1287 4707 1311 4756 8.
