3480 5356
1370 324 1435 398 355

188 525 287 576 rotem
306 519 420 576 heberet
444 525 473 578 et
495 537 513 576 e
533 519 881 593 jnrisdiotioneoomitum
905 520 941 578 de
964 519 1120 578 Berssnche
1146 525 1174 578 ot
1199 521 1335 578 benorum
1362 523 1440 593 regni

190 607 355 678 Slssonise,
375 610 415 665 uti
433 615 460 666 ct
478 627 496 666 s
513 609 636 667 collectis
654 615 762 682 septem
779 609 963 678 denariorum,
987 610 1200 666 marturinsrum
1219 617 1247 666 et
1263 610 1440 668 densriorum

188 696 421 754 descensusliom
435 703 463 754 et
474 713 609 754 censuum
621 714 654 753 sc
666 697 815 754 cuiuslibet
827 698 936 768 generis
948 697 1127 754 collectarum
1139 699 1259 755 eximere
1271 699 1438 771 dignaretur.

249 787 299 841 Ec
319 791 495 857 transumpto
518 785 656 844 Ludoeics‘
679 787 752 858 repis
769 787 803 842 de
820 801 896 842 cone
922 790 991 844 1352
1012 787 1044 842 io
1067 787 1180 843 archivo
1205 787 1327 858 capituli
1353 788 1437 846 Oleas-

189 890 304 932 mmm.

252 1016 370 1072 MGGX.
391 1021 474 1072 127⁷.
493 1021 535 1073 25.
555 1018 665 1074 Martii.
685 1017 847 1089 Gepitulum
866 1015 1045 1073 Ghssmensie
1059 1016 1191 1074 ecoleeiso
1204 1017 1354 1074 memoriae
1366 1034 1439 1073 com·

192 1103 321 1173 mendst,
340 1103 416 1176 quod
434 1105 528 1162 Blssio
552 1105 610 1162 lilio
632 1105 652 1162 J
654 1105 706 1160 urk
723 1122 775 1177 pro
794 1123 824 1162 se
842 1110 870 1160 et
886 1104 1034 1176 Dursivoy‚
1059 1102 1194 1174 Gregorio
1219 1109 1247 1161 et
1270 1104 1364 1160 Gurss
1387 1104 1439 1161 fre-

194 1189 289 1247 tribus
307 1191 470 1248 absentibus
489 1193 526 1248 sb
544 1211 600 1248 sins
617 1199 704 1265 perte,
723 1191 759 1248 sb
777 1193 864 1248 altere
882 1197 975 1248 entem
996 1190 1102 1247 Psulue
1120 1191 1194 1247 tilius
1212 1192 1321 1248 Zebesk
1339 1193 1441 1248 consti·

193 1281 277 1348 tutis,
303 1280 376 1336 idem
395 1279 507 1336 Blesius
524 1281 559 1336 de
577 1287 649 1337 terrs
662 1281 691 1336 in
703 1280 846 1349 Polichne,
858 1279 895 1336 sd
908 1279 985 1352 ipsos
997 1297 1048 1351 pro
1061 1280 1224 1337 concambio
1242 1285 1331 1338 terroe
1343 1297 1439 1337 eorum

192 1367 275 1438 apud
295 1369 436 1438 Zentgurg
457 1369 602 1424 existentis
619 1386 654 1424 ex
673 1373 750 1440 purte
774 1368 916 1424 Benedicti
935 1367 984 1423 lilii
1002 1367 1130 1439 Gregorii
1154 1368 1246 1424 fratris
1269 1368 1335 1424 dicti
1359 1369 1439 1426 Gurlr

192 1455 337 1522 devoluta,
356 1455 521 1527 perticulam
538 1462 627 1513 terroe
646 1457 729 1512 unius
748 1457 832 1512 eretri
849 1473 913 1512 cum
931 1455 1043 1538 duobus
1060 1455 1227 1514 molendinis
1239 1457 1267 1512 in
1280 1473 1354 1528 sque
1368 1457 1439 1514 Gho-

193 1543 350 1614 resneyche
367 1547 396 1600 et
413 1560 487 1614 equs
505 1545 680 1616 Mosonyclre
700 1544 845 1600 consessus
864 1543 900 1598 sit
918 1560 947 1600 se
965 1543 1122 1600 vendidisse
1147 1543 1251 1600 eisdem
1274 1545 1364 1600 Paulo
1388 1563 1439 1617 pro

193 1632 322 1702 quinque
339 1631 447 1687 merois
467 1632 564 1687 Astitit
581 1633 665 1688 etism
687 1631 790 1704 Wlkoy
808 1649 859 1704 pro
878 1648 908 1688 ee
926 1637 954 1687 et
972 1648 1023 1704 pro
1048 1631 1145 1688 Grisen
1170 1632 1254 1688 irstre
1278 1649 1337 1688 suo.
1362 1634 1440 1690 Metu

195 1723 289 1774 terrae
306 1719 403 1790 incipit
419 1719 498 1775 ioxts
514 1723 615 1774 terram
640 1719 705 1775 dicti
724 1719 826 1792 Wllroy
843 1719 871 1774 in
889 1719 975 1774 fluvio
998 1719 1140 1789 Polichne,
1165 1719 1229 1776 inde
1254 1721 1439 1792 pertransiens

196 1823 302 1878 aquom
322 1807 496 1877 Mosonychs
514 1807 589 1863 cedit
605 1807 634 1862 in
652 1823 755 1879 equom
773 1806 991 1878 Cheresneyohs.

255 1894 385 1952 Tlcolds'i:
403 1897 477 1950 Mon.
496 1895 559 1952 liei.
581 1897 609 1948 Τ.
628 1895 651 1950 1.
669 1911 699 1965 p.
719 1899 781 1952 186.

257 2017 856 2108 MO0X1.1277.31.s1crtii.capitulum
881 2035 1060 2093 Ghssmensis
1085 2037 1218 2094 ecelesiae
1244 2043 1341 2094 notum
1365 2037 1439 2107 fecit,

198 2122 277 2194 quod
296 2123 407 2194 Syrboi
425 2139 489 2178 oum
514 2123 626 2180 dnobus
651 2124 715 2180 liliis
734 2126 793 2180 suis
810 2124 896 2196 Beley
914 2130 942 2180 et
959 2124 1080 2193 Andron,
1099 2125 1275 2196 Ohernoglsv
1293 2125 1367 2181 filius
1384 2125 1439 2182 Ne-

196 2211 278 2277 terni,
303 2211 401 2266 Petrus
420 2210 494 2267 filius
513 2210 633 2283 Endrey,
657 2212 770 2268 Murcus
788 2229 852 2268 cum
869 2211 1005 2268 Netenich
1023 2212 1159 2281 filiosuo,
1182 2213 1283 2269 Petrus
1306 2218 1334 2268 et
1358 2214 1440 2269 Lulrs
1472 2249 1475 2256 ι

198 2297 250 2352 filii
275 2298 411 2366 Wlohnik‚
442 2299 539 2356 Veche
563 2300 637 2356 filius
661 2299 788 2356 chhioh
816 2305 844 2356 et
870 2300 992 2356 Thomas
1020 2300 1094 2356 filius
1121 2301 1244 2356 Thomse
1270 2301 1379 2358 nobiles
1405 2301 1440 2358 de

199 2385 370 2442 Gheeminch
396 2386 587 2444 vendidissent
613 2388 749 2460 quesdsm
773 2388 924 2460 perticulss
947 2393 1037 2444 terreo
1061 2403 1156 2444 corum
1179 2389 1207 2443 in
1232 2389 1326 2446 Othns
1347 2391 1441 2446 comiti

198 2473 353 2531 Benedioto
372 2475 430 2530 filio
447 2475 547 2532 Jscobi
566 2493 616 2548 pro
634 2478 669 2532 34
686 2477 794 2533 mercis.
814 2477 939 2545 Quarum
957 2477 1046 2548 prime
1071 2483 1147 2532 mets
1171 2477 1267 2548 incipit
1290 2478 1369 2534 iuxta
1391 2479 1441 2534 flu·

202 2562 280 2618 vium
298 2561 484 2620 Vincet-snos
508 2563 608 2620 deinde
631 2571 704 2620 terre
722 2565 841 2632 Orbsvs,
865 2564 929 2620 inde
953 2563 989 2620 sd
1013 2569 1097 2636 caput
1121 2563 1246 2620 eiusdem
1269 2564 1353 2633 fluvii,
1377 2565 1441 2623 inde

202 2665 253 2721 per
272 2655 361 2706 metes
379 2651 468 2706 verice
487 2651 522 2706 sd
541 2657 627 2723 ceput
644 2652 721 2724 putei
738 2652 845 2710 Vether
863 2657 891 2708 et
909 2667 957 2724 per
975 2651 1094 2707 rivulum
1111 2651 1200 2722 ipsius
1224 2653 1301 2723 putei
1324 2653 1382 2709 exit
1405 2653 1441 2708 ed

200 2735 315 2792 fluvium
331 2737 467 2805 Komoi,
487 2743 515 2794 et
533 2739 618 2794 currit
634 2739 663 2794 in
681 2756 784 2810 magno
802 2740 892 2811 spatio
910 2739 946 2796 cd
964 2755 1065 2811 eqnsm
1078 2738 1200 2794 Ghsems
1212 2738 1260 2794 ubi
1271 2741 1441 2796 terminetur.

254 2844 299 2898 Ec
316 2845 429 2901 credive
447 2844 580 2901 camerali
596 2845 728 2900 Redemi.
752 2845 873 2900 Westscl:
897 2845 963 2901 Oed.
981 2844 1050 2914 dipl.
1070 2843 1177 2914 Arpad„
1189 2844 1259 2900 XII.
1278 2849 1338 2901 209.

256 3003 408 3060 MGGXH.
428 3004 602 3076 zsgrsbise.
620 3006 702 3062 1277.
717 3007 761 3060 10.
774 3004 893 3074 Aprilis.
913 3003 1014 3061 Comes
1032 3003 1101 3058 Ivsn
1120 3002 1194 3057 lilius
1211 3001 1321 3074 Iroslsy
1339 3018 1441 3059 memo·

201 3092 259 3148 rise
276 3091 460 3159 commendet,
480 3091 556 3162 qnod
575 3107 626 3162 pro
644 3093 804 3148 remissione
822 3098 1000 3163 peccatorum
1017 3106 1139 3157 suornm,
1167 3090 1239 3146 hsne
1264 3090 1441 3148 eolledonem

204 3179 284 3236 duxit
302 3179 466 3248 faciendam,
484 3178 560 3250 quod
573 3179 716 3236 monschis
734 3179 770 3236 de
788 3179 846 3236 ord.
859 3180 975 3236 iretrum
994 3178 1219 3234 cisterciensium
1236 3177 1272 3234 de
1290 3177 1403 3234 ebbstin
1421 3195 1442 3234 s.

204 3267 304 3323 Jecobi
323 3266 359 3323 de
376 3267 468 3324 insule
485 3267 568 3324 ste
585 3267 663 3322 iuxte
681 3268 845 3338 ngrsbism
863 3267 986 3324 dedisset
1009 3266 1154 3323 eeclesism
1172 3282 1194 3321 s.
1213 3264 1319 3321 Elense
1336 3265 1372 3322 de
1389 3266 1441 3322 Ze·

205 3354 304 3412 mobor
322 3360 467 3410 ettonem
491 3355 565 3410 circo
590 3353 707 3410 condem
731 3355 767 3411 od
791 3372 876 3410 usum
896 3355 1016 3411 ducrum
1040 3359 1201 3420 metrorum,
1226 3369 1312 3408 unum
1338 3353 1443 3409 molen·

204 3441 300 3498 dinum
320 3443 404 3497 situm
421 3442 552 3498 indusio
571 3442 824 3507 Zcmobor,unum
846 3442 964 3498 fundum
988 3442 1081 3498 curies
1106 3442 1134 3495 in
1157 3440 1222 3495 ville
1244 3439 1391 3509 Zemobor,
1416 3447 1444 3497 et

202 3535 258 3586 tres
276 3530 370 3584 ιίιιοιι
391 3530 419 3584 in
444 3529 506 3585 loco
532 3535 705 3602 praenotato.
732 3531 879 3586 Praeterea
905 3531 933 3584 in
961 3529 1118 3600 Brenoyche
1145 3528 1281 3600 cepellnm
1309 3545 1396 3602 suem,
1415 3533 1443 3584 et

201 3622 303 3674 terrem
320 3617 357 3672 sd
374 3616 432 3674 duo
449 3621 541 3673 matre
559 3619 587 3672 in
606 3617 662 3673 fine
689 3625 778 3675 terreo
802 3634 869 3674 suae
887 3619 915 3673 in
934 3617 1092 3690 Bresoychs
1116 3618 1288 3684 existentem,
1307 3633 1340 3670 sc
1357 3633 1442 3671 noem

202 3706 310 3762 rincum
328 3707 355 3760 in
375 3705 543 3772 Ghuchsrie;
556 3711 698 3777 praeterea
715 3708 740 3760 si
757 3711 864 3762 creator
886 3723 996 3762 omnem
1019 3709 1122 3762 statum
1139 3707 1216 3775 regni
1234 3704 1263 3758 in
1280 3704 1379 3758 melius
1401 3721 1442 3759 rs-

202 3793 367 3861 sormsserit,
386 3799 414 3848 et
432 3793 456 3848 ei
475 3792 582 3849 dederit
600 3794 684 3848 vitam
702 3794 856 3864 longiorem
874 3794 981 3864 obliget
998 3809 1029 3848 se
1046 3794 1074 3848 in
1093 3793 1155 3848 loco
1173 3791 1297 3864 espellse
1315 3807 1383 3846 suae
1406 3790 1442 3846 de

202 3879 372 3936 Bresouiche
395 3881 594 3937 monesterium
618 3881 737 3953 propriis
759 3880 901 3937 laboribus
924 3883 982 3937 euis
1006 3881 1133 3949 condere,
1158 3881 1197 3936 its
1219 3878 1295 3950 quod
1320 3878 1442 3950 perlecto

204 3985 287 4040 opere
305 3970 464 4025 monasterii
483 3968 550 4024 inibi
569 3979 630 4025 esee
647 3968 750 4024 debent
767 3985 816 4041 per
834 3985 863 4026 se
881 3971 961 4050 locus
978 3969 1114 4026 sbbstiee.

257 4056 384 4114 Tlcellid:
401 4060 476 4112 Mon.
494 4057 558 4112 list.
579 4059 608 4110 Τ.
626 4059 651 4113 1.
667 4073 697 4127 p.
715 4059 775 4113 187.

240 4197 405 4256 MGGXIII.
424 4199 595 4271 ngrcbise.
610 4201 689 4255 1277.
702 4203 743 4254 13.
755 4198 873 4268 Aprilis.
887 4198 1048 4270 Capitulum
1062 4197 1158 4254 eccles.
1171 4195 1290 4266 Zegrsb.
1304 4195 1443 4266 significet

204 4286 279 4358 quod
297 4286 474 4357 Zlewogosth
492 4286 567 4342 filius
585 4287 681 4355 Tolen,
694 4287 817 4343 Zleuech
829 4286 904 4342 iilius
915 4285 1060 4356 Pribisley,
1073 4283 1234 4355 Wullrouoy
1246 4283 1320 4338 filius
1333 4283 1441 4354 Murge,

205 4375 299 4432 Obrsd
318 4381 346 4431 et
363 4374 500 4431 Gorivolk
518 4375 602 4430 freter
620 4391 697 4443 suns,
716 4374 854 4445 Georgius
875 4374 949 4428 filins
967 4373 1113 4445 Voyhnse,
1137 4371 1247 4427 Blasius
1273 4370 1345 4426 filius
1369 4371 1441 4426 Dru·

203 4465 289 4530 tinne,
308 4463 419 4520 Achibil
438 4463 512 4518 filius
531 4461 652 4532 Georgii,
681 4463 822 4531 Nicolsue,
845 4461 951 4517 leuch
974 4466 1002 4517 et
1025 4459 1146 4516 Stsnech
1170 4458 1220 4514 filii
1243 4459 1370 4529 Drugsn,
1393 4459 1442 4514 Di·

203 4553 277 4607 mine
294 4552 368 4607 iilius
387 4551 459 4608 Tolk
477 4557 505 4606 et
521 4549 677 4607 Pribitlsue
694 4551 768 4607 filius
786 4549 866 4606 Hink
878 4550 915 4606 sb
927 4567 983 4605 uns
1001 4554 1087 4622 perte,
1106 4547 1258 4604 Perchinue
1272 4563 1336 4603 sero
1348 4562 1442 4604 eomes

202 4640 286 4696 trium
305 4639 475 4712 Gsmporum
492 4639 527 4696 sb
545 4639 640 4708 sltem,
659 4639 838 4712 personnliter
865 4638 1014 4706 constituti,
1037 4635 1240 4693 confessisunt
1263 4634 1336 4691 idem
1361 4634 1441 4689 leu-
