3464 5382
661 415 805 460 suemus.
1290 395 1348 456 161

165 581 315 638 DXLVH.
338 580 479 650 venetiis,
505 583 548 633 25.
571 579 682 648 Aprilis
706 583 785 634 1248.
809 578 933 636 Jaoobus
951 580 1078 652 Teupolo
1095 580 1154 635 dux
1172 579 1352 635 venetiarum

117 669 164 724 init
186 667 363 725 concordiam
387 683 452 722 cum
476 665 561 721 fratre
583 666 692 722 Jaoobo
715 665 751 722 de
773 665 923 734 lirnsellis
941 667 1040 722 nuntio
1057 667 1149 722 fratris
1167 666 1300 724 Guilelmi
1317 665 1353 721 de

18 793 20 812 .
117 755 204 811 Sonar
229 753 353 826 magistri
381 753 482 808 domus
508 753 621 808 militiae
647 753 751 825 templi,
779 753 1015 808 consentientibus
1042 753 1126 809 fraus
1144 753 1289 808 Hermano
1317 751 1352 806 de

116 842 207 911 Rurgo
225 846 405 912 praeceptore
423 841 451 894 in
470 838 626 910 Campania
643 845 672 894 et
688 839 801 895 marcha
818 839 978 907 Tarvisana,
997 845 1025 896 et
1042 839 1126 896 fratre
1139 839 1261 896 Iordane
1274 854 1353 910 pree-

116 935 226 999 eeptore
243 927 356 982 Vranae
383 931 411 982 et
428 925 556 994 Senniae,
574 943 625 998 pro
643 927 830 982 satisfactione
848 931 877 982 st
897 927 1071 984 restitutione
1088 926 1261 994 damnorum,
1280 941 1353 996 quae

116 1015 190 1069 illata
208 1014 321 1069 fuerunt
337 1011 535 1069 mercatoribus
553 1013 666 1076 venetis,
679 1013 855 1083 sagiensibus
867 1019 896 1069 et
909 1013 1073 1070 ortensibus
1085 1014 1235 1070 incivitate
1248 1013 1354 1070 Sennis

116 1101 179 1158 olim
197 1107 322 1172 tempore
339 1100 475 1172 captionis
492 1105 521 1154 et
537 1099 737 1156 combustionis
753 1099 842 1170 ipsius
860 1101 986 1168 mutatis,
1005 1099 1041 1156 ad
1059 1117 1197 1156 summam
1220 1100 1353 1155 librarum

115 1189 183 1244 tacu
199 1186 376 1242 denariorum
393 1185 580 1242 veneticorum
598 1197 746 1258 parvorum
765 1203 794 1242 se
812 1185 1026 1254 extendentium,
1044 1203 1115 1257 quas
1133 1185 1282 1258 Templarii
1317 1203 1353 1257 pe

116 1281 168 1331 tres
186 1291 276 1330 annos
294 1274 400 1330 solvere
427 1290 457 1330 se
483 1273 653 1344 obligarunt
681 1279 709 1329 st
733 1272 792 1329 dux
818 1273 929 1329 nomine
955 1275 1110 1330 communis
1136 1273 1202 1328 facit
1222 1273 1306 1328 tinem
1325 1279 1353 1328 et

116 1360 305 1417 remissionem
322 1359 357 1414 de
376 1358 505 1416 omnibns
522 1359 630 1414 damnis
649 1367 677 1416 et
693 1360 808 1430 injuriis,
827 1377 899 1431 quae
916 1361 973 1432 peti
992 1367 1114 1431 possent,
1127 1361 1271 1416 occasione
1287 1359 1352 1414 facti

115 1447 207 1503 damni
225 1447 382 1502 incivitate
401 1446 510 1516 Segnia,
529 1447 642 1517 quando
660 1453 742 1519 capta
759 1453 788 1503 et
804 1448 950 1504 combusta
962 1439 1151 1522 tuit'tempore
1163 1447 1257 1503 fratris
1268 1447 1353 1502 Ram-

116 1533 189 1589 baldi
206 1533 242 1590 de
261 1532 373 1590 Oorono
390 1533 514 1604 magistri
532 1533 695 1604 Hnngariae
713 1539 839 1590 sumente
856 1552 930 1591 anno
950 1536 1018 1591 1239
1035 1551 1131 1592 mense
1144 1533 1312 1590 Decembris.
1327 1533 1352 1588 Ε

115 1637 248 1678 converso
266 1620 349 1676 frater
365 1619 490 1676 Jaoobus
514 1621 625 1676 nomine
643 1627 672 1676 et
688 1621 748 1677 vice
765 1623 888 1691 magistri
907 1627 936 1678 et
952 1622 1053 1678 domus
1071 1621 1166 1694 templi
1184 1621 1250 1678 feeit
1267 1622 1352 1676 finem

116 1707 239 1776 praefato
257 1707 322 1763 duci
339 1713 367 1763 et
384 1707 495 1763 comuni
512 1707 692 1762 venetiarum
704 1714 732 1762 et
742 1707 901 1764 hominibus
912 1709 1020 1780 veglae
1032 1717 1059 1765 et
1071 1709 1163 1764 Arbae
1175 1709 1210 1764 de
1223 1710 1351 1764 omnibus

114 1795 222 1850 damnis
249 1795 329 1850 factis
355 1792 451 1849 domui
477 1793 589 1848 militiae
615 1795 711 1866 templi
738 1810 828 1866 nsque
854 1795 889 1850 ed
919 1803 1093 1866 praesentem
1119 1797 1201 1864 diem,
1229 1797 1352 1867 exceptis

114 1881 222 1937 damnis
239 1881 312 1936 datis
330 1897 380 1952 per
396 1879 522 1936 homines
546 1879 653 1936 Bmlrae
676 1880 814 1949 fratribus,
838 1883 886 1954 qui
903 1882 1049 1952 fugiebant
1065 1901 1083 1939 a
1099 1883 1222 1938 Tartaris
1241 1899 1276 1938 ex
1293 1901 1352 1938 mo·

114 1969 234 2023 nasteuo
260 1967 289 2023 S.
309 1966 429 2037 Georgii,
452 1966 614 2036 dequibus
637 1965 695 2022 dux
720 1969 834 2040 recipiet
855 1971 1044 2040 juramentum
1070 1971 1163 2026 comiti
1190 1969 1298 2041 Veglas
1325 1973 1353 2024 et

114 2053 283 2121 consiliariis,
302 2060 334 2108 nt
352 2061 505 2124 agnoscant
522 2059 550 2108 et
567 2057 599 2108 ut
615 2053 659 2108 ina
678 2053 787 2110 faciant.

163 2159 195 2216 E
219 2160 409 2228 asssumpta
435 2157 609 2214 bibliodtecaa
636 2160 797 2214 marcianae
824 2159 882 2216 MS.
909 2161 967 2216 cod.
998 2161 1064 2218 Lat.
1095 2165 1135 2216 71.
1162 2161 1241 2216 elasa
1269 2159 1345 2216 XVI

18 2295 19 2320 ,
110 2247 163 2314 sol.
183 2249 225 2300 20.

164 2401 330 2458 DXLVIII.
354 2404 431 2457 1248.
455 2405 480 2455 1.
504 2400 588 2456 Maii.
613 2399 680 2456 Bela
703 2401 753 2457 lv.
771 2417 820 2457 rex
843 2402 974 2470 notificat,
999 2403 1074 2474 quod
1092 2405 1185 2461 animo
1208 2405 1352 2461 revolvens

114 2491 221 2546 comitis
239 2486 389 2554 Herbordi,
407 2487 457 2542 filii
475 2487 526 2544 Osl
543 2488 659 2556 comitis,
671 2490 819 2544 continuae
830 2488 970 2544 fidelitatis
983 2491 1126 2562 obsequia,
1138 2507 1210 2562 quae
1228 2509 1245 2546 a
1257 2497 1353 2547 tenera

18 2579 20 2608 ¹
115 2577 205 2632 adhuc
223 2582 313 2632 aetate
332 2592 384 2630 sua
401 2591 434 2629 ac
451 2575 532 2644 regis,
550 2575 579 2628 in
597 2575 673 2644 regis
691 2575 767 2630 cuna
778 2574 923 2643 educatus,
934 2577 993 2632 sine
1005 2577 1206 2633 intermissione
1219 2577 1352 2640 exhibuit,

115 2663 270 2720 dimicando
297 2661 472 2717 laudabiliter
498 2663 526 2716 in
553 2661 655 2716 Russia
682 2663 735 2717 sub
761 2679 863 2733 magna
889 2669 969 2734 porta
987 2663 1127 2732 Gallioiae,
1148 2681 1221 2736 quae
1238 2672 1353 2721 vocabu

114 2753 252 2822 ungarica,
277 2749 385 2818 dehinc
403 2750 486 2804 etiam
510 2766 595 2820 snper
616 2749 731 2804 fluvium
754 2749 902 2806 Denisrtur
927 2751 1076 2820 (Dnister);
1103 2769 1231 2808 reversus
1258 2759 1352 2808 autern

115 2840 226 2910 saepius
244 2838 398 2907 legationes
419 2835 517 2892 detulit
540 2842 618 2892 extra
641 2851 774 2906 rognum
798 2854 862 2893 cum
880 2844 973 2894 autem
991 2855 1108 2908 regnum
1124 2839 1267 2894 invaderet
1283 2856 1352 2909 gans

115 2926 246 2998 pestifera
263 2927 449 2990 Tartarorum,
474 2924 534 2994 ipse
557 2930 615 2978 tam
638 2925 829 2995 possessiones
854 2941 938 2996 quum
956 2942 1053 2980 omnes
1072 2925 1171 2982 fratres
1190 2932 1217 2982 et
1234 2943 1350 2982 consan-

114 3015 230 3084 guineos
249 3027 316 3067 suos
333 3011 491 3080 relinquens
514 3011 543 3064 in
565 3009 638 3080 regis
663 3011 775 3067 servitio
798 3011 834 3066 ad
859 3019 951 3083 partes
977 3012 1128 3066 maritimas
1152 3012 1284 3083 transivit,
1303 3013 1352 3066 ubi

114 3117 177 3156 cam
195 3099 269 3168 regis
286 3098 365 3154 lateri
383 3113 432 3167 per
450 3113 532 3151 suum
550 3099 711 3152 continuum
730 3097 870 3154 servitium
888 3097 1066 3166 adhaesisset,
1088 3099 1230 3154 custodiae
1249 3100 1351 3170 primo·

114 3187 199 3256 geniti
217 3185 266 3240 filii
284 3186 344 3256 ejus
362 3183 497 3254 Stephani
514 3185 587 3254 rogia
605 3181 756 3254 deputatus
779 3184 845 3252 fuit;
864 3201 982 3256 eumque
1000 3186 1029 3240 in
1047 3192 1138 3242 castro
1156 3184 1224 3256 Olya
1241 3201 1352 3240 conser-

114 3275 196 3341 vavit,
215 3273 263 3328 ubi
281 3271 420 3326 fidelitatis
439 3272 499 3342 ejus
516 3271 589 3325 nitor
607 3271 754 3341 praecipua
772 3272 870 3326 claruit
887 3288 980 3326 coram
1000 3288 1074 3341 rege,
1091 3273 1140 3342 qui
1156 3278 1214 3326 tam
1231 3272 1352 3328 interra

112 3377 198 3431 quam
216 3357 286 3414 mari
304 3359 329 3413 ei
347 3357 500 3413 laudabiles
518 3357 668 3412 famulatus
685 3357 835 3428 impendit,
852 3357 978 3412 redeunti
996 3365 1090 3414 autem
1101 3359 1160 3428 regi
1177 3358 1213 3414 de
1225 3358 1351 3432 partibus

111 3447 259 3502 maritimis
289 3445 435 3501 deservivit
463 3446 492 3498 in
517 3445 638 3500 exercitu
668 3451 763 3499 contra
796 3443 894 3499 ducem
919 3445 1048 3500 Austrias
1077 3445 1106 3500 in
1132 3446 1259 3516 pluribus
1288 3462 1353 3500 con·

111 3535 243 3600 flietibus,
260 3537 289 3588 et
305 3531 418 3587 demum
436 3531 490 3586 sub
507 3537 598 3586 castro
615 3531 736 3601 vaszug
749 3531 865 3601 (Kiseg)‚
879 3531 925 3585 ubi
938 3547 1002 3586 oum
1014 3533 1072 3587 suis
1083 3531 1350 3589 commendabilibus

110 3623 182 3678 sctis
192 3621 284 3677 extidt
294 3619 486 3690 triumphator,
499 3624 527 3673 st
535 3617 631 3674 decem
643 3617 678 3674 de
688 3635 739 3674 suo
748 3619 891 3675 consorcio
900 3619 1036 3674 vulnerati
1045 3619 1164 3685 fuerunt,
1177 3625 1353 3688 casuumque

110 3709 254 3765 redditum
271 3707 343 3776 regi3
361 3707 389 3762 in
407 3707 487 3762 cuius
505 3707 759 3776 recompensatione
771 3723 819 3761 rex
832 3707 858 3761 ei
869 3706 1075 3777 possessionem
1086 3705 1197 3759 Rasum
1209 3705 1354 3774 (Resinja),

110 3799 186 3853 ultra
210 3795 336 3850 Dravum
360 3795 389 3849 in
413 3795 545 3850 comitatu
569 3793 718 3848 saladiensi
735 3793 906 3862 existentem,
930 3792 1043 3859 confert,
1062 3809 1126 3847 cum
1144 3791 1272 3847 omnibus
1291 3809 1352 3862 per·

109 3883 244 3950 tuentis,
269 3883 371 3952 quibus
395 3881 472 3936 fratri
494 3897 547 3936 suo
571 3880 712 3951 quondam
735 3879 884 3936 Bencdieto
908 3882 1040 3952 episcopo
1061 3879 1196 3949 jauriensi
1219 3895 1353 3934 concessa

108 3974 211 4028 fuerat
240 3971 389 4035 Maiarum,
416 3985 486 4038 quae
512 3967 656 4024 Dionisius
684 3968 843 4034 Palatinus,
867 3975 935 4023 tunc
961 3968 1050 4023 banus
1068 3968 1154 4023 totius
1181 3965 1351 4031 sclavoniae,

108 4058 334 4128 circumscripsit,
354 4057 441 4127 prima
458 4055 555 4128 incipit
572 4055 608 4110 ab
626 4057 730 4112 oriente
748 4073 783 4110 ex
801 4061 879 4126 parte
896 4063 985 4110 terrae
996 4055 1125 4125 Borivoy,
1143 4053 1191 4108 ubi
1203 4052 1260 4108 duo
1273 4051 1349 4106 fluvii

109 4146 226 4202 llseuoh
243 4145 410 4214 iunguntur;
433 4143 498 4198 inde
519 4149 595 4198 tenet
618 4149 720 4198 metam
743 4160 807 4198 cum
830 4143 948 4214 Berivoy
965 4142 1022 4198 filio
1040 4140 1140 4207 Vidua,
1158 4137 1352 4194 descendendo

18 4237 20 4256 '
110 4233 147 4288 ad
166 4239 270 4288 terram
288 4229 370 4302 Opoy
387 4227 463 4284 vadit
480 4229 515 4284 ad
533 4229 653 4284 rivulum
665 4229 875 4300 Mortunpotolu
888 4235 916 4286 et
930 4229 965 4284 ad
982 4230 1067 4284 alium
1079 4230 1168 4282 mrum
1181 4224 1351 4291 Oolbaznulr,

109 4319 203 4374 tendit
220 4319 248 4372 in
266 4319 401 4372 minorem
427 4317 541 4387 Raayna
567 4321 595 4370 et
621 4333 671 4386 per
697 4317 787 4371 varias
813 4321 901 4372 metas
928 4315 964 4371 ad
982 4332 1112 4385 magnam
1136 4315 1285 4384 Remum,
1303 4312 1351 4365 ubi

109 4413 190 4462 tenet
207 4410 296 4460 metas
319 4421 384 4460 cum
407 4402 589 4470 Cornomer03
612 4402 676 4458 inde
701 4404 828 4474 superius
855 4403 891 4458 ad
916 4409 1019 4458 metam
1042 4401 1237 4457 cruciferorum
1255 4398 1284 4454 S.
1303 4397 1353 4452 Se-

111 4493 231 4563 pulchri,
256 4497 284 4547 et
307 4507 356 4562 per
379 4489 521 4560 Rasynam
546 4489 639 4546 eundo
665 4491 793 4560 superius
811 4489 847 4546 ad
865 4496 953 4546 metas
971 4489 1054 4545 castri
1078 4487 1224 4554 orisiensis,
1243 4484 1291 4540 ubi
1309 4491 1352 4540 est

111 4581 214 4637 demus
238 4579 369 4636 Zobislov
392 4585 420 4634 et
443 4578 518 4632 venit
540 4578 575 4632 ad
599 4583 684 4648 caput
707 4577 827 4650 Razyna,
853 4583 880 4634 et
897 4576 1000 4632 ibidem
1023 4575 1128 4629 rivulus
1145 4572 1306 4644 veperunt,
1325 4579 1353 4627 et

111 4673 192 4724 tenet
217 4673 306 4722 metae
332 4683 396 4721 cum
423 4665 600 4722 Ceroaburda
617 4667 652 4722 ad
670 4669 793 4722 montem
816 4671 844 4721 st
872 4665 908 4720 ad
932 4667 1020 4720 metae
1043 4661 1137 4732 magni
1155 4659 1305 4715 Mothmari
1323 4659 1352 4713 in
