<?xml version="1.0" encoding="UTF-8"?>
<!DOCTYPE html PUBLIC "-//W3C//DTD XHTML 1.0 Transitional//EN"
    "http://www.w3.org/TR/xhtml1/DTD/xhtml1-transitional.dtd">
<html xmlns="http://www.w3.org/1999/xhtml" xml:lang="en" lang="en">
 <head>
  <title>
</title>
<meta http-equiv="Content-Type" content="text/html;charset=utf-8" />
  <meta name='ocr-system' content='tesseract 3.04.00' />
  <meta name='ocr-capabilities' content='ocr_page ocr_carea ocr_par ocr_line ocrx_word'/>
</head>
<body>
  <div class='ocr_page' id='page_1' title='image "./regestadocument00sakcgoog_0299.png"; bbox 0 0 3480 5356; ppageno 0'>
   <div class='ocr_carea' id='block_1_1' title="bbox 689 367 1425 464">
    <p class='ocr_par' dir='ltr' id='par_1_1' title="bbox 689 367 1425 464">
     <span class='ocr_line' id='line_1_1' title="bbox 689 367 1425 464; baseline -0.007 -2"><span class='ocrx_word' id='word_1_1' title='bbox 689 367 833 464; x_wconf 67' lang='lat' dir='ltr'>smmi.</span> <span class='ocrx_word' id='word_1_2' title='bbox 892 377 899 394; x_wconf 83' lang='lat'>&#39;</span> <span class='ocrx_word' id='word_1_3' title='bbox 1361 392 1425 458; x_wconf 81' lang='lat' dir='ltr'>aas</span> 
     </span>
    </p>
   </div>
   <div class='ocr_carea' id='block_1_2' title="bbox 181 581 1426 1080">
    <p class='ocr_par' dir='ltr' id='par_1_2' title="bbox 181 581 1426 1080">
     <span class='ocr_line' id='line_1_2' title="bbox 182 581 1426 653; baseline -0.005 -11"><span class='ocrx_word' id='word_1_4' title='bbox 182 587 294 644; x_wconf 89' lang='lat' dir='ltr'>nomine</span> <span class='ocrx_word' id='word_1_5' title='bbox 312 585 418 642; x_wconf 88' lang='lat' dir='ltr'>domini</span> <span class='ocrx_word' id='word_1_6' title='bbox 437 586 489 653; x_wconf 87' lang='lat' dir='ltr'>sui,</span> <span class='ocrx_word' id='word_1_7' title='bbox 509 583 582 640; x_wconf 93' lang='lat' dir='ltr'>idem</span> <span class='ocrx_word' id='word_1_8' title='bbox 600 583 687 640; x_wconf 88' lang='lat' dir='ltr'>Jacus</span> <span class='ocrx_word' id='word_1_9' title='bbox 706 585 815 640; x_wconf 78' lang='lat' dir='ltr'>vinem</span> <span class='ocrx_word' id='word_1_10' title='bbox 841 599 922 639; x_wconf 85' lang='lat' dir='ltr'>suam</span> <span class='ocrx_word' id='word_1_11' title='bbox 950 582 978 637; x_wconf 89' lang='lat' dir='ltr'>in</span> <span class='ocrx_word' id='word_1_12' title='bbox 1006 587 1078 638; x_wconf 84' lang='lat' dir='ltr'>terra</span> <span class='ocrx_word' id='word_1_13' title='bbox 1105 581 1227 638; x_wconf 84' lang='lat' dir='ltr'>Kemluk</span> <span class='ocrx_word' id='word_1_14' title='bbox 1254 582 1282 636; x_wconf 91' lang='lat' dir='ltr'>in</span> <span class='ocrx_word' id='word_1_15' title='bbox 1309 581 1426 637; x_wconf 87' lang='lat' dir='ltr'>circuitu</span> 
     </span>
     <span class='ocr_line' id='line_1_3' title="bbox 181 669 1424 742; baseline -0.006 -12"><span class='ocrx_word' id='word_1_16' title='bbox 181 675 324 730; x_wconf 79' lang='lat' dir='ltr'>vinearum</span> <span class='ocrx_word' id='word_1_17' title='bbox 342 672 471 728; x_wconf 81' lang='lat' dir='ltr'>Andreas</span> <span class='ocrx_word' id='word_1_18' title='bbox 489 671 597 728; x_wconf 87' lang='lat' dir='ltr'>comitia</span> <span class='ocrx_word' id='word_1_19' title='bbox 616 670 771 728; x_wconf 78' lang='lat' dir='ltr'>vendiderit</span> <span class='ocrx_word' id='word_1_20' title='bbox 788 671 878 726; x_wconf 91' lang='lat' dir='ltr'>eidem</span> <span class='ocrx_word' id='word_1_21' title='bbox 898 688 948 742; x_wconf 90' lang='lat' dir='ltr'>pro</span> <span class='ocrx_word' id='word_1_22' title='bbox 967 671 1000 726; x_wconf 78' lang='lat'>26</span> <span class='ocrx_word' id='word_1_23' title='bbox 1015 669 1109 741; x_wconf 86' lang='lat' dir='ltr'>pensis</span> <span class='ocrx_word' id='word_1_24' title='bbox 1127 669 1304 725; x_wconf 88' lang='lat' dir='ltr'>denariorum</span> <span class='ocrx_word' id='word_1_25' title='bbox 1323 669 1424 738; x_wconf 81' lang='lat' dir='ltr'>Zegre-</span> 
     </span>
     <span class='ocr_line' id='line_1_4' title="bbox 183 755 1425 830; baseline -0.006 -12"><span class='ocrx_word' id='word_1_26' title='bbox 183 762 328 829; x_wconf 89' lang='lat' dir='ltr'>hiensium,</span> <span class='ocrx_word' id='word_1_27' title='bbox 352 775 471 830; x_wconf 89' lang='lat' dir='ltr'>quorum</span> <span class='ocrx_word' id='word_1_28' title='bbox 497 759 625 830; x_wconf 86' lang='lat' dir='ltr'>singulae</span> <span class='ocrx_word' id='word_1_29' title='bbox 649 759 772 830; x_wconf 89' lang='lat' dir='ltr'>quinque</span> <span class='ocrx_word' id='word_1_30' title='bbox 801 774 904 830; x_wconf 86' lang='lat' dir='ltr'>pensae</span> <span class='ocrx_word' id='word_1_31' title='bbox 928 773 1050 813; x_wconf 86' lang='lat' dir='ltr'>marcam</span> <span class='ocrx_word' id='word_1_32' title='bbox 1074 763 1141 812; x_wconf 92' lang='lat' dir='ltr'>tunc</span> <span class='ocrx_word' id='word_1_33' title='bbox 1165 755 1337 827; x_wconf 77' lang='lat' dir='ltr'>temporibus</span> <span class='ocrx_word' id='word_1_34' title='bbox 1362 755 1425 812; x_wconf 87' lang='lat' dir='ltr'>laci·</span> 
     </span>
     <span class='ocr_line' id='line_1_5' title="bbox 181 849 1426 1005; baseline -0.006 -14"><span class='ocrx_word' id='word_1_35' title='bbox 181 849 313 1005; x_wconf 55' lang='lat' dir='ltr'>emotiip.</span> <span class='ocrx_word' id='word_1_36' title='bbox 338 934 445 990; x_wconf 79' lang='lat' dir='ltr'>membr.</span> <span class='ocrx_word' id='word_1_37' title='bbox 465 948 499 988; x_wconf 77' lang='lat' dir='ltr'>ee</span> <span class='ocrx_word' id='word_1_38' title='bbox 517 933 588 988; x_wconf 82' lang='lat' dir='ltr'>ortis</span> <span class='ocrx_word' id='word_1_39' title='bbox 610 947 662 1002; x_wconf 82' lang='lat' dir='ltr'>per</span> <span class='ocrx_word' id='word_1_40' title='bbox 685 933 788 988; x_wconf 83' lang='lat' dir='ltr'>hunum</span> <span class='ocrx_word' id='word_1_41' title='bbox 812 931 1088 1002; x_wconf 71' lang='lat' dir='ltr'>Kissa-Hederoory</span> <span class='ocrx_word' id='word_1_42' title='bbox 1106 945 1119 986; x_wconf 85' lang='lat' dir='ltr'>c</span> <span class='ocrx_word' id='word_1_43' title='bbox 1137 931 1216 1001; x_wconf 78' lang='lat' dir='ltr'>repat</span> <span class='ocrx_word' id='word_1_44' title='bbox 1239 929 1352 986; x_wconf 82' lang='lat' dir='ltr'>cretico</span> <span class='ocrx_word' id='word_1_45' title='bbox 1376 931 1426 985; x_wconf 86' lang='lat' dir='ltr'>Pe·</span> 
     </span>
     <span class='ocr_line' id='line_1_6' title="bbox 182 1019 877 1080; baseline -0.01 -1"><span class='ocrx_word' id='word_1_46' title='bbox 182 1023 288 1080; x_wconf 71' lang='lat' dir='ltr'>mirram</span> <span class='ocrx_word' id='word_1_47' title='bbox 306 1021 416 1078; x_wconf 62' lang='lat' dir='ltr'>chiama</span> <span class='ocrx_word' id='word_1_48' title='bbox 434 1023 468 1075; x_wconf 87' lang='lat' dir='ltr'>N.</span> <span class='ocrx_word' id='word_1_49' title='bbox 487 1021 521 1076; x_wconf 79' lang='grc' dir='ltr'>Β.</span> <span class='ocrx_word' id='word_1_50' title='bbox 539 1019 574 1075; x_wconf 84' lang='grc' dir='ltr'>Δ.</span> <span class='ocrx_word' id='word_1_51' title='bbox 593 1021 676 1076; x_wconf 81' lang='lat' dir='ltr'>Fore.</span> <span class='ocrx_word' id='word_1_52' title='bbox 697 1023 757 1076; x_wconf 71' lang='lat'>165.</span> <span class='ocrx_word' id='word_1_53' title='bbox 778 1023 812 1076; x_wconf 87' lang='lat' dir='ltr'>N.</span> <span class='ocrx_word' id='word_1_54' title='bbox 832 1023 877 1072; x_wconf 87' lang='lat'>20.</span> 
     </span>
    </p>
   </div>
   <div class='ocr_carea' id='block_1_3' title="bbox 184 1159 1430 2108">
    <p class='ocr_par' dir='ltr' id='par_1_3' title="bbox 184 1159 1430 2108">
     <span class='ocr_line' id='line_1_7' title="bbox 238 1159 1428 1231; baseline -0.004 -13"><span class='ocrx_word' id='word_1_55' title='bbox 238 1159 711 1218; x_wconf 77' lang='lat' dir='ltr'>GMLXXXIV.vtessuii.1eea</span> <span class='ocrx_word' id='word_1_56' title='bbox 735 1164 779 1216; x_wconf 75' lang='lat'>24.</span> <span class='ocrx_word' id='word_1_57' title='bbox 805 1159 979 1230; x_wconf 77' lang='lat' dir='ltr'>Septembris.</span> <span class='ocrx_word' id='word_1_58' title='bbox 1004 1159 1151 1231; x_wconf 87' lang='lat' dir='ltr'>Philippus</span> <span class='ocrx_word' id='word_1_59' title='bbox 1175 1160 1372 1230; x_wconf 78' lang='lat' dir='ltr'>strigoniensis</span> <span class='ocrx_word' id='word_1_60' title='bbox 1400 1164 1428 1214; x_wconf 88' lang='lat' dir='ltr'>et</span> 
     </span>
     <span class='ocr_line' id='line_1_8' title="bbox 184 1245 1427 1322; baseline -0.005 -15"><span class='ocrx_word' id='word_1_61' title='bbox 184 1249 345 1322; x_wconf 79' lang='lat' dir='ltr'>Stephanus</span> <span class='ocrx_word' id='word_1_62' title='bbox 367 1248 528 1305; x_wconf 67' lang='lat' dir='ltr'>(tolosensis</span> <span class='ocrx_word' id='word_1_63' title='bbox 554 1248 762 1320; x_wconf 88' lang='lat' dir='ltr'>archiepiscopi,</span> <span class='ocrx_word' id='word_1_64' title='bbox 790 1248 957 1318; x_wconf 88' lang='lat' dir='ltr'>Lampertus</span> <span class='ocrx_word' id='word_1_65' title='bbox 982 1248 1125 1318; x_wconf 85' lang='lat' dir='ltr'>agriensis,</span> <span class='ocrx_word' id='word_1_66' title='bbox 1152 1248 1258 1303; x_wconf 87' lang='lat' dir='ltr'>Paulus</span> <span class='ocrx_word' id='word_1_67' title='bbox 1276 1245 1427 1317; x_wconf 89' lang='lat' dir='ltr'>Vesprimi-</span> 
     </span>
     <span class='ocr_line' id='line_1_9' title="bbox 184 1334 1426 1408; baseline -0.005 -14"><span class='ocrx_word' id='word_1_68' title='bbox 184 1339 267 1406; x_wconf 88' lang='lat' dir='ltr'>ensis,</span> <span class='ocrx_word' id='word_1_69' title='bbox 291 1336 441 1408; x_wconf 86' lang='lat' dir='ltr'>Philippus</span> <span class='ocrx_word' id='word_1_70' title='bbox 459 1335 613 1403; x_wconf 86' lang='lat' dir='ltr'>Vaciensis,</span> <span class='ocrx_word' id='word_1_71' title='bbox 638 1335 820 1395; x_wconf 80' lang='lat' dir='ltr'>Lodomcriue</span> <span class='ocrx_word' id='word_1_72' title='bbox 846 1334 1026 1392; x_wconf 87' lang='lat' dir='ltr'>Varadieneis</span> <span class='ocrx_word' id='word_1_73' title='bbox 1050 1335 1173 1408; x_wconf 90' lang='lat' dir='ltr'>episcopi</span> <span class='ocrx_word' id='word_1_74' title='bbox 1198 1335 1354 1404; x_wconf 86' lang='lat' dir='ltr'>significant</span> <span class='ocrx_word' id='word_1_75' title='bbox 1378 1351 1426 1390; x_wconf 90' lang='lat' dir='ltr'>eos</span> 
     </span>
     <span class='ocr_line' id='line_1_10' title="bbox 184 1421 1426 1496; baseline -0.006 -13"><span class='ocrx_word' id='word_1_76' title='bbox 184 1433 213 1483; x_wconf 93' lang='lat' dir='ltr'>et</span> <span class='ocrx_word' id='word_1_77' title='bbox 240 1441 337 1482; x_wconf 89' lang='lat' dir='ltr'>omnes</span> <span class='ocrx_word' id='word_1_78' title='bbox 361 1425 509 1496; x_wconf 84' lang='lat' dir='ltr'>episcopos</span> <span class='ocrx_word' id='word_1_79' title='bbox 531 1424 609 1494; x_wconf 90' lang='lat' dir='ltr'>regni</span> <span class='ocrx_word' id='word_1_80' title='bbox 633 1423 773 1494; x_wconf 83' lang='lat' dir='ltr'>Ungariae</span> <span class='ocrx_word' id='word_1_81' title='bbox 798 1423 935 1494; x_wconf 72' lang='lat' dir='ltr'>recepisse</span> <span class='ocrx_word' id='word_1_82' title='bbox 958 1422 1052 1478; x_wconf 89' lang='lat' dir='ltr'>literas</span> <span class='ocrx_word' id='word_1_83' title='bbox 1082 1423 1251 1494; x_wconf 85' lang='lat' dir='ltr'>apostolicas</span> <span class='ocrx_word' id='word_1_84' title='bbox 1275 1421 1426 1478; x_wconf 83' lang='lat' dir='ltr'>Clementis</span> 
     </span>
     <span class='ocr_line' id='line_1_11' title="bbox 189 1509 1427 1584; baseline -0.005 -14"><span class='ocrx_word' id='word_1_85' title='bbox 189 1513 241 1570; x_wconf 93' lang='lat' dir='ltr'>IV.</span> <span class='ocrx_word' id='word_1_86' title='bbox 260 1528 334 1584; x_wconf 80' lang='lat' dir='ltr'>papa</span> <span class='ocrx_word' id='word_1_87' title='bbox 351 1512 379 1566; x_wconf 94' lang='lat' dir='ltr'>in</span> <span class='ocrx_word' id='word_1_88' title='bbox 399 1511 501 1582; x_wconf 88' lang='lat' dir='ltr'>quibus</span> <span class='ocrx_word' id='word_1_89' title='bbox 519 1509 572 1568; x_wconf 89' lang='lat' dir='ltr'>illis</span> <span class='ocrx_word' id='word_1_90' title='bbox 591 1511 721 1580; x_wconf 87' lang='lat' dir='ltr'>insinuat,</span> <span class='ocrx_word' id='word_1_91' title='bbox 748 1509 824 1580; x_wconf 92' lang='lat' dir='ltr'>quod</span> <span class='ocrx_word' id='word_1_92' title='bbox 848 1510 967 1566; x_wconf 86' lang='lat' dir='ltr'>barones</span> <span class='ocrx_word' id='word_1_93' title='bbox 989 1516 1018 1566; x_wconf 86' lang='lat' dir='ltr'>et</span> <span class='ocrx_word' id='word_1_94' title='bbox 1041 1510 1088 1565; x_wconf 89' lang='lat' dir='ltr'>alii</span> <span class='ocrx_word' id='word_1_95' title='bbox 1113 1510 1221 1566; x_wconf 91' lang='lat' dir='ltr'>nobiles</span> <span class='ocrx_word' id='word_1_96' title='bbox 1245 1512 1330 1581; x_wconf 83' lang='lat' dir='ltr'>regni,</span> <span class='ocrx_word' id='word_1_97' title='bbox 1355 1511 1427 1565; x_wconf 89' lang='lat' dir='ltr'>sicut</span> 
     </span>
     <span class='ocr_line' id='line_1_12' title="bbox 184 1595 1428 1670; baseline -0.003 -14"><span class='ocrx_word' id='word_1_98' title='bbox 184 1599 299 1657; x_wconf 90' lang='lat' dir='ltr'>adeius</span> <span class='ocrx_word' id='word_1_99' title='bbox 324 1597 448 1670; x_wconf 84' lang='lat' dir='ltr'>persenit</span> <span class='ocrx_word' id='word_1_100' title='bbox 469 1597 602 1664; x_wconf 86' lang='lat' dir='ltr'>auditum,</span> <span class='ocrx_word' id='word_1_101' title='bbox 627 1597 655 1651; x_wconf 93' lang='lat' dir='ltr'>in</span> <span class='ocrx_word' id='word_1_102' title='bbox 689 1595 888 1668; x_wconf 87' lang='lat' dir='ltr'>praeiudicium</span> <span class='ocrx_word' id='word_1_103' title='bbox 906 1596 1042 1654; x_wconf 84' lang='lat' dir='ltr'>libertatis</span> <span class='ocrx_word' id='word_1_104' title='bbox 1064 1597 1267 1654; x_wconf 86' lang='lat' dir='ltr'>ecclesiasticae</span> <span class='ocrx_word' id='word_1_105' title='bbox 1290 1597 1428 1653; x_wconf 85' lang='lat' dir='ltr'>duxerant</span> 
     </span>
     <span class='ocr_line' id='line_1_13' title="bbox 185 1683 1427 1754; baseline -0.003 -10"><span class='ocrx_word' id='word_1_106' title='bbox 185 1685 364 1744; x_wconf 85' lang='lat' dir='ltr'>statuendum</span> <span class='ocrx_word' id='word_1_107' title='bbox 382 1690 414 1740; x_wconf 89' lang='lat' dir='ltr'>ut</span> <span class='ocrx_word' id='word_1_108' title='bbox 432 1684 555 1740; x_wconf 89' lang='lat' dir='ltr'>decimae</span> <span class='ocrx_word' id='word_1_109' title='bbox 573 1701 629 1741; x_wconf 91' lang='lat' dir='ltr'>non</span> <span class='ocrx_word' id='word_1_110' title='bbox 658 1683 828 1740; x_wconf 83' lang='lat' dir='ltr'>solverentur</span> <span class='ocrx_word' id='word_1_111' title='bbox 852 1684 975 1754; x_wconf 80' lang='lat' dir='ltr'>eeclesiis</span> <span class='ocrx_word' id='word_1_112' title='bbox 998 1685 1077 1740; x_wconf 86' lang='lat' dir='ltr'>iuxta</span> <span class='ocrx_word' id='word_1_113' title='bbox 1100 1701 1205 1740; x_wconf 90' lang='lat' dir='ltr'>morem</span> <span class='ocrx_word' id='word_1_114' title='bbox 1229 1691 1257 1740; x_wconf 91' lang='lat' dir='ltr'>et</span> <span class='ocrx_word' id='word_1_115' title='bbox 1280 1691 1427 1741; x_wconf 87' lang='lat' dir='ltr'>consuetu·</span> 
     </span>
     <span class='ocr_line' id='line_1_14' title="bbox 184 1771 1427 1845; baseline -0.002 -15"><span class='ocrx_word' id='word_1_116' title='bbox 184 1775 286 1842; x_wconf 87' lang='lat' dir='ltr'>dinem,</span> <span class='ocrx_word' id='word_1_117' title='bbox 305 1772 380 1845; x_wconf 89' lang='lat' dir='ltr'>quod</span> <span class='ocrx_word' id='word_1_118' title='bbox 399 1777 428 1828; x_wconf 84' lang='lat' dir='ltr'>et</span> <span class='ocrx_word' id='word_1_119' title='bbox 444 1787 523 1843; x_wconf 88' lang='lat' dir='ltr'>reges</span> <span class='ocrx_word' id='word_1_120' title='bbox 542 1771 610 1826; x_wconf 85' lang='lat' dir='ltr'>Pela</span> <span class='ocrx_word' id='word_1_121' title='bbox 627 1777 655 1828; x_wconf 91' lang='lat' dir='ltr'>et</span> <span class='ocrx_word' id='word_1_122' title='bbox 673 1771 833 1844; x_wconf 81' lang='lat' dir='ltr'>Stephanos</span> <span class='ocrx_word' id='word_1_123' title='bbox 860 1771 1059 1828; x_wconf 87' lang='lat' dir='ltr'>confirmarunt</span> <span class='ocrx_word' id='word_1_124' title='bbox 1076 1773 1213 1844; x_wconf 88' lang='lat' dir='ltr'>corporali</span> <span class='ocrx_word' id='word_1_125' title='bbox 1235 1773 1368 1843; x_wconf 85' lang='lat' dir='ltr'>praestito</span> <span class='ocrx_word' id='word_1_126' title='bbox 1382 1773 1427 1843; x_wconf 89' lang='lat' dir='ltr'>ju·</span> 
     </span>
     <span class='ocr_line' id='line_1_15' title="bbox 185 1859 1427 1932; baseline -0.002 -15"><span class='ocrx_word' id='word_1_127' title='bbox 185 1865 319 1929; x_wconf 88' lang='lat' dir='ltr'>ramento,</span> <span class='ocrx_word' id='word_1_128' title='bbox 338 1859 414 1932; x_wconf 92' lang='lat' dir='ltr'>quod</span> <span class='ocrx_word' id='word_1_129' title='bbox 432 1859 502 1915; x_wconf 93' lang='lat' dir='ltr'>illud</span> <span class='ocrx_word' id='word_1_130' title='bbox 522 1863 658 1916; x_wconf 83' lang='lat' dir='ltr'>statutum</span> <span class='ocrx_word' id='word_1_131' title='bbox 675 1860 729 1916; x_wconf 89' lang='lat' dir='ltr'>hoc</span> <span class='ocrx_word' id='word_1_132' title='bbox 751 1859 893 1916; x_wconf 87' lang='lat' dir='ltr'>observari</span> <span class='ocrx_word' id='word_1_133' title='bbox 912 1860 1014 1916; x_wconf 87' lang='lat' dir='ltr'>rellint.</span> <span class='ocrx_word' id='word_1_134' title='bbox 1035 1859 1152 1916; x_wconf 84' lang='lat' dir='ltr'>Mandat</span> <span class='ocrx_word' id='word_1_135' title='bbox 1175 1860 1259 1930; x_wconf 82' lang='lat' dir='ltr'>igitur</span> <span class='ocrx_word' id='word_1_136' title='bbox 1283 1860 1323 1915; x_wconf 92' lang='lat' dir='ltr'>eis</span> <span class='ocrx_word' id='word_1_137' title='bbox 1346 1876 1427 1930; x_wconf 86' lang='lat' dir='ltr'>papa,</span> 
     </span>
     <span class='ocr_line' id='line_1_16' title="bbox 184 1947 1430 2020; baseline -0.002 -14"><span class='ocrx_word' id='word_1_138' title='bbox 184 1953 217 2006; x_wconf 86' lang='lat' dir='ltr'>nt</span> <span class='ocrx_word' id='word_1_139' title='bbox 241 1953 376 2004; x_wconf 88' lang='lat' dir='ltr'>statutum</span> <span class='ocrx_word' id='word_1_140' title='bbox 397 1947 520 2018; x_wconf 86' lang='lat' dir='ltr'>regulet</span> <span class='ocrx_word' id='word_1_141' title='bbox 538 1951 741 2002; x_wconf 87' lang='lat' dir='ltr'>sacramentum</span> <span class='ocrx_word' id='word_1_142' title='bbox 764 1965 861 2018; x_wconf 91' lang='lat' dir='ltr'>regum</span> <span class='ocrx_word' id='word_1_143' title='bbox 888 1964 939 2020; x_wconf 89' lang='lat' dir='ltr'>pro</span> <span class='ocrx_word' id='word_1_144' title='bbox 963 1948 1039 2003; x_wconf 90' lang='lat' dir='ltr'>irrito</span> <span class='ocrx_word' id='word_1_145' title='bbox 1064 1953 1092 2003; x_wconf 91' lang='lat' dir='ltr'>st</span> <span class='ocrx_word' id='word_1_146' title='bbox 1115 1947 1210 2002; x_wconf 90' lang='lat' dir='ltr'>innani</span> <span class='ocrx_word' id='word_1_147' title='bbox 1234 1947 1376 2004; x_wconf 70' lang='lat' dir='ltr'>declarent</span> <span class='ocrx_word' id='word_1_148' title='bbox 1401 1951 1430 2004; x_wconf 90' lang='lat' dir='ltr'>et</span> 
     </span>
     <span class='ocr_line' id='line_1_17' title="bbox 185 2034 1428 2108; baseline -0.002 -16"><span class='ocrx_word' id='word_1_149' title='bbox 185 2040 324 2108; x_wconf 84' lang='lat' dir='ltr'>reputant,</span> <span class='ocrx_word' id='word_1_150' title='bbox 342 2041 451 2090; x_wconf 84' lang='lat' dir='ltr'>etcum</span> <span class='ocrx_word' id='word_1_151' title='bbox 479 2035 763 2091; x_wconf 80' lang='lat' dir='ltr'>excommunicatione</span> <span class='ocrx_word' id='word_1_152' title='bbox 787 2050 837 2091; x_wconf 88' lang='lat' dir='ltr'>seu</span> <span class='ocrx_word' id='word_1_153' title='bbox 855 2034 1015 2104; x_wconf 89' lang='lat' dir='ltr'>interdictis,</span> <span class='ocrx_word' id='word_1_154' title='bbox 1039 2035 1222 2091; x_wconf 88' lang='lat' dir='ltr'>communiter</span> <span class='ocrx_word' id='word_1_155' title='bbox 1248 2035 1292 2090; x_wconf 84' lang='lat' dir='ltr'>vel</span> <span class='ocrx_word' id='word_1_156' title='bbox 1317 2034 1428 2090; x_wconf 78' lang='lat' dir='ltr'>divisim</span> 
     </span>
    </p>
   </div>
   <div class='ocr_carea' id='block_1_4' title="bbox 185 2120 753 2278">
    <p class='ocr_par' dir='ltr' id='par_1_4' title="bbox 185 2120 753 2278">
     <span class='ocr_line' id='line_1_18' title="bbox 185 2120 666 2178; baseline -0.004 0"><span class='ocrx_word' id='word_1_157' title='bbox 185 2123 340 2178; x_wconf 87' lang='lat' dir='ltr'>libertatem</span> <span class='ocrx_word' id='word_1_158' title='bbox 358 2121 491 2177; x_wconf 87' lang='lat' dir='ltr'>eeclesiae</span> <span class='ocrx_word' id='word_1_159' title='bbox 509 2120 666 2177; x_wconf 82' lang='lat' dir='ltr'>defendant</span> 
     </span>
     <span class='ocr_line' id='line_1_19' title="bbox 239 2205 753 2278; baseline -0.004 -12"><span class='ocrx_word' id='word_1_160' title='bbox 239 2208 365 2266; x_wconf 76' lang='lat' dir='ltr'>Tlolcid:</span> <span class='ocrx_word' id='word_1_161' title='bbox 383 2210 457 2264; x_wconf 73' lang='lat' dir='ltr'>Mors.</span> <span class='ocrx_word' id='word_1_162' title='bbox 475 2205 538 2264; x_wconf 82' lang='lat' dir='ltr'>hist.</span> <span class='ocrx_word' id='word_1_163' title='bbox 560 2209 588 2264; x_wconf 84' lang='lat' dir='ltr'>T.</span> <span class='ocrx_word' id='word_1_164' title='bbox 607 2209 630 2263; x_wconf 88' lang='lat'>1.</span> <span class='ocrx_word' id='word_1_165' title='bbox 646 2224 678 2278; x_wconf 88' lang='lat' dir='ltr'>p.</span> <span class='ocrx_word' id='word_1_166' title='bbox 693 2212 753 2264; x_wconf 74' lang='lat'>143.</span> 
     </span>
    </p>
   </div>
   <div class='ocr_carea' id='block_1_5' title="bbox 186 2349 1430 2684">
    <p class='ocr_par' dir='ltr' id='par_1_5' title="bbox 186 2349 1430 2684">
     <span class='ocr_line' id='line_1_20' title="bbox 242 2349 1430 2406; baseline 0 0"><span class='ocrx_word' id='word_1_167' title='bbox 242 2349 546 2406; x_wconf 83' lang='lat' dir='ltr'>OMLXXXV.1269.</span> <span class='ocrx_word' id='word_1_168' title='bbox 566 2355 591 2404; x_wconf 88' lang='lat'>3.</span> <span class='ocrx_word' id='word_1_169' title='bbox 612 2350 745 2406; x_wconf 79' lang='lat' dir='ltr'>Octobris.</span> <span class='ocrx_word' id='word_1_170' title='bbox 765 2350 833 2406; x_wconf 87' lang='lat' dir='ltr'>Bela</span> <span class='ocrx_word' id='word_1_171' title='bbox 851 2350 904 2406; x_wconf 84' lang='lat' dir='ltr'>IV.</span> <span class='ocrx_word' id='word_1_172' title='bbox 923 2365 972 2406; x_wconf 82' lang='lat' dir='ltr'>rex</span> <span class='ocrx_word' id='word_1_173' title='bbox 992 2349 1107 2406; x_wconf 84' lang='lat' dir='ltr'>orbatus</span> <span class='ocrx_word' id='word_1_174' title='bbox 1125 2351 1182 2406; x_wconf 88' lang='lat' dir='ltr'>filio</span> <span class='ocrx_word' id='word_1_175' title='bbox 1212 2367 1263 2406; x_wconf 89' lang='lat' dir='ltr'>suo</span> <span class='ocrx_word' id='word_1_176' title='bbox 1287 2351 1430 2406; x_wconf 88' lang='lat' dir='ltr'>carissimo</span> 
     </span>
     <span class='ocr_line' id='line_1_21' title="bbox 186 2437 1430 2510; baseline -0.001 -16"><span class='ocrx_word' id='word_1_177' title='bbox 186 2439 256 2496; x_wconf 91' lang='lat' dir='ltr'>Bela</span> <span class='ocrx_word' id='word_1_178' title='bbox 273 2437 460 2494; x_wconf 88' lang='lat' dir='ltr'>illustrissimo</span> <span class='ocrx_word' id='word_1_179' title='bbox 479 2437 550 2492; x_wconf 87' lang='lat' dir='ltr'>duee</span> <span class='ocrx_word' id='word_1_180' title='bbox 567 2437 653 2492; x_wconf 88' lang='lat' dir='ltr'>totius</span> <span class='ocrx_word' id='word_1_181' title='bbox 681 2437 830 2494; x_wconf 82' lang='lat' dir='ltr'>Slsronias</span> <span class='ocrx_word' id='word_1_182' title='bbox 854 2444 881 2493; x_wconf 92' lang='lat' dir='ltr'>et</span> <span class='ocrx_word' id='word_1_183' title='bbox 905 2455 954 2510; x_wconf 92' lang='lat' dir='ltr'>per</span> <span class='ocrx_word' id='word_1_184' title='bbox 978 2439 1038 2494; x_wconf 86' lang='lat' dir='ltr'>eius</span> <span class='ocrx_word' id='word_1_185' title='bbox 1062 2443 1179 2494; x_wconf 90' lang='lat' dir='ltr'>mortem</span> <span class='ocrx_word' id='word_1_186' title='bbox 1203 2439 1266 2494; x_wconf 90' lang='lat' dir='ltr'>telis</span> <span class='ocrx_word' id='word_1_187' title='bbox 1290 2439 1430 2494; x_wconf 87' lang='lat' dir='ltr'>sanciatus</span> 
     </span>
     <span class='ocr_line' id='line_1_22' title="bbox 188 2523 1428 2596; baseline -0.003 -14"><span class='ocrx_word' id='word_1_188' title='bbox 188 2524 381 2582; x_wconf 88' lang='lat' dir='ltr'>amaritudinis</span> <span class='ocrx_word' id='word_1_189' title='bbox 399 2525 591 2595; x_wconf 88' lang='lat' dir='ltr'>sempiternae,</span> <span class='ocrx_word' id='word_1_190' title='bbox 612 2524 771 2580; x_wconf 86' lang='lat' dir='ltr'>Ecclesiam</span> <span class='ocrx_word' id='word_1_191' title='bbox 789 2523 818 2580; x_wconf 81' lang='grc' dir='ltr'>Β.</span> <span class='ocrx_word' id='word_1_192' title='bbox 837 2525 981 2580; x_wconf 74' lang='lat' dir='ltr'>Michaelis</span> <span class='ocrx_word' id='word_1_193' title='bbox 1002 2525 1160 2596; x_wconf 75' lang='lat' dir='ltr'>archangeli</span> <span class='ocrx_word' id='word_1_194' title='bbox 1177 2525 1336 2596; x_wconf 88' lang='lat' dir='ltr'>Vesprimii,</span> <span class='ocrx_word' id='word_1_195' title='bbox 1360 2541 1376 2578; x_wconf 90' lang='lat' dir='ltr'>a</span> <span class='ocrx_word' id='word_1_196' title='bbox 1399 2541 1428 2579; x_wconf 90' lang='lat' dir='ltr'>ae</span> 
     </span>
     <span class='ocr_line' id='line_1_23' title="bbox 192 2611 962 2684; baseline -0.003 -16"><span class='ocrx_word' id='word_1_197' title='bbox 192 2612 382 2684; x_wconf 88' lang='lat' dir='ltr'>multipliciter</span> <span class='ocrx_word' id='word_1_198' title='bbox 399 2611 615 2680; x_wconf 86' lang='lat' dir='ltr'>damnificatam,</span> <span class='ocrx_word' id='word_1_199' title='bbox 634 2613 662 2666; x_wconf 93' lang='lat' dir='ltr'>in</span> <span class='ocrx_word' id='word_1_200' title='bbox 680 2612 818 2682; x_wconf 87' lang='lat' dir='ltr'>integrum</span> <span class='ocrx_word' id='word_1_201' title='bbox 836 2613 962 2668; x_wconf 87' lang='lat' dir='ltr'>restituit.</span> 
     </span>
    </p>
   </div>
   <div class='ocr_carea' id='block_1_6' title="bbox 235 2715 898 2786">
    <p class='ocr_par' dir='ltr' id='par_1_6' title="bbox 235 2715 898 2786">
     <span class='ocr_line' id='line_1_24' title="bbox 235 2715 898 2786; baseline 0 -14"><span class='ocrx_word' id='word_1_202' title='bbox 235 2716 336 2785; x_wconf 59' lang='grc' dir='ltr'>Κώης</span> <span class='ocrx_word' id='word_1_203' title='bbox 357 2717 421 2772; x_wconf 76' lang='lat' dir='ltr'>Occi.</span> <span class='ocrx_word' id='word_1_204' title='bbox 440 2716 509 2786; x_wconf 79' lang='lat' dir='ltr'>dipl.</span> <span class='ocrx_word' id='word_1_205' title='bbox 529 2717 559 2771; x_wconf 74' lang='lat' dir='ltr'>T.</span> <span class='ocrx_word' id='word_1_206' title='bbox 579 2715 628 2772; x_wconf 87' lang='lat' dir='ltr'>IV.</span> <span class='ocrx_word' id='word_1_207' title='bbox 647 2715 699 2772; x_wconf 83' lang='lat' dir='ltr'>vol.</span> <span class='ocrx_word' id='word_1_208' title='bbox 721 2719 772 2770; x_wconf 86' lang='lat' dir='ltr'>III.</span> <span class='ocrx_word' id='word_1_209' title='bbox 790 2734 819 2786; x_wconf 88' lang='lat' dir='ltr'>p.</span> <span class='ocrx_word' id='word_1_210' title='bbox 838 2720 898 2772; x_wconf 75' lang='lat'>495.</span> 
     </span>
    </p>
   </div>
   <div class='ocr_carea' id='block_1_7' title="bbox 185 2855 1431 4761">
    <p class='ocr_par' dir='ltr' id='par_1_7' title="bbox 185 2855 1431 4761">
     <span class='ocr_line' id='line_1_25' title="bbox 239 2855 1429 2928; baseline 0.002 -16"><span class='ocrx_word' id='word_1_211' title='bbox 239 2855 558 2912; x_wconf 75' lang='lat' dir='ltr'>omnxxxvl.1269.</span> <span class='ocrx_word' id='word_1_212' title='bbox 582 2859 623 2912; x_wconf 80' lang='lat'>21.</span> <span class='ocrx_word' id='word_1_213' title='bbox 647 2857 811 2913; x_wconf 80' lang='lat' dir='ltr'>Decembris.</span> <span class='ocrx_word' id='word_1_214' title='bbox 837 2857 904 2912; x_wconf 89' lang='lat' dir='ltr'>Bela</span> <span class='ocrx_word' id='word_1_215' title='bbox 929 2856 982 2913; x_wconf 91' lang='lat' dir='ltr'>1v.</span> <span class='ocrx_word' id='word_1_216' title='bbox 1000 2873 1049 2912; x_wconf 85' lang='lat' dir='ltr'>rex</span> <span class='ocrx_word' id='word_1_217' title='bbox 1067 2857 1246 2913; x_wconf 86' lang='lat' dir='ltr'>commendat</span> <span class='ocrx_word' id='word_1_218' title='bbox 1273 2860 1429 2928; x_wconf 87' lang='lat' dir='ltr'>memoriae,</span> 
     </span>
     <span class='ocr_line' id='line_1_26' title="bbox 186 2943 1430 3018; baseline 0.001 -18"><span class='ocrx_word' id='word_1_219' title='bbox 186 2943 262 3016; x_wconf 93' lang='lat' dir='ltr'>quod</span> <span class='ocrx_word' id='word_1_220' title='bbox 288 2943 325 2999; x_wconf 92' lang='lat' dir='ltr'>ad</span> <span class='ocrx_word' id='word_1_221' title='bbox 354 2944 581 3014; x_wconf 87' lang='lat' dir='ltr'>conquestionem</span> <span class='ocrx_word' id='word_1_222' title='bbox 608 2944 717 2999; x_wconf 89' lang='lat' dir='ltr'>comitis</span> <span class='ocrx_word' id='word_1_223' title='bbox 744 2943 873 2998; x_wconf 84' lang='lat' dir='ltr'>Andreae</span> <span class='ocrx_word' id='word_1_224' title='bbox 900 2945 993 3000; x_wconf 85' lang='lat' dir='ltr'>fratria</span> <span class='ocrx_word' id='word_1_225' title='bbox 1024 2945 1148 3014; x_wconf 86' lang='lat' dir='ltr'>magistri</span> <span class='ocrx_word' id='word_1_226' title='bbox 1174 2946 1249 2999; x_wconf 89' lang='lat' dir='ltr'>Petri</span> <span class='ocrx_word' id='word_1_227' title='bbox 1279 2947 1430 3018; x_wconf 87' lang='lat' dir='ltr'>praepositi</span> 
     </span>
     <span class='ocr_line' id='line_1_27' title="bbox 186 3029 1429 3103; baseline -0.002 -15"><span class='ocrx_word' id='word_1_228' title='bbox 186 3032 374 3096; x_wconf 84' lang='lat' dir='ltr'>(lhasmensis,</span> <span class='ocrx_word' id='word_1_229' title='bbox 393 3031 469 3102; x_wconf 91' lang='lat' dir='ltr'>quod</span> <span class='ocrx_word' id='word_1_230' title='bbox 487 3037 588 3086; x_wconf 87' lang='lat' dir='ltr'>terram</span> <span class='ocrx_word' id='word_1_231' title='bbox 610 3048 690 3087; x_wconf 90' lang='lat' dir='ltr'>suam</span> <span class='ocrx_word' id='word_1_232' title='bbox 715 3029 927 3088; x_wconf 87' lang='lat' dir='ltr'>haereditariam</span> <span class='ocrx_word' id='word_1_233' title='bbox 946 3031 1053 3103; x_wconf 91' lang='lat' dir='ltr'>Lepled</span> <span class='ocrx_word' id='word_1_234' title='bbox 1071 3033 1099 3086; x_wconf 88' lang='lat' dir='ltr'>in</span> <span class='ocrx_word' id='word_1_235' title='bbox 1119 3033 1251 3087; x_wconf 87' lang='lat' dir='ltr'>comitatu</span> <span class='ocrx_word' id='word_1_236' title='bbox 1270 3033 1429 3103; x_wconf 84' lang='lat' dir='ltr'>Simigiansi</span> 
     </span>
     <span class='ocr_line' id='line_1_28' title="bbox 185 3117 1430 3195; baseline -0.002 -19"><span class='ocrx_word' id='word_1_237' title='bbox 185 3122 246 3192; x_wconf 90' lang='lat' dir='ltr'>ipso</span> <span class='ocrx_word' id='word_1_238' title='bbox 265 3119 366 3175; x_wconf 91' lang='lat' dir='ltr'>comite</span> <span class='ocrx_word' id='word_1_239' title='bbox 384 3117 497 3174; x_wconf 79' lang='lat' dir='ltr'>Andrea</span> <span class='ocrx_word' id='word_1_240' title='bbox 514 3119 542 3172; x_wconf 90' lang='lat' dir='ltr'>in</span> <span class='ocrx_word' id='word_1_241' title='bbox 561 3123 652 3174; x_wconf 87' lang='lat' dir='ltr'>aetate</span> <span class='ocrx_word' id='word_1_242' title='bbox 671 3125 764 3173; x_wconf 90' lang='lat' dir='ltr'>tenera</span> <span class='ocrx_word' id='word_1_243' title='bbox 785 3118 936 3173; x_wconf 86' lang='lat' dir='ltr'>constituto</span> <span class='ocrx_word' id='word_1_244' title='bbox 954 3118 991 3174; x_wconf 91' lang='lat' dir='ltr'>ab</span> <span class='ocrx_word' id='word_1_245' title='bbox 1009 3119 1072 3189; x_wconf 88' lang='lat' dir='ltr'>ipso</span> <span class='ocrx_word' id='word_1_246' title='bbox 1091 3119 1251 3195; x_wconf 77' lang='lat' dir='ltr'>auferendo,</span> <span class='ocrx_word' id='word_1_247' title='bbox 1262 3119 1333 3190; x_wconf 87' lang='lat' dir='ltr'>patri</span> <span class='ocrx_word' id='word_1_248' title='bbox 1352 3119 1430 3174; x_wconf 86' lang='lat' dir='ltr'>Sam·</span> 
     </span>
     <span class='ocr_line' id='line_1_29' title="bbox 186 3205 1430 3278; baseline 0 -16"><span class='ocrx_word' id='word_1_249' title='bbox 186 3207 247 3263; x_wconf 90' lang='lat' dir='ltr'>soni</span> <span class='ocrx_word' id='word_1_250' title='bbox 265 3207 398 3278; x_wconf 88' lang='lat' dir='ltr'>episeopo</span> <span class='ocrx_word' id='word_1_251' title='bbox 415 3205 543 3261; x_wconf 86' lang='lat' dir='ltr'>Nooeosi</span> <span class='ocrx_word' id='word_1_252' title='bbox 561 3223 610 3260; x_wconf 84' lang='lat' dir='ltr'>rex</span> <span class='ocrx_word' id='word_1_253' title='bbox 628 3206 787 3276; x_wconf 88' lang='lat' dir='ltr'>ignoranter</span> <span class='ocrx_word' id='word_1_254' title='bbox 809 3205 940 3273; x_wconf 85' lang='lat' dir='ltr'>dedisset,</span> <span class='ocrx_word' id='word_1_255' title='bbox 960 3207 1137 3276; x_wconf 88' lang='lat' dir='ltr'>questionem</span> <span class='ocrx_word' id='word_1_256' title='bbox 1156 3211 1248 3260; x_wconf 92' lang='lat' dir='ltr'>utrum</span> <span class='ocrx_word' id='word_1_257' title='bbox 1267 3205 1335 3262; x_wconf 87' lang='lat' dir='ltr'>haec</span> <span class='ocrx_word' id='word_1_258' title='bbox 1357 3212 1430 3262; x_wconf 88' lang='lat' dir='ltr'>terra</span> 
     </span>
     <span class='ocr_line' id='line_1_30' title="bbox 185 3291 1430 3366; baseline 0.001 -16"><span class='ocrx_word' id='word_1_259' title='bbox 185 3293 292 3366; x_wconf 86' lang='lat' dir='ltr'>Leplcd</span> <span class='ocrx_word' id='word_1_260' title='bbox 311 3291 438 3348; x_wconf 78' lang='lat' dir='ltr'>Andreae</span> <span class='ocrx_word' id='word_1_261' title='bbox 459 3292 643 3348; x_wconf 86' lang='lat' dir='ltr'>haereditaria</span> <span class='ocrx_word' id='word_1_262' title='bbox 660 3293 760 3348; x_wconf 84' lang='lat' dir='ltr'>fuisset</span> <span class='ocrx_word' id='word_1_263' title='bbox 777 3309 828 3348; x_wconf 90' lang='lat' dir='ltr'>nec</span> <span class='ocrx_word' id='word_1_264' title='bbox 846 3307 888 3358; x_wconf 93' lang='lat' dir='ltr'>ne,</span> <span class='ocrx_word' id='word_1_265' title='bbox 909 3293 1034 3348; x_wconf 89' lang='lat' dir='ltr'>Jchanni</span> <span class='ocrx_word' id='word_1_266' title='bbox 1053 3293 1110 3348; x_wconf 86' lang='lat' dir='ltr'>filio</span> <span class='ocrx_word' id='word_1_267' title='bbox 1128 3294 1203 3365; x_wconf 89' lang='lat' dir='ltr'>lsep,</span> <span class='ocrx_word' id='word_1_268' title='bbox 1223 3293 1359 3364; x_wconf 85' lang='lat' dir='ltr'>Gregorio</span> <span class='ocrx_word' id='word_1_269' title='bbox 1373 3295 1430 3351; x_wconf 89' lang='lat' dir='ltr'>filio</span> 
     </span>
     <span class='ocr_line' id='line_1_31' title="bbox 186 3379 1429 3452; baseline 0.002 -16"><span class='ocrx_word' id='word_1_270' title='bbox 186 3381 296 3451; x_wconf 88' lang='lat' dir='ltr'>lharus,</span> <span class='ocrx_word' id='word_1_271' title='bbox 315 3379 457 3450; x_wconf 82' lang='lat' dir='ltr'>Stephano</span> <span class='ocrx_word' id='word_1_272' title='bbox 482 3380 540 3436; x_wconf 86' lang='lat' dir='ltr'>filio</span> <span class='ocrx_word' id='word_1_273' title='bbox 562 3381 634 3436; x_wconf 85' lang='lat' dir='ltr'>Ders</span> <span class='ocrx_word' id='word_1_274' title='bbox 653 3387 680 3435; x_wconf 88' lang='lat' dir='ltr'>et</span> <span class='ocrx_word' id='word_1_275' title='bbox 699 3380 796 3436; x_wconf 90' lang='lat' dir='ltr'>Dedus</span> <span class='ocrx_word' id='word_1_276' title='bbox 822 3380 970 3436; x_wconf 87' lang='lat' dir='ltr'>comitibus</span> <span class='ocrx_word' id='word_1_277' title='bbox 996 3382 1136 3436; x_wconf 92' lang='lat' dir='ltr'>commisit</span> <span class='ocrx_word' id='word_1_278' title='bbox 1159 3381 1359 3452; x_wconf 89' lang='lat' dir='ltr'>inquirendam,</span> <span class='ocrx_word' id='word_1_279' title='bbox 1382 3383 1429 3452; x_wconf 92' lang='lat' dir='ltr'>qui</span> 
     </span>
     <span class='ocr_line' id='line_1_32' title="bbox 190 3467 1429 3540; baseline 0 -16"><span class='ocrx_word' id='word_1_280' title='bbox 190 3469 298 3526; x_wconf 90' lang='lat' dir='ltr'>nobiles</span> <span class='ocrx_word' id='word_1_281' title='bbox 316 3469 531 3540; x_wconf 82' lang='lat' dir='ltr'>rescripserunt:</span> <span class='ocrx_word' id='word_1_282' title='bbox 550 3468 667 3524; x_wconf 90' lang='lat' dir='ltr'>eandem</span> <span class='ocrx_word' id='word_1_283' title='bbox 684 3474 785 3524; x_wconf 87' lang='lat' dir='ltr'>terram</span> <span class='ocrx_word' id='word_1_284' title='bbox 805 3468 921 3538; x_wconf 84' lang='lat' dir='ltr'>praefati</span> <span class='ocrx_word' id='word_1_285' title='bbox 939 3469 1048 3524; x_wconf 86' lang='lat' dir='ltr'>comitis</span> <span class='ocrx_word' id='word_1_286' title='bbox 1073 3467 1201 3524; x_wconf 85' lang='lat' dir='ltr'>Andreae</span> <span class='ocrx_word' id='word_1_287' title='bbox 1223 3485 1318 3524; x_wconf 88' lang='lat' dir='ltr'>revera</span> <span class='ocrx_word' id='word_1_288' title='bbox 1336 3468 1429 3525; x_wconf 88' lang='lat' dir='ltr'>haere-</span> 
     </span>
     <span class='ocr_line' id='line_1_33' title="bbox 189 3555 1429 3627; baseline 0 -15"><span class='ocrx_word' id='word_1_289' title='bbox 189 3555 316 3612; x_wconf 86' lang='lat' dir='ltr'>ditariam</span> <span class='ocrx_word' id='word_1_290' title='bbox 345 3555 476 3612; x_wconf 81' lang='lat' dir='ltr'>extitisse.</span> <span class='ocrx_word' id='word_1_291' title='bbox 510 3556 571 3610; x_wconf 84' lang='lat' dir='ltr'>Rex</span> <span class='ocrx_word' id='word_1_292' title='bbox 600 3555 636 3610; x_wconf 89' lang='lat' dir='ltr'>de</span> <span class='ocrx_word' id='word_1_293' title='bbox 666 3557 719 3612; x_wconf 89' lang='lat' dir='ltr'>hoc</span> <span class='ocrx_word' id='word_1_294' title='bbox 746 3556 913 3611; x_wconf 85' lang='lat' dir='ltr'>certificatus</span> <span class='ocrx_word' id='word_1_295' title='bbox 932 3555 1099 3622; x_wconf 85' lang='lat' dir='ltr'>decreverat,</span> <span class='ocrx_word' id='word_1_296' title='bbox 1124 3555 1200 3625; x_wconf 92' lang='lat' dir='ltr'>quod</span> <span class='ocrx_word' id='word_1_297' title='bbox 1225 3561 1429 3627; x_wconf 87' lang='lat' dir='ltr'>postmortem</span> 
     </span>
     <span class='ocr_line' id='line_1_34' title="bbox 187 3641 1430 3714; baseline 0 -15"><span class='ocrx_word' id='word_1_298' title='bbox 187 3644 352 3714; x_wconf 82' lang='lat' dir='ltr'>Sampsonis</span> <span class='ocrx_word' id='word_1_299' title='bbox 370 3643 495 3714; x_wconf 86' lang='lat' dir='ltr'>episcopi</span> <span class='ocrx_word' id='word_1_300' title='bbox 513 3643 574 3712; x_wconf 88' lang='lat' dir='ltr'>ipsa</span> <span class='ocrx_word' id='word_1_301' title='bbox 593 3649 665 3698; x_wconf 89' lang='lat' dir='ltr'>terra</span> <span class='ocrx_word' id='word_1_302' title='bbox 680 3641 843 3698; x_wconf 82' lang='lat' dir='ltr'>devolvetur</span> <span class='ocrx_word' id='word_1_303' title='bbox 855 3643 883 3697; x_wconf 92' lang='lat' dir='ltr'>in</span> <span class='ocrx_word' id='word_1_304' title='bbox 896 3643 940 3696; x_wconf 92' lang='lat' dir='ltr'>ius</span> <span class='ocrx_word' id='word_1_305' title='bbox 953 3643 1086 3714; x_wconf 87' lang='lat' dir='ltr'>praedicti</span> <span class='ocrx_word' id='word_1_306' title='bbox 1100 3641 1235 3710; x_wconf 84' lang='lat' dir='ltr'>Andreae,</span> <span class='ocrx_word' id='word_1_307' title='bbox 1250 3643 1322 3698; x_wconf 92' lang='lat' dir='ltr'>idem</span> <span class='ocrx_word' id='word_1_308' title='bbox 1337 3649 1430 3699; x_wconf 88' lang='lat' dir='ltr'>autem</span> 
     </span>
     <span class='ocr_line' id='line_1_35' title="bbox 185 3729 1430 3802; baseline -0.002 -14"><span class='ocrx_word' id='word_1_309' title='bbox 185 3731 334 3802; x_wconf 86' lang='lat' dir='ltr'>episcopus</span> <span class='ocrx_word' id='word_1_310' title='bbox 361 3729 455 3800; x_wconf 90' lang='lat' dir='ltr'>quoad</span> <span class='ocrx_word' id='word_1_311' title='bbox 480 3730 583 3784; x_wconf 81' lang='lat' dir='ltr'>viveret</span> <span class='ocrx_word' id='word_1_312' title='bbox 601 3729 721 3784; x_wconf 87' lang='lat' dir='ltr'>eandam</span> <span class='ocrx_word' id='word_1_313' title='bbox 747 3730 860 3800; x_wconf 88' lang='lat' dir='ltr'>pacifice</span> <span class='ocrx_word' id='word_1_314' title='bbox 884 3729 1054 3801; x_wconf 62' lang='lat' dir='ltr'>possiderem</span> <span class='ocrx_word' id='word_1_315' title='bbox 1073 3746 1169 3786; x_wconf 83' lang='lat' dir='ltr'>rerum</span> <span class='ocrx_word' id='word_1_316' title='bbox 1188 3730 1367 3800; x_wconf 89' lang='lat' dir='ltr'>postmodum</span> <span class='ocrx_word' id='word_1_317' title='bbox 1389 3747 1430 3786; x_wconf 87' lang='lat' dir='ltr'>re-</span> 
     </span>
     <span class='ocr_line' id='line_1_36' title="bbox 185 3815 1431 3889; baseline -0.001 -15"><span class='ocrx_word' id='word_1_318' title='bbox 185 3818 250 3874; x_wconf 84' lang='lat' dir='ltr'>tulit</span> <span class='ocrx_word' id='word_1_319' title='bbox 272 3818 331 3888; x_wconf 90' lang='lat' dir='ltr'>regi</span> <span class='ocrx_word' id='word_1_320' title='bbox 356 3818 416 3889; x_wconf 88' lang='lat' dir='ltr'>ipse</span> <span class='ocrx_word' id='word_1_321' title='bbox 441 3816 576 3884; x_wconf 82' lang='lat' dir='ltr'>Andreas,</span> <span class='ocrx_word' id='word_1_322' title='bbox 602 3815 677 3886; x_wconf 90' lang='lat' dir='ltr'>quod</span> <span class='ocrx_word' id='word_1_323' title='bbox 696 3833 760 3872; x_wconf 88' lang='lat' dir='ltr'>cum</span> <span class='ocrx_word' id='word_1_324' title='bbox 777 3817 846 3872; x_wconf 88' lang='lat' dir='ltr'>Bela</span> <span class='ocrx_word' id='word_1_325' title='bbox 863 3817 922 3872; x_wconf 84' lang='lat' dir='ltr'>dux</span> <span class='ocrx_word' id='word_1_326' title='bbox 940 3818 1025 3874; x_wconf 88' lang='lat' dir='ltr'>totius</span> <span class='ocrx_word' id='word_1_327' title='bbox 1052 3818 1208 3884; x_wconf 81' lang='lat' dir='ltr'>Slavouiae,</span> <span class='ocrx_word' id='word_1_328' title='bbox 1227 3817 1385 3873; x_wconf 83' lang='lat' dir='ltr'>Dalmatiae</span> <span class='ocrx_word' id='word_1_329' title='bbox 1403 3824 1431 3873; x_wconf 89' lang='lat' dir='ltr'>et</span> 
     </span>
     <span class='ocr_line' id='line_1_37' title="bbox 187 3903 1430 3977; baseline 0 -17"><span class='ocrx_word' id='word_1_330' title='bbox 187 3905 316 3961; x_wconf 88' lang='lat' dir='ltr'>(lroatiae</span> <span class='ocrx_word' id='word_1_331' title='bbox 335 3904 422 3962; x_wconf 86' lang='lat' dir='ltr'>felicis</span> <span class='ocrx_word' id='word_1_332' title='bbox 442 3903 641 3960; x_wconf 85' lang='lat' dir='ltr'>recordationis</span> <span class='ocrx_word' id='word_1_333' title='bbox 660 3904 733 3958; x_wconf 90' lang='lat' dir='ltr'>lilius</span> <span class='ocrx_word' id='word_1_334' title='bbox 752 3905 834 3974; x_wconf 90' lang='lat' dir='ltr'>regia,</span> <span class='ocrx_word' id='word_1_335' title='bbox 853 3921 903 3977; x_wconf 88' lang='lat' dir='ltr'>per</span> <span class='ocrx_word' id='word_1_336' title='bbox 920 3905 1026 3960; x_wconf 88' lang='lat' dir='ltr'>litteras</span> <span class='ocrx_word' id='word_1_337' title='bbox 1045 3921 1110 3960; x_wconf 83' lang='lat' dir='ltr'>sues</span> <span class='ocrx_word' id='word_1_338' title='bbox 1129 3904 1249 3960; x_wconf 89' lang='lat' dir='ltr'>eundem</span> <span class='ocrx_word' id='word_1_339' title='bbox 1267 3907 1430 3976; x_wconf 87' lang='lat' dir='ltr'>episcopum</span> 
     </span>
     <span class='ocr_line' id='line_1_38' title="bbox 187 3990 1429 4063; baseline -0.001 -14"><span class='ocrx_word' id='word_1_340' title='bbox 187 3999 216 4049; x_wconf 85' lang='lat' dir='ltr'>et</span> <span class='ocrx_word' id='word_1_341' title='bbox 233 3993 365 4049; x_wconf 84' lang='lat' dir='ltr'>comitem</span> <span class='ocrx_word' id='word_1_342' title='bbox 383 3990 525 4048; x_wconf 81' lang='lat' dir='ltr'>Andream</span> <span class='ocrx_word' id='word_1_343' title='bbox 544 3991 714 4062; x_wconf 87' lang='lat' dir='ltr'>permisisset</span> <span class='ocrx_word' id='word_1_344' title='bbox 732 3992 802 4047; x_wconf 88' lang='lat' dir='ltr'>inter</span> <span class='ocrx_word' id='word_1_345' title='bbox 820 4008 850 4048; x_wconf 89' lang='lat' dir='ltr'>se</span> <span class='ocrx_word' id='word_1_346' title='bbox 869 3992 904 4047; x_wconf 86' lang='lat' dir='ltr'>ad</span> <span class='ocrx_word' id='word_1_347' title='bbox 924 4009 1021 4063; x_wconf 86' lang='lat' dir='ltr'>pacem</span> <span class='ocrx_word' id='word_1_348' title='bbox 1040 3991 1245 4048; x_wconf 76' lang='lat' dir='ltr'>reformandam</span> <span class='ocrx_word' id='word_1_349' title='bbox 1257 4009 1342 4063; x_wconf 90' lang='lat' dir='ltr'>super</span> <span class='ocrx_word' id='word_1_350' title='bbox 1356 3992 1429 4048; x_wconf 80' lang='lat' dir='ltr'>iacto</span> 
     </span>
     <span class='ocr_line' id='line_1_39' title="bbox 186 4079 1429 4151; baseline -0.002 -15"><span class='ocrx_word' id='word_1_351' title='bbox 186 4085 274 4136; x_wconf 86' lang='lat' dir='ltr'>terrae</span> <span class='ocrx_word' id='word_1_352' title='bbox 293 4079 399 4150; x_wconf 87' lang='lat' dir='ltr'>Lepled</span> <span class='ocrx_word' id='word_1_353' title='bbox 418 4079 618 4149; x_wconf 83' lang='lat' dir='ltr'>(complanari).</span> <span class='ocrx_word' id='word_1_354' title='bbox 637 4079 783 4134; x_wconf 81' lang='lat' dir='ltr'>Praelatus</span> <span class='ocrx_word' id='word_1_355' title='bbox 802 4080 875 4134; x_wconf 90' lang='lat' dir='ltr'>enim</span> <span class='ocrx_word' id='word_1_356' title='bbox 896 4079 1016 4135; x_wconf 82' lang='lat' dir='ltr'>Samson</span> <span class='ocrx_word' id='word_1_357' title='bbox 1041 4080 1189 4151; x_wconf 90' lang='lat' dir='ltr'>episcopus</span> <span class='ocrx_word' id='word_1_358' title='bbox 1211 4079 1303 4134; x_wconf 88' lang='lat' dir='ltr'>adhue</span> <span class='ocrx_word' id='word_1_359' title='bbox 1327 4080 1429 4147; x_wconf 84' lang='lat' dir='ltr'>vivens,</span> 
     </span>
     <span class='ocr_line' id='line_1_40' title="bbox 186 4166 1429 4236; baseline -0.002 -14"><span class='ocrx_word' id='word_1_360' title='bbox 186 4167 277 4223; x_wconf 89' lang='lat' dir='ltr'>soieus</span> <span class='ocrx_word' id='word_1_361' title='bbox 294 4167 428 4222; x_wconf 78' lang='lat' dir='ltr'>veraciter</span> <span class='ocrx_word' id='word_1_362' title='bbox 445 4167 536 4236; x_wconf 82' lang='lat' dir='ltr'>ipsam</span> <span class='ocrx_word' id='word_1_363' title='bbox 559 4171 660 4221; x_wconf 90' lang='lat' dir='ltr'>terram</span> <span class='ocrx_word' id='word_1_364' title='bbox 685 4167 773 4222; x_wconf 84' lang='lat' dir='ltr'>fuisse</span> <span class='ocrx_word' id='word_1_365' title='bbox 796 4173 824 4223; x_wconf 92' lang='lat' dir='ltr'>et</span> <span class='ocrx_word' id='word_1_366' title='bbox 848 4183 908 4222; x_wconf 90' lang='lat' dir='ltr'>esse</span> <span class='ocrx_word' id='word_1_367' title='bbox 934 4168 1043 4224; x_wconf 90' lang='lat' dir='ltr'>comitis</span> <span class='ocrx_word' id='word_1_368' title='bbox 1067 4167 1196 4222; x_wconf 79' lang='lat' dir='ltr'>Andreas</span> <span class='ocrx_word' id='word_1_369' title='bbox 1210 4166 1429 4234; x_wconf 84' lang='lat' dir='ltr'>haereditariam,</span> 
     </span>
     <span class='ocr_line' id='line_1_41' title="bbox 186 4253 1430 4325; baseline -0.001 -16"><span class='ocrx_word' id='word_1_370' title='bbox 186 4269 280 4310; x_wconf 80' lang='lat' dir='ltr'>eoram</span> <span class='ocrx_word' id='word_1_371' title='bbox 298 4253 421 4325; x_wconf 85' lang='lat' dir='ltr'>capitulo</span> <span class='ocrx_word' id='word_1_372' title='bbox 446 4253 627 4322; x_wconf 87' lang='lat' dir='ltr'>Zagrabiensi</span> <span class='ocrx_word' id='word_1_373' title='bbox 653 4253 757 4309; x_wconf 87' lang='lat' dir='ltr'>dietam</span> <span class='ocrx_word' id='word_1_374' title='bbox 786 4259 886 4309; x_wconf 90' lang='lat' dir='ltr'>terram</span> <span class='ocrx_word' id='word_1_375' title='bbox 910 4255 965 4325; x_wconf 90' lang='lat' dir='ltr'>ipsi</span> <span class='ocrx_word' id='word_1_376' title='bbox 990 4253 1119 4310; x_wconf 83' lang='lat' dir='ltr'>Andreae</span> <span class='ocrx_word' id='word_1_377' title='bbox 1137 4271 1206 4325; x_wconf 90' lang='lat' dir='ltr'>pure</span> <span class='ocrx_word' id='word_1_378' title='bbox 1225 4259 1252 4308; x_wconf 91' lang='lat' dir='ltr'>et</span> <span class='ocrx_word' id='word_1_379' title='bbox 1271 4254 1430 4323; x_wconf 87' lang='lat' dir='ltr'>simpliciter</span> 
     </span>
     <span class='ocr_line' id='line_1_42' title="bbox 186 4340 1430 4412; baseline 0.002 -18"><span class='ocrx_word' id='word_1_380' title='bbox 186 4341 344 4412; x_wconf 82' lang='lat' dir='ltr'>resignavit.</span> <span class='ocrx_word' id='word_1_381' title='bbox 372 4340 432 4395; x_wconf 88' lang='lat' dir='ltr'>Rex</span> <span class='ocrx_word' id='word_1_382' title='bbox 459 4340 542 4410; x_wconf 90' lang='lat' dir='ltr'>igitur</span> <span class='ocrx_word' id='word_1_383' title='bbox 569 4345 626 4396; x_wconf 87' lang='lat' dir='ltr'>tam</span> <span class='ocrx_word' id='word_1_384' title='bbox 655 4341 761 4396; x_wconf 85' lang='lat' dir='ltr'>iactum</span> <span class='ocrx_word' id='word_1_385' title='bbox 783 4341 867 4396; x_wconf 88' lang='lat' dir='ltr'>Belae</span> <span class='ocrx_word' id='word_1_386' title='bbox 892 4341 970 4396; x_wconf 79' lang='lat' dir='ltr'>ducis</span> <span class='ocrx_word' id='word_1_387' title='bbox 997 4357 1081 4412; x_wconf 88' lang='lat' dir='ltr'>qnam</span> <span class='ocrx_word' id='word_1_388' title='bbox 1106 4341 1321 4412; x_wconf 81' lang='lat' dir='ltr'>resignationem</span> <span class='ocrx_word' id='word_1_389' title='bbox 1340 4340 1430 4396; x_wconf 86' lang='lat' dir='ltr'>dictae</span> 
     </span>
     <span class='ocr_line' id='line_1_43' title="bbox 186 4426 1430 4500; baseline -0.001 -18"><span class='ocrx_word' id='word_1_390' title='bbox 186 4434 274 4483; x_wconf 88' lang='lat' dir='ltr'>terrae</span> <span class='ocrx_word' id='word_1_391' title='bbox 293 4443 341 4498; x_wconf 91' lang='lat' dir='ltr'>per</span> <span class='ocrx_word' id='word_1_392' title='bbox 360 4426 526 4483; x_wconf 82' lang='lat' dir='ltr'>Samsonem</span> <span class='ocrx_word' id='word_1_393' title='bbox 544 4428 707 4499; x_wconf 88' lang='lat' dir='ltr'>episcopum</span> <span class='ocrx_word' id='word_1_394' title='bbox 726 4429 907 4485; x_wconf 84' lang='lat' dir='ltr'>confirmavit</span> <span class='ocrx_word' id='word_1_395' title='bbox 927 4429 1015 4484; x_wconf 85' lang='lat' dir='ltr'>Ouios</span> <span class='ocrx_word' id='word_1_396' title='bbox 1034 4435 1122 4485; x_wconf 88' lang='lat' dir='ltr'>terras</span> <span class='ocrx_word' id='word_1_397' title='bbox 1140 4429 1230 4500; x_wconf 90' lang='lat' dir='ltr'>prima</span> <span class='ocrx_word' id='word_1_398' title='bbox 1249 4433 1322 4484; x_wconf 86' lang='lat' dir='ltr'>meta</span> <span class='ocrx_word' id='word_1_399' title='bbox 1334 4428 1430 4498; x_wconf 85' lang='lat' dir='ltr'>incipit</span> 
     </span>
     <span class='ocr_line' id='line_1_44' title="bbox 186 4513 1429 4587; baseline -0.002 -17"><span class='ocrx_word' id='word_1_400' title='bbox 186 4515 305 4570; x_wconf 90' lang='lat' dir='ltr'>adorno</span> <span class='ocrx_word' id='word_1_401' title='bbox 322 4515 411 4586; x_wconf 90' lang='lat' dir='ltr'>ipsius</span> <span class='ocrx_word' id='word_1_402' title='bbox 437 4513 562 4585; x_wconf 88' lang='lat' dir='ltr'>episcopi</span> <span class='ocrx_word' id='word_1_403' title='bbox 581 4515 608 4568; x_wconf 92' lang='lat' dir='ltr'>in</span> <span class='ocrx_word' id='word_1_404' title='bbox 626 4520 700 4571; x_wconf 89' lang='lat' dir='ltr'>terra</span> <span class='ocrx_word' id='word_1_405' title='bbox 726 4531 777 4570; x_wconf 90' lang='lat' dir='ltr'>sua</span> <span class='ocrx_word' id='word_1_406' title='bbox 801 4517 930 4587; x_wconf 89' lang='lat' dir='ltr'>emptieia</span> <span class='ocrx_word' id='word_1_407' title='bbox 955 4515 1100 4571; x_wconf 88' lang='lat' dir='ltr'>aedificata</span> <span class='ocrx_word' id='word_1_408' title='bbox 1122 4521 1150 4571; x_wconf 87' lang='lat' dir='ltr'>et</span> <span class='ocrx_word' id='word_1_409' title='bbox 1173 4513 1269 4570; x_wconf 88' lang='lat' dir='ltr'>incidit</span> <span class='ocrx_word' id='word_1_410' title='bbox 1292 4516 1321 4568; x_wconf 90' lang='lat' dir='ltr'>in</span> <span class='ocrx_word' id='word_1_411' title='bbox 1345 4532 1429 4569; x_wconf 89' lang='lat' dir='ltr'>unam</span> 
     </span>
     <span class='ocr_line' id='line_1_45' title="bbox 187 4595 1430 4674; baseline -0.002 -18"><span class='ocrx_word' id='word_1_412' title='bbox 187 4595 290 4659; x_wconf 80' lang='lat' dir='ltr'>fossam</span> <span class='ocrx_word' id='word_1_413' title='bbox 311 4619 360 4674; x_wconf 90' lang='lat' dir='ltr'>per</span> <span class='ocrx_word' id='word_1_414' title='bbox 378 4617 463 4672; x_wconf 86' lang='lat' dir='ltr'>qnam</span> <span class='ocrx_word' id='word_1_415' title='bbox 482 4601 562 4658; x_wconf 82' lang='lat' dir='ltr'>sedit</span> <span class='ocrx_word' id='word_1_416' title='bbox 579 4601 614 4658; x_wconf 88' lang='lat' dir='ltr'>ad</span> <span class='ocrx_word' id='word_1_417' title='bbox 633 4619 763 4672; x_wconf 86' lang='lat' dir='ltr'>magnam</span> <span class='ocrx_word' id='word_1_418' title='bbox 781 4604 854 4656; x_wconf 85' lang='lat' dir='ltr'>viam</span> <span class='ocrx_word' id='word_1_419' title='bbox 874 4608 901 4657; x_wconf 91' lang='lat' dir='ltr'>et</span> <span class='ocrx_word' id='word_1_420' title='bbox 919 4603 946 4656; x_wconf 90' lang='lat' dir='ltr'>iu</span> <span class='ocrx_word' id='word_1_421' title='bbox 967 4601 1062 4658; x_wconf 86' lang='lat' dir='ltr'>eedem</span> <span class='ocrx_word' id='word_1_422' title='bbox 1082 4603 1138 4656; x_wconf 90' lang='lat' dir='ltr'>lata</span> <span class='ocrx_word' id='word_1_423' title='bbox 1156 4601 1201 4656; x_wconf 82' lang='lat' dir='ltr'>via</span> <span class='ocrx_word' id='word_1_424' title='bbox 1220 4600 1295 4656; x_wconf 82' lang='lat' dir='ltr'>radit</span> <span class='ocrx_word' id='word_1_425' title='bbox 1312 4601 1340 4656; x_wconf 90' lang='lat' dir='ltr'>in</span> <span class='ocrx_word' id='word_1_426' title='bbox 1360 4601 1430 4656; x_wconf 86' lang='lat' dir='ltr'>ocei-</span> 
     </span>
     <span class='ocr_line' id='line_1_46' title="bbox 189 4689 1431 4761; baseline 0.001 -16"><span class='ocrx_word' id='word_1_427' title='bbox 189 4689 301 4746; x_wconf 89' lang='lat' dir='ltr'>dentem</span> <span class='ocrx_word' id='word_1_428' title='bbox 318 4690 354 4747; x_wconf 90' lang='lat' dir='ltr'>ad</span> <span class='ocrx_word' id='word_1_429' title='bbox 372 4689 456 4745; x_wconf 79' lang='lat' dir='ltr'>auem</span> <span class='ocrx_word' id='word_1_430' title='bbox 486 4689 558 4744; x_wconf 81' lang='lat' dir='ltr'>siam</span> <span class='ocrx_word' id='word_1_431' title='bbox 586 4706 657 4759; x_wconf 89' lang='lat' dir='ltr'>quas</span> <span class='ocrx_word' id='word_1_432' title='bbox 684 4689 761 4747; x_wconf 85' lang='lat' dir='ltr'>ducit</span> <span class='ocrx_word' id='word_1_433' title='bbox 778 4689 814 4745; x_wconf 92' lang='lat' dir='ltr'>de</span> <span class='ocrx_word' id='word_1_434' title='bbox 835 4689 981 4747; x_wconf 84' lang='lat' dir='ltr'>Seothmar</span> <span class='ocrx_word' id='word_1_435' title='bbox 999 4695 1027 4746; x_wconf 91' lang='lat' dir='ltr'>et</span> <span class='ocrx_word' id='word_1_436' title='bbox 1044 4705 1093 4760; x_wconf 94' lang='lat' dir='ltr'>per</span> <span class='ocrx_word' id='word_1_437' title='bbox 1111 4691 1199 4761; x_wconf 89' lang='lat' dir='ltr'>ipsam</span> <span class='ocrx_word' id='word_1_438' title='bbox 1219 4690 1317 4746; x_wconf 91' lang='lat' dir='ltr'>transit</span> <span class='ocrx_word' id='word_1_439' title='bbox 1333 4689 1431 4746; x_wconf 87' lang='lat' dir='ltr'>silvam</span> 
     </span>
    </p>
   </div>
   <div class='ocr_carea' id='block_1_8' title="bbox 0 0 1749 5356">
    <p class='ocr_par' dir='ltr' id='par_1_8' title="bbox 0 0 1749 5356">
     <span class='ocr_line' id='line_1_47' title="bbox 0 0 1749 5356; baseline 0 0"><span class='ocrx_word' id='word_1_440' title='bbox 0 0 1749 5356; x_wconf 95' lang='lat' dir='ltr'> </span> 
     </span>
    </p>
   </div>
  </div>
 </body>
</html>
