3544 5344
819 411 963 454 saumas.
1466 389 1506 454 27

324 576 445 632 LXXX.
464 577 497 634 A.
516 580 594 632 1209.
613 576 739 632 Andreas
758 577 855 632 11101
873 577 1012 633 nobilibus
1040 577 1180 632 croatiae:
1199 577 1288 632 Albus
1306 579 1393 648 (Bela)
1414 579 1510 635 Slavo·

273 667 337 735 gost
354 664 447 720 comiti
464 663 500 719 de
518 663 655 720 Oorbavia
679 669 706 719 et
729 664 902 734 Dragoslavo
926 663 1053 720 concedit
1070 665 1242 736 privilequm
1261 665 1314 720 sub
1332 665 1408 720 bulla
1427 683 1510 722 aurea

273 753 317 807 sui
335 752 420 823 patris
437 751 510 820 regis
527 751 618 818 Belae,
643 751 692 822 qni
715 768 765 824 pro
789 751 896 806 eximiis
921 751 1037 806 servitiis
1060 751 1138 807 dedit
1159 751 1213 806 illis
1230 759 1316 808 terras
1337 753 1509 822 Possedaria,

275 839 415 906 Snerdlac,
435 838 579 906 Sevellata,
598 839 729 906 Brisuiaa,
741 839 860 900 damma,
877 840 983 910 Loqua,
1002 839 1127 906 Budalia,
1140 839 1254 904 Mircha,
1268 841 1407 909 naculum,
1421 841 1509 910 Nova

273 926 448 998 Bletcbyaue,
466 927 555 986 June
574 927 684 982 Testes:
703 926 824 980 Thomas
844 926 940 993 banus,
959 926 1093 982 Nicolane
1111 927 1192 994 filius,
1210 928 1301 983 Borch
1320 928 1465 1000 palatinus.

323 1015 372 1070 Ida
390 1014 524 1085 mipiaali
541 1014 715 1070 deminutam
732 1013 766 1068 de
783 1014 958 1070 Possedars'c.
983 1015 1127 1070 Balletian
1145 1016 1176 1070 di
1194 1015 1368 1086 arcteelopia
1385 1033 1399 1072 e
1416 1018 1509 1072 steria

273 1102 408 1158 Dalmata
426 1103 528 1170 (Notae
545 1101 667 1157 Joaam's
684 1101 779 1168 nusi)
795 1116 874 1188 passo
896 1100 926 1156 V.
946 1104 980 1155 N.
998 1103 1024 1156 2.
1042 1102 1162 1168 Febrap'o
1181 1104 1256 1158 1882.

325 1213 461 1269 LXXXI.
480 1217 513 1268 A.
531 1217 609 1268 1210.
627 1213 753 1269 Andreae
771 1213 801 1268 Π
819 1230 868 1268 rex
886 1213 1061 1269 commendat
1084 1217 1232 1270 memoriae
1255 1215 1421 1272 laudabilem
1446 1217 1512 1272 fide-

274 1302 378 1356 litatem
395 1299 527 1356 Domaldi
545 1300 652 1356 comitis
669 1300 704 1356 de
722 1299 854 1370 Subeuig,
873 1301 921 1355 filii
946 1301 1075 1356 Saraceni
1099 1303 1215 1368 comitis,
1234 1303 1299 1372 quia
1317 1319 1381 1358 cum
1398 1305 1511 1374 quidam

274 1389 411 1459 principes
435 1387 598 1458 Hungariae
621 1385 754 1442 adversus
778 1403 841 1442 enm
865 1388 1053 1442 machinantes
1078 1389 1222 1443 consilium
1247 1390 1275 1444 iu
1303 1388 1448 1446 Graeciam
1475 1391 1510 1446 ad

275 1475 405 1545 Geychae
422 1479 512 1529 cartas
531 1481 558 1528 et
575 1475 687 1530 nuntios
705 1474 927 1542 transmisissent,
946 1483 977 1530 ut
995 1475 1101 1530 stilles
1122 1475 1149 1530 in
1168 1477 1343 1546 Hungariam
1362 1477 1510 1546 venientes,

275 1579 371 1619 eorum
389 1563 503 1617 consilio
521 1567 549 1617 et
567 1563 669 1617 auxilio
687 1561 782 1630 adiuti,
800 1579 916 1632 regnum
940 1569 1113 1634 usurparent,
1132 1564 1287 1620 Domsldns
1305 1565 1432 1634 cognitae
1451 1583 1511 1636 per·

274 1649 346 1706 fidae
362 1649 508 1719 legationis
525 1655 628 1715 mucre,
646 1649 722 1720 ipsos
746 1649 858 1704 nuntios
876 1666 939 1704 cum
956 1650 1011 1705 iarn
1036 1650 1181 1721 Spalatrm
1205 1652 1400 1722 pervenissent,
1420 1653 1511 1724 coepit

274 1743 303 1792 et
320 1737 355 1792 sd
372 1753 466 1807 regem
483 1753 540 1790 una
557 1753 620 1790 cum
638 1736 721 1790 cartis
739 1736 798 1790 suis
816 1735 987 1807 compeditos
1000 1737 1123 1792 adduxit
1136 1737 1259 1808 Ideoque
1271 1744 1372 1794 terram
1385 1739 1510 1794 Zetinam

274 1829 302 1879 et
318 1824 375 1879 Tril
393 1840 456 1878 cum
474 1823 602 1879 omnibus
620 1823 791 1894 pertiuentiis
808 1823 896 1878 eidem
915 1824 1054 1880 Domaldo
1073 1831 1100 1880 et
1117 1825 1282 1882 haeredibus
1300 1827 1328 1880 in
1344 1833 1510 1898 perpetuum

273 1910 366 1966 donat
386 1909 473 1966 Cuius
490 1915 579 1965 terrae
596 1917 700 1965 metae:
718 1910 755 1964 ab
773 1911 877 1966 oriente
895 1911 1036 1978 Ohrisova,
1056 1911 1202 1967 Cameuiaa
1227 1919 1254 1968 et
1277 1913 1371 1979 Ymot,
1390 1912 1510 1980 Sutozel,

273 1996 338 2053 iude
355 2013 452 2052 umens
469 2013 545 2052 mare
563 1995 598 2052 ad
616 1997 742 2064 Wrulas3
761 1997 824 2052 inde
842 1997 878 2052 ad
896 1997 1109 2066 Zemcunizam;
1128 1997 1192 2054 inde
1210 1999 1245 2054 ad
1264 1999 1368 2071 Stilpen
1386 2000 1508 2072 (Stlpec),

273 2084 338 2140 iude
355 2083 392 2139 ad
410 2085 462 2138 Zer
480 2101 568 2154 usque
586 2083 621 2138 ad
646 2083 738 2140 Stiber
764 2101 819 2155 pun
843 2085 945 2156 (putl);
969 2085 1033 2140 inde
1057 2086 1140 2141 currit
1158 2085 1193 2140 ad
1211 2086 1282 2152 Prel,
1301 2085 1336 2140 ad
1354 2086 1456 2154 Jaxim,
1475 2087 1510 2142 ad

273 2171 385 2238 Laeteu,
405 2189 422 2225 a
440 2171 597 2227 Orabonala
615 2169 769 2239 Camenisa,
788 2171 823 2226 ad
842 2171 972 2226 Zavalam
991 2187 1079 2242 usque
1097 2172 1132 2227 ad
1151 2173 1244 2244 Beloy.

325 2263 359 2314 N.
377 2259 412 2314 R.
431 2261 463 2314 Α
481 2259 584 2314 arelato.
602 2245 703 2329 repam.
720 2275 795 2329 scer.
809 2259 883 2328 fasc
903 2263 965 2329 483,
985 2260 1035 2314 Nr.
1054 2264 1096 2314 31.
1114 2261 1199 2316 Naso
1216 2260 1331 2315 Pests'as'.

325 2371 476 2426 LXXXII
503 2373 632 2427 A1210.
658 2371 783 2428 andreas
807 2372 837 2426 Π
861 2389 909 2427 rex
928 2389 1081 2442 agnoscens
1098 2373 1260 2444 multiplicia
1283 2379 1311 2429 et
1328 2373 1437 2428 diversa
1455 2389 1511 2430 ser·

273 2459 339 2513 vitia
356 2457 488 2513 Domaldi
511 2459 618 2514 comitis
642 2457 677 2514 de
701 2459 840 2526 Scibenik,
865 2458 914 2514 filii
938 2459 1094 2528 Saracbeni,
1113 2459 1199 2516 donat
1216 2459 1305 2515 eidem
1324 2460 1463 2516 Domaldo
1483 2465 1511 2516 et

273 2546 331 2600 ersis
348 2545 514 2601 haeredibus
531 2551 632 2602 terram
651 2546 776 2617 (lbetyne
788 2552 816 2602 et
828 2547 893 2617 Tryl
904 2564 968 2602 cum
980 2547 1108 2602 omnibus
1121 2549 1177 2602 suis
1190 2549 1368 2618 pertinentiis,
1382 2547 1511 2604 eundem·

273 2650 327 2704 qne
344 2649 394 2704 per
412 2633 559 2704 pristaldos
577 2650 644 2689 snos
662 2633 791 2689 Ulrieum
808 2635 991 2690 Teutonicum
1009 2639 1037 2689 et
1054 2634 1230 2706 Scloviguaur
1248 2634 1383 2692 introduci
1402 2635 1475 2690 facit.

324 2720 505 2788 Kukab'ces'c:
523 2721 600 2776 Jura
616 2722 696 2791 repat
715 2721 795 2776 ODS.
813 2721 839 2791 1,
859 2724 903 2775 44.

325 2833 493 2888 LXXXIII.
511 2834 546 2889 Δ.
565 2837 640 2890 1210.
659 2833 785 2890 Andreas
803 2833 834 2888 11
852 2851 901 2889 rex
919 2835 1096 2890 considerans
1114 2852 1209 2890 sacrae
1220 2835 1333 2891 militiae
1344 2836 1439 2908 templi
1451 2835 1511 2891 reli·

274 2922 382 2992 giosam
398 2921 573 2978 devotionem
591 2927 619 2976 et
636 2921 763 2976 assiduos
781 2921 899 2988 labores,
918 2938 988 2992 quos
1007 2921 1043 2976 ab
1060 2921 1187 2976 hostibus
1199 2923 1287 2977 crucis
1307 2923 1407 2978 Christi
1425 2925 1511 2980 inces-

274 3017 365 3064 santer
383 3009 531 3080 perferunt,
558 3013 660 3064 terram
686 3009 817 3064 Lesnissa
842 3008 878 3064 de
905 3009 1037 3064 comitatu
1063 3009 1099 3064 de
1122 3011 1231 3080 Poaega
1255 3015 1407 3081 exceptam,
1426 3027 1511 3079 quam

275 3097 408 3168 Chepano
425 3095 570 3151 Baehieusi
583 3102 610 3152 et
622 3097 745 3168 palatino
757 3097 850 3152 comiti
863 3097 987 3168 primitus
1000 3097 1160 3164 contulerat,
1174 3102 1202 3152 et
1213 3099 1273 3168 ipse
1285 3098 1361 3167 regio
1373 3113 1511 3153 consensu

274 3184 386 3239 militiae
403 3183 499 3255 templi
516 3184 545 3238 in
562 3189 727 3240 testamento
745 3190 913 3254 erogaverat,
933 3183 1022 3239 eidem
1040 3183 1152 3239 militiae
1170 3184 1296 3240 concedit
1314 3190 1341 3238 et
1358 3185 1510 3240 coufirmat

274 3271 367 3326 Prima
384 3277 458 3326 meta
476 3276 564 3326 terrae
581 3271 678 3342 incipit
694 3287 712 3325 a
728 3271 790 3326 loco
810 3271 906 3326 Starsa
923 3275 951 3325 et
968 3269 1056 3326 tendit
1074 3270 1109 3324 sd
1121 3269 1235 3326 fluvium
1246 3271 1410 3326 Dobrarelra
1422 3287 1511 3341 usque

275 3357 341 3413 dum
359 3357 433 3413 cadit
456 3359 484 3412 iu
508 3358 622 3412 fluvium
645 3357 776 3412 Lesnissa
800 3364 828 3413 et
846 3373 933 3428 usque
951 3375 1007 3428 quo
1026 3375 1059 3413 ea
1080 3357 1154 3412 cadit
1170 3359 1198 3412 in
1217 3359 1335 3424 Zovsm;
1353 3359 1428 3413 Zona
1446 3375 1511 3414 vero

274 3445 387 3500 inferius
404 3444 547 3500 descendit
573 3461 661 3515 usque
688 3445 724 3499 ad
750 3445 878 3511 Tortina;
905 3446 932 3499 in
957 3445 1086 3515 aquilone
1109 3445 1291 3515 reditusque
1310 3445 1345 3500 ad
1363 3451 1511 3500 torrentem

274 3531 446 3603 Wieperyell,
466 3530 638 3603 protenditur
656 3548 744 3602 usqne
763 3531 798 3586 ad
818 3532 889 3586 viam
907 3533 980 3598 Bau;
999 3531 1098 3586 deinde
1113 3532 1149 3586 ad
1161 3533 1260 3586 collem
1272 3549 1404 3602 magnum
1415 3533 1511 3600 Piznn,

273 3617 392 3673 indeed
409 3618 508 3674 collem
532 3617 683 3686 Scelemen,
708 3618 781 3673 unde
804 3619 949 3674 revertitur
972 3618 1007 3673 ad
1033 3618 1136 3674 Starsa.
1161 3619 1248 3674 Sicuti
1272 3619 1365 3674 comiti
1389 3619 1511 3689 palatino

275 3705 408 3776 Ghepauc
426 3711 606 3773 concesserat,
631 3705 705 3776 quod
724 3721 820 3762 omnes
838 3706 964 3762 homiues
988 3723 1071 3776 saper
1095 3705 1211 3760 eandem
1229 3711 1329 3761 terram
1347 3705 1511 3772 habitantes,

273 3793 331 3862 regi
350 3794 407 3848 sive
425 3793 498 3848 bauo
521 3793 550 3847 in
574 3793 732 3848 marturinis
757 3793 799 3848 vel
824 3793 884 3848 aliis
909 3793 1049 3848 fiscalibus
1073 3792 1231 3847 accionibus
1253 3793 1358 3848 solvere
1376 3797 1511 3858 tenentur,

275 3880 327 3934 sibi
345 3880 398 3936 soli
422 3886 450 3935 et
473 3885 537 3952 post
560 3897 625 3935 eum
649 3881 706 3934 suia
730 3879 894 3935 haeredibus
919 3879 1025 3935 solvere
1049 3879 1199 3946 annuatim,
1227 3879 1266 3934 ita
1283 3897 1334 3950 pro
1352 3880 1512 3934 remissione

275 3981 389 4021 suornm
407 3972 585 4037 peecatorum
602 3967 729 4022 concedit
745 3983 794 4022 rex
812 3983 885 4021 nuuc
903 3966 1015 4021 mihtiae
1033 3967 1136 4037 templi.
1149 3965 1241 4036 Super
1251 3966 1323 4020 hanc
1334 3965 1512 4020 donatiouem

274 4051 352 4108 dedit
368 4071 417 4108 rex
435 4052 492 4109 duo
509 4053 651 4125 privilegia
669 4071 732 4108 cera
749 4060 777 4108 ct
794 4071 862 4110 auro
886 4053 1005 4120 bullata;
1024 4053 1072 4108 sed
1090 4069 1154 4108 curn
1175 4053 1273 4107 fratres
1291 4053 1387 4124 templi
1404 4053 1512 4106 mittere

275 4139 426 4195 voluisseut
444 4140 469 4194 ei
487 4141 629 4211 privilegia
647 4158 697 4212 pro
715 4141 931 4208 confirmatione,
949 4141 1120 4211 privilegium
1136 4157 1204 4196 auro
1217 4140 1351 4194 bullatum
1370 4157 1425 4194 non
1439 4141 1512 4194 iuve-

275 4231 382 4293 uerunt,
400 4225 463 4281 ideo
482 4228 634 4297 proclamat
651 4244 700 4282 rer
717 4227 791 4282 idem
808 4227 980 4298 privilegium
998 4228 1026 4281 in
1044 4227 1137 4282 futuro
1156 4244 1206 4297 pro
1224 4226 1352 4280 omnibus
1365 4214 1467 4280 vanum
1486 4233 1514 4280 et

275 4313 453 4384 superfluum
473 4314 597 4368 Contulit
614 4315 696 4369 eiiam
714 4330 763 4369 rex
781 4313 931 4384 templariis
950 4315 1021 4368 sicut
1038 4319 1066 4368 et
1084 4312 1217 4384 Ghepauo
1235 4312 1394 4367 adiunctam
1412 4319 1513 4368 terram

275 4401 426 4455 &cessam
443 4401 518 4455 Petri
536 4400 585 4454 filii
603 4401 713 4468 Thatar,
732 4401 812 4471 cujus
830 4407 904 4454 meta
921 4401 1016 4471 incipit
1034 4417 1118 4471 penes
1131 4417 1232 4470 aquam
1244 4401 1361 4455 Lesnica
1379 4401 1445 4468 (sic),
1464 4400 1511 4454 ubi

276 4493 318 4541 est
336 4486 379 4540 via
397 4487 534 4554 Ducentis,
558 4503 629 4557 quae
653 4486 796 4542 descendit
818 4487 854 4541 de
872 4487 959 4542 Pctus
977 4493 1004 4542 et
1021 4486 1097 4542 ducit
1115 4486 1261 4552 Rudmam,
1280 4494 1308 4542 et
1325 4488 1352 4541 iu
1371 4487 1512 4541 cacumine

275 4573 377 4628 montis
396 4573 483 4642 chm
501 4573 536 4628 ad
556 4580 611 4628 tres
635 4573 733 4640 sontes,
758 4591 807 4644 per
831 4574 923 4629 locum
947 4573 1025 4628 Ernls
1048 4573 1083 4628 ad
1102 4573 1196 4628 album
1214 4573 1317 4642 fagum,
1338 4580 1366 4628 et
1383 4573 1459 4628 vadit
1476 4573 1511 4627 ad

276 4665 332 4714 tres
354 4659 454 4716 dumos
478 4665 506 4719 et
531 4660 566 4716 ad
590 4661 689 4728 locum,
709 4661 757 4715 ubi
779 4660 846 4715 dnm
870 4659 1003 4716 ducatum
1026 4667 1133 4730 regeret
1158 4662 1217 4729 (rex
1243 4659 1386 4728 Andreas),
1414 4676 1512 4730 aprum
