3376 5350
612 430 760 473 nsonsrs.
1247 423 1311 489 439

72 615 173 680 septem
192 609 366 665 denariorum
386 609 489 680 ubique
502 610 529 663 in
543 625 628 679 regno
642 609 788 666 Slavoniae
802 611 950 667 existentes
962 628 1017 667 non
1030 613 1193 684 persolvant.
1208 613 1312 670 Datum

72 715 119 768 per
136 715 232 752 manus
256 699 380 768 magistri
400 697 536 752 Theodori
562 698 682 753 albensis
707 700 839 754 ecclesiae
864 702 1013 771 praepositi
1038 701 1118 756 aulae
1141 704 1218 772 regni
1242 704 1313 756 vice·

71 785 222 840 cancelarii.

125 873 200 943 oria
218 888 292 946 perp.
311 873 343 926 ia
362 890 422 927 mea
441 873 607 927 collectione.

122 1011 351 1066 MDXXXVIII.
370 1015 446 1066 1293.
466 1011 592 1066 Andreas
616 1013 667 1067 III.
686 1029 735 1068 rex
760 1014 937 1072 considerans
955 1017 1079 1072 fidelium
1097 1018 1218 1075 virorum
1243 1021 1312 1074 mili·

70 1101 167 1153 tarium
186 1098 266 1154 Pauli
285 1100 347 1154 bani
367 1099 504 1166 maritimi,
524 1100 637 1171 Georgii
658 1109 685 1155 et
704 1101 821 1157 Mlodini
835 1106 974 1165 comitum.
987 1106 1104 1161 fratrum
1122 1125 1244 1176 suorum,
1264 1110 1312 1178 qui

69 1205 86 1240 a
105 1189 249 1258 primaevis
267 1189 474 1258 progenitarum
493 1205 606 1243 suorum
626 1189 750 1259 personis
769 1192 847 1260 quasi
866 1191 1048 1247 haereditario
1067 1194 1187 1264 quodam
1206 1197 1265 1250 iure
1284 1197 1313 1249 in

68 1274 162 1328 multis
180 1281 208 1328 et
226 1274 333 1344 magnis
351 1274 518 1345 praeliorum
543 1276 734 1346 congressibus
753 1277 864 1331 militari
884 1287 1043 1334 meruerunt
1068 1281 1162 1336 laurea
1181 1281 1313 1350 decorari,

68 1379 118 1432 per
137 1361 294 1431 frequentes
313 1377 379 1416 suos
397 1363 509 1418 nuutios
533 1369 561 1416 et
585 1363 743 1432 specialiter
766 1380 816 1434 per
840 1365 1000 1436 religiosum
1023 1367 1111 1422 virum
1137 1369 1313 1424 Desiderium

68 1448 172 1504 ordinis
191 1448 399 1504 Heremitarum
418 1468 439 1504 s.
459 1451 609 1520 Augustini
629 1451 736 1505 oblatas
760 1467 864 1520 preces,
889 1453 1034 1508 admittere
1059 1455 1179 1510 decrevit
1203 1463 1313 1526 patrum

68 1551 180 1589 snorum
200 1535 397 1591 munificentiis
415 1536 521 1606 aliquid
540 1537 713 1607 superadere,
733 1538 861 1593 donando
885 1542 924 1594 eia
949 1548 977 1595 et
998 1539 1163 1598 haeredibus
1181 1544 1314 1599 banatnm

68 1624 238 1678 maritimum
258 1641 321 1678 cum
340 1625 453 1692 iuribus,
473 1625 640 1680 utilitatibus
664 1625 818 1680 redditibus
837 1634 864 1682 et
882 1629 1060 1698 proventibus
1086 1631 1231 1686 bannalibus
1254 1633 1314 1686 uni·

67 1711 160 1779 versis,
179 1727 322 1766 assumens
341 1712 443 1766 eisdem
463 1729 514 1797 suo
532 1719 560 1767 et
577 1713 726 1767 haeredum
746 1730 858 1768 suonam
883 1717 1042 1770 nominibus
1067 1734 1129 1771 cum
1154 1720 1314 1806 quingentis
1402 1735 1406 1748 ·

66 1797 202 1852 militibus
222 1804 386 1870 apparatum
404 1799 571 1854 habentibus
589 1800 734 1854 militarem
759 1802 787 1854 in
812 1801 1034 1872 expeditionibus
1060 1805 1199 1874 regalibus
1223 1807 1247 1860 ei
1271 1823 1314 1860 so·

66 1883 148 1940 ierter
166 1887 302 1952 assistere,
322 1893 349 1940 et
367 1887 420 1940 hoc
445 1887 487 1941 vel
506 1887 533 1940 in
553 1889 677 1958 personis
702 1889 820 1960 propriis
843 1891 887 1944 vel
912 1891 1008 1944 saltem
1033 1891 1158 1960 iratnrm,
1183 1893 1310 1960 filiorum,

66 1973 339 2044 necessariorumque
359 1991 481 2029 suorum.
500 1975 635 2030 Banatum
662 1977 755 2046 itaque
779 1978 947 2032 maritimum
973 1978 1080 2034 confert
1102 1981 1141 2034 eis
1166 1983 1225 2036 iure
1248 1998 1312 2052 pro-

66 2062 191 2132 prietatis
211 2067 239 2116 et
257 2063 383 2132 perpetui
402 2061 525 2128 dominii,
544 2063 596 2116 sub
615 2062 824 2117 condicionibus
843 2064 925 2118 etiarn
945 2066 1019 2136 quod
1041 2066 1216 2122 Maiestatem
1235 2085 1314 2122 suam

66 2155 96 2204 et
116 2155 230 2204 matrem
249 2165 327 2203 suam
346 2149 493 2204 Ducissam
512 2151 599 2204 totius
618 2149 764 2205 Slavoniae
791 2157 819 2205 et
842 2153 1040 2207 maritimarum
1065 2157 1186 2224 partium
1210 2155 1314 2209 Princi-

67 2237 179 2306 pissam,
199 2236 325 2291 debitum
344 2237 521 2291 fidelissimae
540 2237 719 2292 subiectionis
744 2247 772 2293 et
795 2239 823 2292 in
849 2237 1009 2294 Strenarum
1034 2248 1063 2295 et
1087 2242 1204 2296 aliorum
1224 2241 1314 2296 cleno-

68 2323 176 2378 diorum
196 2325 384 2379 oblationibus
402 2326 481 2393 juata
498 2325 719 2394 vulgarissimam
733 2326 959 2382 consvetudinem
972 2331 1048 2398 regni
1062 2336 1269 2399 recognoscant,
1288 2336 1316 2384 et

67 2410 142 2482 quod
159 2410 195 2464 ad
215 2413 288 2482 regis
308 2419 336 2466 et
354 2413 450 2466 matris
462 2415 645 2482 praesentiam
659 2415 802 2468 convocati
815 2415 927 2468 veniant
940 2420 968 2468 et
987 2433 1035 2485 par
1047 2433 1076 2471 se
1090 2418 1131 2472 vel
1144 2433 1194 2487 per
1206 2415 1313 2484 iratres,

66 2500 139 2554 filios
157 2507 206 2556 aut
225 2501 294 2554 alias
313 2517 443 2571 personas
462 2507 643 2572 praesentent.

121 2587 242 2641 Lucius:
261 2589 343 2641 Mem.
362 2588 393 2641 di
415 2589 489 2641 Trou
510 2590 539 2640 irs
559 2587 760 2642 additamentis
778 2605 805 2658 p.
823 2591 859 2642 63
878 2590 932 2643 hir.
952 2592 1063 2646 orciuos
1082 2593 1232 2646 Zrioiono.

122 2747 322 2802 MDXXXIX.
349 2748 388 2800 Io
406 2747 536 2804 lvanich.
561 2751 638 2800 1293.
662 2747 805 2802 iohannes
836 2749 982 2819 episcopus
1007 2750 1201 2819 Zagrabiensis
1226 2753 1313 2804 consi-

66 2836 168 2890 derans
187 2836 285 2890 merita
303 2835 447 2905 probitatis
466 2840 494 2889 et
506 2835 617 2889 servitia
635 2835 791 2889 Salamonis
810 2837 926 2900 comitis,
946 2836 994 2890 filii
1015 2836 1094 2904 Soza,
1113 2845 1214 2892 terram
1242 2854 1313 2908 quea

63 2922 206 2993 quondam
225 2921 278 2976 fuit
296 2923 451 2988 castrensis,
469 2922 592 2976 Hubena
619 2929 752 2989 vocatam,
775 2923 802 2976 in
827 2923 959 2976 comitatu
980 2941 1031 2978 suo
1051 2924 1213 2979 Ohasmensi
1232 2927 1313 2980 sitam

67 3027 133 3064 curn
152 3011 280 3064 omnibus
299 3011 470 3081 pertinentiis
489 3010 607 3064 contulit
619 3011 708 3064 eidem
728 3017 755 3063 et
773 3009 939 3064 haeredibus
951 3012 1016 3064 suis.
1030 3011 1095 3065 Hoc
1108 3011 1224 3077 adiecto,
1238 3011 1313 3082 quod

68 3097 144 3152 idem
164 3114 256 3154 comes
275 3106 303 3153 et
321 3099 363 3153 sui
382 3098 513 3152 haeredes
526 3098 550 3151 ei
564 3105 590 3152 et
609 3099 669 3152 eins
688 3099 892 3152 successoribus
911 3100 985 3152 omni
1004 3097 1146 3153 fidelitatis
1164 3097 1257 3153 studio
1275 3099 1315 3152 in·

65 3187 169 3242 servire
188 3189 361 3242 tenebuntur.
381 3187 473 3242 hletae
491 3193 583 3242 aulem
603 3192 698 3253 terrae,
722 3193 807 3256 prout
831 3187 961 3255 magister
980 3185 1156 3240 Andronicus
1173 3185 1314 3256 quondam

66 3291 163 3328 comes
181 3291 248 3328 suus
267 3275 444 3329 Chasmensis
462 3292 511 3344 per
529 3292 592 3328 eurn
610 3273 646 3328 ad
664 3274 839 3328 limitandum
852 3273 1028 3326 transmissus
1045 3273 1075 3326 in
1093 3273 1202 3344 scriptis
1221 3273 1315 3327 retulit

63 3363 121 3416 hae
140 3368 217 3418 sunt:
236 3362 330 3416 Prima
348 3362 446 3432 incipit
464 3363 542 3416 iuxta
560 3361 700 3432 quandam
725 3363 796 3416 viam
815 3378 831 3414 a
858 3367 936 3429 parte
960 3360 1099 3430 aquilonis
1121 3364 1150 3415 in
1174 3361 1315 3416 vinicitatc

65 3451 183 3520 Georgii
208 3451 257 3504 filii
277 3450 352 3505 Petri
370 3451 441 3504 inter
460 3450 529 3503 duas
547 3450 649 3515 vineas,
674 3450 749 3503 venit
766 3448 801 3502 sd
819 3448 988 3502 vicinitatem
1013 3448 1138 3517 Danych,
1167 3445 1243 3500 vadit
1267 3463 1316 3517 per

61 3537 171 3592 multas
197 3543 284 3591 metas
308 3537 436 3592 arboreas
463 3544 490 3591 et
517 3543 619 3591 terreas
647 3544 675 3591 et
701 3535 803 3599 valles,
833 3537 909 3590 venit
938 3535 974 3588 ad
1004 3543 1091 3588 metas
1120 3541 1209 3588 terrae
1234 3534 1312 3588 Gurk

62 3624 174 3693 Ungari
194 3641 388 3695 permagnam
407 3625 489 3690 dam,
507 3624 572 3679 inde
590 3641 640 3695 per
658 3623 757 3679 vallem
777 3623 824 3676 ubi
844 3627 885 3676 est
910 3621 998 3692 pot-ok
1023 3621 1146 3675 Hubena
1173 3629 1201 3675 et
1229 3623 1314 3675 intrat

60 3713 92 3766 in
115 3712 202 3781 potok
220 3713 373 3782 Tyzlrevch,
392 3713 467 3767 venit
485 3712 520 3766 ad
540 3713 679 3782 quoddam
705 3710 898 3764 nemusculum
923 3715 951 3762 et
975 3709 1012 3762 ibi
1037 3708 1112 3763 cadit
1139 3711 1168 3762 in
1187 3725 1316 3778 magnam

61 3801 142 3854 viam
162 3800 357 3854 exercitualem
376 3807 404 3855 et
422 3818 471 3871 per
489 3802 592 3854 bonum
611 3799 734 3868 spacium
755 3797 899 3851 revomitur
917 3796 952 3850 ad
972 3797 1094 3866 primam.

121 3885 218 3953 Fejer:
239 3885 303 3941 eon.
323 3887 391 3954 dipl.
412 3887 511 3956 Hrsap.
533 3887 561 3940 Τ.
585 3886 650 3938 VII.
672 3885 715 3938 col
733 3887 757 3938 5.
774 3901 802 3952 p.
822 3885 881 3938 515.

121 4046 243 4101 MDXL.
271 4045 427 4103 caumas
453 4049 529 4098 1293.
557 4044 699 4098 Johsnnes
723 4045 870 4113 episcopus
899 4041 1091 4112 Zagrsbiensis
1118 4047 1216 4095 notum
1240 4040 1315 4106 facit,

59 4135 145 4206 quod
165 4151 229 4190 cum
248 4136 385 4206 possessio
404 4133 536 4188 eeclesiae
554 4149 621 4185 suae
640 4130 776 4198 Giresche,
797 4131 870 4184 circa
883 4130 979 4184 Vaska
992 4130 1120 4194 existens,
1135 4135 1247 4198 propter
1259 4133 1315 4180 tnr-

62 4225 213 4278 bationem
232 4227 260 4276 et
277 4239 403 4293 gverrsm
421 4221 572 4292 praesentis
591 4220 730 4288 temporis,
749 4235 820 4288 quae
832 4219 861 4271 in
874 4234 959 4287 regno
978 4216 1117 4286 Ungariae
1130 4223 1157 4268 et
1171 4213 1316 4268 Slavoniae

56 4331 78 4366 a
99 4311 200 4366 multis
217 4311 360 4364 retroactis
380 4308 550 4378 temporibus
568 4305 760 4360 miserabiliter
784 4305 898 4358 inolevit
916 4303 1038 4357 extiterit
1056 4301 1178 4354 desolata
1207 4306 1234 4353 et
1258 4299 1315 4354 sere

56 4399 272 4454 habitatoribus
291 4397 430 4459 destituta,
450 4397 543 4449 volens
563 4393 748 4448 conditionem
768 4394 827 4446 eius
845 4392 934 4444 facere
960 4389 1109 4453 meliorem,
1136 4385 1250 4441 carrdem
1270 4386 1317 4440 dc-

59 4487 147 4541 navit
167 4485 259 4539 comiti
279 4485 420 4554 Stephano
434 4483 468 4537 de
482 4481 613 4535 Monnzlo
627 4498 702 4535 more
715 4481 832 4533 alioruin
845 4477 1026 4548 praedialium
1039 4491 1152 4528 suorum
1166 4474 1199 4529 de
1213 4472 1316 4527 Vaslra.

58 4575 136 4628 Hoc
155 4572 271 4639 adiecto,
291 4572 365 4641 quod
383 4571 456 4626 idem
476 4583 568 4623 comes
587 4569 745 4638 Stephanus
758 4574 785 4621 et
799 4568 841 4620 sai
860 4563 991 4619 haeredes
1010 4563 1140 4632 episeopo
1158 4562 1232 4614 omni
1251 4561 1318 4614 iida-

58 4661 160 4715 litatis
179 4659 273 4715 studio
291 4659 418 4713 assistere
437 4657 612 4712 tenebuntur.
638 4656 849 4721 Mamertinam,
868 4669 937 4723 quas
956 4647 1084 4720 Mychael
1109 4645 1319 4702 archidiaconns

58 4747 100 4805 de
122 4748 220 4804 Vssca
239 4753 266 4802 st
285 4745 369 4802 irater
389 4745 555 4800 Laurentius
574 4743 748 4814 praepositus
761 4741 875 4795 fratrum
895 4738 952 4794 ord.
972 4754 992 4792 s.
1012 4736 1162 4806 Augustini
1176 4735 1319 4866 diVaslra
