3376 5350
362 445 428 512 406
862 453 880 494 1.
901 440 1109 506 nouumnvrc,

363 637 532 708 apostolicus
550 635 654 690 lactum
673 635 799 690 cassavit.
812 633 942 688 Perhibet
955 634 1048 703 itaque
1061 633 1096 694 de
1110 647 1180 686 noro
1193 631 1382 686 testimonium
1395 631 1473 702 quod
1487 639 1616 686 castrum

364 724 541 780 Sibenicenae
560 739 668 794 semper
687 729 715 777 et
733 723 768 776 ab
787 723 852 776 olim
872 721 1028 792 pertinebat
1046 721 1082 775 ad
1101 723 1292 792 episcopatum
1311 719 1541 789 Tragurieneem.

416 812 537 866 Laetus:
563 812 645 864 blena.
664 810 695 864 di
717 811 800 876 Troo,
816 827 846 878 p.
864 813 923 864 220.
946 809 1075 862 Farlati:
1094 808 1179 876 Illyr.
1198 809 1275 862 Sora.
1296 808 1356 862 III.
1372 825 1402 875 p.
1420 810 1483 860 291.

416 970 553 1026 MODIV.
572 970 653 1026 nebi.
674 973 749 1024 1287.
767 972 809 1022 27.
829 969 911 1022 Maii.
933 967 1088 1038 Gregorius
1107 968 1255 1037 episcopua
1274 965 1416 1032 Athenaeis,
1435 981 1501 1019 cum
1520 981 1619 1018 mona·

364 1058 476 1113 sterium
496 1057 660 1112 Monialium
679 1075 700 1112 e.
719 1056 837 1112 loannis
862 1056 1055 1126 Evangelistao
1073 1056 1102 1108 in
1121 1055 1231 1108 civitate
1249 1053 1368 1108 Arbcnei
1386 1055 1557 1108 remanserit
1576 1071 1620 1108 va·

364 1162 447 1200 cuum
473 1146 589 1200 contulit
615 1145 689 1198 idem
714 1161 777 1198 curn
802 1152 862 1199 toto
887 1145 992 1198 ambitu
1020 1159 1071 1197 auo
1099 1141 1175 1196 fratri
1202 1141 1310 1196 Jacobo
1338 1141 1373 1194 de
1401 1140 1507 1207 Patina,
1539 1159 1621 1211 grar-

365 1233 448 1287 diano
467 1233 581 1286 fratrum
601 1233 740 1286 Minorum
760 1231 794 1286 de
813 1232 897 1298 Arba,
918 1232 982 1301 jure
1007 1231 1128 1284 omniurn
1153 1231 1269 1284 fratrum
1289 1229 1429 1284 bliuorum
1454 1231 1620 1298 prouinciae

364 1319 518 1376 Slavoniua.
538 1319 734 1374 Praesentibus
754 1319 849 1374 Marco
869 1319 997 1373 Michaeli
1017 1319 1126 1384 comite,
1140 1317 1266 1372 Gildone
1280 1317 1450 1382 vicecomite,
1466 1316 1618 1371 Matthaei)

362 1407 466 1478 judice,
485 1407 629 1461 Clemente
648 1407 682 1460 de
702 1409 817 1472 Oinano,
837 1413 864 1460 et
882 1406 990 1461 Jacobo
1008 1407 1116 1461 notario
1135 1423 1167 1460 ac
1186 1405 1281 1458 multia
1299 1405 1368 1459 aliis.

417 1495 531 1547 Furlotr'
550 1495 635 1563 Illyr.
654 1495 732 1548 Scor.
754 1495 784 1549 T.
809 1495 837 1547 V.
853 1511 884 1562 p.
905 1497 962 1546 243.

418 1653 539 1707 Mouv.
557 1653 730 1724 Zcqrnbiaa.
751 1656 826 1704 iant.
846 1657 869 1706 1.
890 1651 1064 1719 Septembris.
1085 1651 1245 1722 Capitulum
1268 1651 1401 1706 ecclcsiae
1420 1651 1621 1720 Zagrabiensie

367 1741 501 1806 notificat,
520 1739 595 1810 quod
624 1740 781 1794 constitutio
806 1740 833 1793 in
859 1740 918 1793 eiua
941 1739 1097 1808 praesentia
1121 1739 1157 1792 ab
1182 1755 1237 1792 una
1262 1743 1340 1808 parte
1364 1739 1465 1794 comite
1492 1739 1569 1809 Elya
1594 1753 1621 1793 et

367 1829 501 1898 magistro
520 1828 603 1882 Petro
623 1828 805 1880 servientibus
830 1826 930 1880 nobilia
949 1827 999 1880 viri
1018 1825 1151 1896 Stephani
1176 1825 1249 1892 bani,
1274 1825 1322 1879 lilii
1341 1825 1451 1879 comitia
1470 1824 1621 1895 Stephani.
1676 1891 1677 1912 ἢ

364 1916 477 1968 nomine
496 1915 620 1970 eiusdem
640 1914 743 1968 domini
763 1914 814 1979 eui,
833 1915 868 1967 ab
888 1913 974 1967 altera
993 1929 1056 1967 vero
1075 1914 1206 1984 Dragnan
1226 1913 1283 1966 tilio
1302 1911 1406 1978 Herna,
1423 1911 1545 1967 Herculi
1560 1915 1619 1966 tilio
1676 1927 1677 1936 ¹

364 2002 460 2058 Obrad
479 2008 507 2056 et
526 2001 610 2056 Wollr
629 2001 685 2054 tilio
705 2000 779 2055 Jalro
798 2001 832 2055 dc
851 1999 992 2056 Gradneh.
1011 2000 1082 2055 Item
1102 1999 1206 2054 Brathk
1225 2000 1282 2054 filio
1301 1999 1381 2067 Peri,
1400 1998 1540 2054 Gordoua
1561 2002 1620 2055 tilio

365 2089 400 2143 de
418 2089 570 2160 Wydozlov
589 2095 617 2142 et
635 2089 755 2158 lVolkoy
775 2088 832 2142 lilio
852 2087 999 2142 Guduzlov
1018 2087 1052 2140 de
1071 2087 1246 2142 Germanichi
1272 2087 1379 2142 nobiles
1405 2087 1440 2141 de
1464 2087 1620 2150 Brochina,

365 2175 457 2230 dictus
475 2177 608 2246 Draguan
627 2193 690 2230 cum
709 2175 774 2241 auia,
794 2181 896 2229 terram
915 2191 994 2229 stram
1012 2175 1223 2229 haereditariam
1242 2173 1390 2239 Gradnch;
1418 2175 1487 2230 item
1507 2175 1619 2229 Bratbk

366 2279 429 2316 cum
448 2263 513 2328 suia,
532 2269 633 2317 terram
646 2279 725 2316 suam
739 2262 949 2316 haereditariam
962 2262 1131 2332 Germauigy
1148 2262 1227 2328 (alias
1240 2262 1259 2318 J
1261 2263 1407 2331 urmanigi)
1420 2273 1618 2334 nuncupatam

365 2350 483 2406 confessi
501 2351 564 2416 sint,
584 2349 741 2404 vendidisse
765 2348 889 2419 praelato
914 2349 1057 2418 Stephano
1075 2349 1148 2403 bano
1174 2365 1224 2419 pro
1243 2350 1388 2418 sexaginta
1406 2351 1507 2404 marcia
1528 2351 1616 2406 dena-

367 2439 468 2490 riorum
488 2437 723 2506 Zagrabienaium.
743 2435 820 2490 bleta
837 2443 931 2491 antem
949 2443 1038 2490 terrae
1054 2436 1151 2506 incipit
1168 2437 1195 2490 in
1216 2436 1286 2490 valla
1305 2435 1443 2506 Cobyldol
1463 2439 1546 2492 iuxta
1567 2439 1619 2493 fln-

365 2525 440 2578 vium
459 2524 604 2596 Brochina
623 2523 692 2578 Inde
711 2523 888 2594 pervenitad
907 2529 1030 2578 montem
1050 2523 1341 2593 Wyhchobrostyn.
1360 2523 1430 2578 Inde
1457 2526 1553 2580 tandit
1581 2529 1620 2581 ad

366 2613 480 2667 fluvium
501 2611 670 2667 ilollobinik.
690 2611 760 2666 Inde
779 2629 827 2682 per
845 2627 978 2682 magnum
997 2612 1118 2682 epatium
1137 2610 1172 2664 ad
1192 2610 1305 2664 fluvium
1324 2611 1433 2680 Behow,
1453 2617 1481 2666 et
1500 2629 1554 2683 per
1573 2633 1620 2668 va·

365 2702 419 2756 riae
439 2705 526 2756 metae
545 2699 581 2754 ad
600 2702 727 2770 priorem.
747 2700 872 2754 Alterius
894 2705 986 2754 autem
1012 2699 1167 2754 medietatis
1191 2703 1280 2753 terrae
1304 2699 1422 2754 tendunt
1446 2709 1542 2757 metae
1569 2722 1620 2774 per

364 2790 453 2844 varim
472 2795 559 2843 metae
578 2789 706 2842 arboreae
724 2787 760 2842 ad
786 2788 899 2841 llrrvium
920 2787 1063 2848 Rrochina.
1093 2786 1157 2840 inde
1182 2785 1217 2840 ad
1243 2787 1348 2842 sontem
1373 2787 1522 2860 Woloyclr,
1547 2793 1616 2846 inde

364 2876 400 2931 ad
419 2876 570 2931 desolatam
593 2877 699 2930 vineam
716 2875 832 2929 Malenoi
845 2875 912 2928 etin
926 2874 1039 2928 flurium
1053 2874 1190 2944 Bruznylr,
1203 2875 1268 2929 inde
1286 2875 1322 2929 ad
1342 2875 1456 2930 fluvium
1470 2877 1618 2948 Zuynecln,

366 2963 431 3018 inda
449 2963 477 3016 in
497 2963 597 3018 vallem
619 2963 765 3034 Cobyldol.
785 2962 862 3016 Meta
889 2969 981 3016 autem
1005 2969 1093 3016 terrae
1111 2961 1281 3031 Germanigy
1300 2963 1397 3033 incipit
1415 2963 1495 3018 iuxta
1513 2965 1618 3020 siluam

365 3050 596 3105 Tolaaluachelou
625 3050 741 3104 tendens
760 3050 895 3104 defluvio
922 3049 1050 3119 Bruznylr
1073 3055 1101 3104 et
1119 3066 1167 3120 per
1185 3050 1273 3103 variae
1292 3055 1379 3104 meur
1397 3065 1483 3120 nuper
1506 3049 1617 3106 fontem

365 3139 463 3208 Petyn,
484 3137 549 3192 inde
568 3137 603 3192 ad
622 3139 730 3192 vineam
756 3139 939 3208 pertinentem
958 3137 992 3190 ad
1012 3136 1164 3206 Grangiam
1192 3136 1301 3190 abbatia
1320 3135 1355 3192 dc
1380 3136 1529 3207 Bruchion,
1551 3141 1619 3195 inde

365 3241 415 3296 per
438 3225 510 3280 viam
536 3225 645 3280 Klanch
669 3225 704 3278 ad
729 3225 816 3278 rivurn
842 3225 940 3294 Petyn,
965 3224 1030 3278 inde
1058 3224 1092 3277 ad
1118 3231 1240 3280 montem
1268 3223 1395 3293 Gonche,
1423 3225 1491 3280 inde
1509 3227 1549 3282 ad
1570 3247 1620 3299 pa·

368 3312 472 3378 ludem,
491 3313 556 3366 indo
574 3312 610 3366 ad
629 3314 737 3366 vineam
753 3313 885 3366 ecclesiae
904 3329 925 3366 a.
946 3311 1057 3365 Martini
1076 3311 1111 3365 de
1130 3311 1274 3376 Brochina,
1287 3312 1323 3366 ad
1336 3311 1450 3366 fluvium
1463 3311 1619 3386 Broclrpma

366 3400 414 3453 ubi
434 3401 508 3453 nvos
527 3399 693 3469 Torbochyn
713 3400 787 3454 cadit
804 3401 832 3452 in
851 3400 978 3466 eundem,
997 3399 1061 3452 inde
1080 3417 1128 3469 per
1147 3399 1218 3452 viam
1244 3399 1280 3453 ad
1306 3399 1420 3454 flurium
1446 3399 1617 3474 Elagonugy

366 3496 394 3541 et
412 3503 495 3557 anper
514 3485 694 3540 Lokouiacha
711 3487 747 3540 ad
766 3495 867 3540 metam
889 3489 1015 3558 priorem.

420 3575 494 3644 Oria.
514 3573 661 3628 laearrbrorr.
686 3575 723 3626 In
748 3575 819 3626 actis
833 3591 884 3642 per
903 3575 1005 3628 bartam
1030 3573 1313 3642 Kbalera-Hcdervury
1337 3589 1371 3628 ex
1395 3575 1508 3630 arcbino
1533 3583 1618 3648 repat

364 3662 475 3715 ablatio.
495 3661 531 3714 N.
546 3661 580 3715 R.
600 3663 635 3714 A.
654 3661 735 3716 Fuso.
756 3665 831 3715 1533.
854 3662 890 3715 N.
911 3663 951 3716 15.

418 3819 554 3874 MCDVI.
573 3817 716 3873 Venatile.
740 3821 815 3872 12a7.
841 3821 881 3873 11.
907 3819 1078 3886 Septembrir.
1107 3819 1256 3888 Friderico,
1281 3820 1384 3876 Joanni
1410 3829 1438 3876 et
1461 3821 1616 3879 Leonardo

364 3907 510 3962 comitibus
524 3905 630 3975 Veglae
642 3906 795 3976 iniungitur
813 3913 844 3961 ut
862 3923 950 3976 unque
963 3907 997 3961 ad
1011 3908 1113 3961 festum
1124 3907 1275 3962 nativitatis
1287 3909 1400 3964 Domini
1416 3909 1550 3965 exolvent
1565 3929 1618 3982 pro

363 3995 474 4065 rogaliie
493 3993 595 4047 solidos
614 4008 712 4047 novem
731 4009 898 4062 grossorum,
918 3996 1010 4048 minua
1029 3999 1126 4064 quarta
1145 3995 1227 4049 unius
1239 3996 1335 4066 grossi,
1355 4012 1405 4065 pro
1424 4012 1499 4050 anno
1518 4001 1617 4060 latua

362 4084 428 4136 item
447 4083 531 4136 libras
550 4081 681 4135 ducentas
703 4097 753 4151 pro
772 4097 795 4134 a.
816 4083 891 4135 1286.
917 4083 969 4136 aab
995 4098 1084 4153 poena
1109 4083 1231 4153 quinque
1256 4083 1397 4150 librarum,
1420 4099 1492 4153 quae
1511 4101 1616 4140 execu-

362 4171 438 4224 tione
456 4185 567 4239 quoque
585 4169 739 4238 adigantur.

414 4255 534 4324 Ljabic:
552 4256 631 4310 Mora.
652 4256 676 4308 I.
692 4271 721 4323 p.
742 4259 800 4308 143.

414 4413 897 4485 MODVII.Zaprabiae.12rl⁷.tl.
920 4415 1051 4468 (latebris.
1078 4415 1217 4470 Antonius
1242 4415 1390 4486 episcopua
1415 4415 1616 4488 Zagrabiensia

362 4508 459 4556 notum
479 4503 552 4569 lacit,
571 4501 646 4572 quod
666 4519 728 4557 cum
748 4503 774 4556 in
795 4503 911 4556 ecclesia
930 4503 1109 4572 Zagrabienei
1137 4505 1386 4559 mansionariorum
1405 4521 1454 4559 acu
1474 4509 1615 4576 praeben-

363 4590 555 4644 bendariorum
575 4590 748 4644 sacerdotum
769 4595 842 4642 essct
860 4591 963 4655 raritrra,
980 4595 1105 4660 tempore
1118 4591 1291 4645 Tlrimothaei
1305 4591 1526 4662 praedecessoris
1541 4595 1613 4652 eiua,

364 4677 479 4731 nonnuli
499 4694 533 4730 ex
552 4678 691 4730 canonicis
711 4675 776 4729 dum
796 4678 926 4744 viverent,
945 4678 1030 4747 aliqui
1056 4679 1084 4730 in
1109 4695 1160 4732 ana
1186 4679 1284 4732 ultima
1307 4679 1459 4745 voluntate,
1484 4680 1615 4735 volentes

362 4765 505 4836 providere
523 4764 683 4818 huiuamodi
703 4764 830 4832 delectui,
852 4764 985 4819 debonis
1010 4767 1067 4820 auio
1095 4765 1309 4836 praebendarios
1327 4765 1363 4820 ad
1381 4767 1506 4822 officium
1531 4769 1613 4822 chori

1661 5080 1671 5164 l
