3376 5350
334 397 400 476 390
724 407 728 416 ’
834 407 853 448 ι.
873 393 1083 460 ιιιιιιιιιιιινιό,

387 585 587 644 mcccxvn.
607 590 684 641 12⁸3.
704 590 744 640 14.
764 587 895 656 Aupamti.
917 585 1105 657 Tynrothaeus
1123 585 1269 657 episcopus
1287 583 1480 656 ngrabiensis
1497 587 1591 656 signi·

334 675 407 739 licat,
426 673 501 744 quod
520 674 627 728 nobiles
646 675 697 728 viri
716 691 807 728 comes
826 674 926 728 Petms
945 673 979 727 de
998 671 1129 726 Monozlo
1141 673 1182 727 *ab
1201 689 1256 726 una
1273 679 1352 742 parte
1370 681 1398 728 et
1415 689 1509 727 comm
1523 673 1591 727 Ste-

335 759 445 832 phanus
463 777 514 832 pro
533 779 562 816 ae
582 767 609 816 et
629 761 712 816 fratre
731 776 781 814 sno
801 759 908 815 Thema
926 777 1019 814 coram
1038 777 1071 814 eo
1090 761 1240 824 constituti,
1262 761 1406 832 protestati
1425 761 1481 816 sint
1500 778 1591 832 snper

336 849 444 904 damnis
462 857 489 904 et
507 849 622 918 injuriis,
645 849 829 904 occisionibus
854 848 1005 914 hominnm,
1025 846 1249 902 mutilacionibns
1267 849 1461 914 membrorum,
1487 849 1608 902 vulne·

334 937 411 992 ribus
429 953 462 992 ac
480 936 713 990 destructionibus
731 935 946 1006 possessionum,
965 935 1140 1004 captionibus
1163 933 1197 988 de
1222 936 1346 1004 personis
1364 935 1483 1006 prophis
1506 934 1589 990 Petri

334 1024 462 1080 videlicet
480 1031 508 1078 et
526 1023 659 1094 Stephani
684 1039 716 1076 ae
741 1023 802 1076 aliis
828 1023 977 1076 inimicitiis
997 1021 1062 1074 hine
1080 1021 1145 1076 inde
1163 1022 1273 1089 exortis,
1292 1007 1445 1092 spontanea
1463 1028 1491 1076 et
1516 1039 1590 1076 nna-

334 1113 400 1166 nimi
421 1111 561 1166 voluntate
580 1111 608 1165 in
627 1111 737 1180 plenam
756 1128 786 1164 se
804 1111 880 1180 pacis
905 1110 1034 1162 unionem
1060 1109 1209 1163 devenisse.
1234 1109 1355 1164 Thomas
1378 1110 1461 1164 etiam
1486 1126 1589 1180 supra·

335 1197 426 1253 dictus
446 1216 538 1254 coram
557 1198 678 1270 capitulo
698 1197 860 1252 Chasmensi
879 1195 1031 1267 praesentis
1050 1197 1125 1265 pacis
1144 1196 1311 1252 ordinationi
1322 1213 1402 1252 snum
1416 1215 1588 1252 consensum

334 1287 438 1354 tribuit,
457 1291 540 1358 prout
558 1304 592 1340 ex
610 1287 709 1340 litteris
728 1285 841 1356 capituli
858 1289 944 1355 patet.
966 1284 1165 1338 Praestiterunt
1183 1285 1266 1340 etiam
1280 1281 1486 1340 'sacramentum
1506 1285 1589 1356 quod

335 1375 428 1428 omnia
445 1381 527 1444 pacta
544 1373 621 1444 pacis
639 1373 833 1427 inviolabiliter
855 1372 1047 1438 observabunt,
1066 1377 1095 1426 et
1113 1372 1135 1425 si
1153 1371 1215 1442 quis
1238 1373 1266 1425 in
1290 1371 1415 1426 futurum
1439 1389 1501 1427 earn
1525 1391 1590 1427 ma·

334 1461 425 1516 litiose
444 1461 566 1523 violaret,
586 1459 689 1514 incidet
708 1461 734 1514 in
755 1477 872 1530 poenam
896 1459 1051 1514 amissionis
1069 1459 1192 1512 omnium
1211 1459 1345 1514 bonorum
1364 1475 1476 1512 snorum
1497 1462 1591 1514 mobi-

335 1549 403 1604 lium
422 1557 450 1603 ct
467 1547 659 1614 immobilium,
678 1555 734 1600 tam
761 1548 789 1600 in
808 1547 955 1616 Hnngaria
979 1563 1063 1617 qnam
1081 1547 1109 1600 in
1129 1545 1258 1601 Slavonia
1276 1547 1334 1600 sine
1352 1547 1446 1617 aliquo
1464 1550 1588 1616 strepitu

330 1637 440 1706 judieii:
459 1637 567 1690 Incidet
591 1637 675 1690 ctiam
700 1653 763 1706 pars
782 1651 838 1688 non
856 1636 1027 1688 observantis
1046 1635 1072 1688 in
1093 1637 1263 1702 sententiam,
1281 1631 1589 1688 excommunicationis.

335 1723 417 1778 Hanc
436 1725 518 1778 etiam
537 1725 613 1794 pacis
632 1725 761 1776 unionem
781 1723 926 1776 voluerunt
945 1722 1078 1792 praedicti
1097 1723 1203 1776 nobiles
1222 1722 1257 1776 ad
1277 1729 1411 1791 cognatos
1424 1739 1490 1775 suos
1509 1721 1588 1776 Lan·

335 1813 452 1880 rentimn
478 1820 506 1865 et
529 1810 661 1882 Egidinm
683 1809 755 1864 filios
768 1849 775 1861 .
790 1851 816 1863 ..
836 1809 954 1863 extendi.
975 1809 1093 1864 Litteras
1112 1817 1204 1864 antem
1224 1809 1364 1864 roboravit
1382 1810 1531 1879 episcopus
1552 1812 1589 1863 si·

334 1901 402 1970 gillo
426 1916 485 1961 siro,
511 1898 703 1968 capitulorum
729 1897 920 1968 Zagrabiensis
945 1905 972 1950 et
998 1896 1174 1951 Chaamensis
1191 1897 1258 1951 eccl.
1277 1903 1305 1951 et
1323 1896 1431 1950 Nicolai
1449 1897 1514 1951 bani
1537 1897 1589 1950 filii

335 1987 476 2057 Stephani.

372 2074 436 2128 (lod.
456 2074 524 2141 dipl.
543 2075 662 2144 putrium.
685 2074 713 2126 Τ.
738 2073 803 2126 VII.
822 2090 848 2142 p.
869 2077 927 2126 170.
947 2073 995 2126 Idm
1013 2077 1097 2127 meat.
1111 2071 1222 2126 archivo
1236 2073 1364 2126 comitum
1378 2070 1497 2140 Erdeidy
1513 2073 1589 2125 Gal-

333 2178 443 2231 poczam
463 2161 564 2214 abicito.
1247 2177 1252 2186 ·

389 2317 630 2372 MCCOXLVIII.
649 2319 789 2374 Venetiis.
812 2321 889 2372 1283.
909 2323 949 2370 18.
968 2319 1099 2388 stuprasti.
1119 2318 1173 2372 Per
1191 2317 1337 2372 consilium
1362 2318 1452 2388 majus
1476 2320 1589 2388 praeci·v

336 2407 410 2476 pitur
429 2406 521 2460 comiti
541 2406 607 2475 ligni
628 2405 761 2470 (luanarii
780 2413 808 2459 et
831 2407 925 2460 comiti
950 2406 1018 2476 ligni
1044 2405 1154 2476 Umagi,
1179 2411 1209 2458 nt
1231 2405 1260 2460 in
1285 2405 1435 2460 continenti
1461 2404 1589 2462 debeant

336 2495 375 2546 ire
393 2493 428 2546 ad
448 2493 666 2546 succurrendum
686 2494 831 2563 capitaneo
850 2501 939 2547 terrae
958 2493 1067 2548 Almisii
1086 2501 1115 2548 et
1132 2493 1274 2547 intendere
1293 2492 1328 2546 ad
1342 2491 1483 2546 Andream
1503 2493 1586 2548 Dan-

335 2580 402 2634 dnlo
420 2585 600 2652 capetaneum
619 2581 656 2634 ibi
676 2585 703 2635 et
721 2583 747 2634 ei
766 2581 884 2634 obedire.
906 2581 975 2635 Item
995 2583 1095 2634 missae
1114 2587 1179 2634 suut
1206 2581 1313 2635 litterae
1339 2579 1467 2636 omnibus
1497 2584 1589 2636 comi·
1673 2643 1674 2659 .

335 2669 438 2722 tatibus
466 2675 494 2722 et
518 2670 662 2738 capitaneo
687 2669 857 2734 Galleornm,
882 2673 913 2722 nt
937 2670 1081 2724 occasione
1109 2684 1253 2733 novorum,
1281 2683 1352 2738 quae
1379 2665 1518 2722 habentur
1551 2669 1589 2722 de

336 2755 459 2822 Almisio,
479 2755 581 2810 iaciant
601 2757 672 2810 viam
691 2755 758 2810 illuc
777 2763 805 2810 et
823 2755 891 2811 dent
908 2756 1085 2810 adiutorium.

387 2844 504 2910 Ipuhic‘:
522 2844 602 2896 Mem
621 2845 645 2896 Ι.
664 2861 690 2913 p.
711 2847 769 2898 135.

387 3001 600 3056 MCOCXLIX.
629 3001 770 3058 venetiis.
801 3005 877 3054 1983.
905 3005 930 3055 5.
962 3002 1092 3056 (terebris.
1118 2973 1305 3056 Confirmat'ur
1329 3017 1378 3072 per
1407 3002 1507 3057 ducem
1534 3003 1585 3058 Jo.
1668 3039 1669 3042 =

336 3089 467 3144 Dandum
499 3089 649 3144 concordia
678 3089 751 3144 sacta
781 3089 852 3142 inter
880 3089 1022 3144 dominum
1051 3089 1191 3142 Marinum
1211 3088 1420 3146 Maurocennm
1448 3091 1585 3146 comitem

336 3177 434 3230 t'bersi
453 3183 481 3230 et
500 3177 599 3230 Absari
620 3183 647 3230 et
665 3176 790 3230 homines
808 3177 915 3230 insulae
935 3176 1031 3230 Chersi
1051 3193 1099 3246 per
1118 3177 1246 3230 dominos
1270 3175 1433 3232 Michaelem
1454 3175 1534 3232 Doro
1556 3189 1585 3232 et

338 3264 465 3318 Marcum
484 3263 598 3316 Ilembo.
618 3254 727 3316 Testes:
753 3263 872 3316 Badiam
895 3271 923 3316 et
946 3265 1006 3316 eius
1030 3269 1145 3334 nepotes
1164 3269 1192 3316 et
1210 3263 1315 3329 fratres,
1335 3263 1426 3318 (lerna
1444 3264 1586 3327 Parmani.

337 3351 429 3415 Balva,
450 3356 477 3404 et
495 3351 641 3404 Androcus
660 3366 755 3403 omnes
775 3349 809 3404 ds
828 3351 948 3415 Absaro;
969 3351 1111 3420 Bassigna,
1131 3349 1281 3420 Bochigna,
1306 3352 1435 3406 Bartolua
1461 3351 1508 3408 Jo.
1539 3355 1586 3408 del

336 3438 471 3491 Viseonte
490 3443 517 3492 et
536 3437 634 3490 Petrus
653 3437 761 3505 Regina
780 3437 814 3490 de
833 3437 955 3492 Chersio.

391 3525 516 3578 itemst.-
538 3524 602 3576 doit.
622 3524 691 3593 dipl.
711 3526 779 3593 Arp.
802 3523 873 3577 XII.
894 3527 953 3576 395.

387 3683 523 3736 Macci..
549 3683 585 3736 In
610 3683 721 3738 Pnlrnr.
749 3687 825 3737 alell.
852 3687 895 3738 29.
924 3683 1055 3737 Octobris.
1083 3683 1183 3738 Petrus
1211 3685 1300 3738 banus
1324 3683 1409 3738 totius
1433 3683 1585 3742 Slavoniae
1653 3686 1657 3709 '

333 3787 426 3824 comes
445 3771 479 3825 de
497 3771 605 3824 Barnna
625 3775 652 3824 et
671 3769 705 3824 de
725 3769 862 3840 Gyrzinch
876 3770 1062 3838 (Gersenche),
1083 3779 1110 3825 et
1130 3771 1273 3835 Kaminus,
1293 3772 1342 3826 lilii
1361 3773 1470 3827 comitis
1490 3773 1585 3828 Bene·

334 3859 408 3924 dicti,
427 3858 591 3927 significant,
610 3858 685 3926 quod
705 3874 768 3915 cum
787 3859 826 3911 illi
852 3865 952 3912 terram
971 3876 1049 3912 suam
1068 3859 1277 3912 haereditariam
1297 3861 1325 3912 in
1344 3856 1499 3929 Thoplielia
1525 3865 1584 3916 exi·

336 3951 453 3998 stentem
474 3945 547 3998 fideli
568 3946 695 3998 servienti
715 3961 765 3998 suo
785 3945 935 3999 Benedicto
954 3946 1047 4000 comiti
1068 3947 1124 4000 filio
1147 3945 1204 3999 Job
1229 3948 1265 4000 ob
1290 3947 1387 4000 merita
1405 3948 1582 4004 servitiorum

333 4049 445 4086 suorum
472 4039 500 4086 et
525 4030 616 4084 fratris
641 4031 758 4091 Nicolai,
784 4034 830 4101 qui
856 4033 883 4084 in
909 4049 1004 4086 eorum
1033 4033 1149 4087 servitiis
1176 4033 1210 4087 de
1229 4033 1322 4087 medio
1341 4034 1468 4090 sublatus
1487 4035 1582 4096 suerit.

235 4111 237 4116 ’
333 4119 423 4172 eidem
443 4118 473 4171 ll.
493 4117 595 4172 dictam
614 4125 712 4171 terram
726 4119 878 4188 Thoplieha
897 4137 960 4174 curn
980 4121 1108 4174 omnibus
1127 4119 1298 4190 pertinentiis
1311 4121 1485 4176 contulerint
1501 4123 1581 4178 Meta

332 4212 426 4260 autem
445 4205 541 4274 incipit
561 4205 595 4259 de
613 4222 686 4273 aqua
704 4207 845 4276 Tiroplica,
871 4208 957 4261 currit
982 4225 1030 4276 per
1049 4215 1135 4260 metim
1153 4209 1288 4275 arboreas,
1315 4215 1423 4262 mentes
1446 4215 1475 4262 et
1493 4211 1582 4266 valles

332 4293 367 4346 ad
387 4293 486 4346 drnnos
519 4293 715 4358 avellanarum,
740 4294 803 4348 inde
827 4294 862 4346 ad
887 4295 987 4348 dumos
1011 4295 1172 4364 gnmnlcyn,
1199 4295 1237 4348 ibi
1260 4295 1358 4350 transit
1383 4303 1508 4352 montem
1531 4315 1583 4368 per

331 4380 443 4448 longam
463 4387 564 4432 metam
584 4387 708 4446 terream,
729 4389 756 4433 et
776 4381 849 4434 cadit
868 4381 903 4434 ad
922 4399 1021 4450 aquam
1043 4381 1181 4435 Dnhouch
1200 4411 1235 4420 -
1254 4399 1302 4450 per
1321 4383 1436 4451 longum
1455 4384 1578 4452 spatium

331 4467 367 4520 ad
389 4468 487 4520 (hamos
507 4484 650 4521 nemorum
670 4469 704 4520 aa
725 4469 796 4522 viam
824 4470 993 4537 angariamur,
1019 4477 1161 4539 separatur
1178 4487 1196 4522 a
1214 4477 1286 4522 terra
1305 4467 1407 4534 Galam,
1435 4467 1513 4524 vadit
1533 4489 1581 4542 per

332 4571 415 4606 rrnaru
436 4553 582 4622 planiciem
608 4554 644 4608 ad
670 4555 767 4608 vallem
797 4556 936 4612 Podnzna.
965 4563 992 4609 et
1017 4574 1065 4625 per
1089 4573 1189 4624 aquam
1214 4555 1354 4608 Dubouch
1380 4555 1527 4612 descendit
1553 4563 1579 4614 in

332 4659 432 4708 surram
452 4641 473 4691 T
478 4641 613 4708 hoplicha,
633 4659 704 4709 (priate
724 4651 832 4710 separat
850 4661 867 4696 a
886 4644 949 4695 liliis
967 4643 1109 4712 'l'lrolyneg
1130 4643 1175 4696 ubi
1197 4644 1366 4696 terminatur.

392 4727 511 4778 iiiivxvi:
533 4728 599 4780 t'ud.
618 4729 687 4795 ‹h'pl
708 4731 776 4798 Arp,
798 4731 868 4782 XII.
889 4749 915 4798 p.
935 4735 994 4784 :lit‘l
