<?xml version="1.0" encoding="UTF-8"?>
<!DOCTYPE html PUBLIC "-//W3C//DTD XHTML 1.0 Transitional//EN"
    "http://www.w3.org/TR/xhtml1/DTD/xhtml1-transitional.dtd">
<html xmlns="http://www.w3.org/1999/xhtml" xml:lang="en" lang="en">
 <head>
  <title>
</title>
<meta http-equiv="Content-Type" content="text/html;charset=utf-8" />
  <meta name='ocr-system' content='tesseract 3.04.00' />
  <meta name='ocr-capabilities' content='ocr_page ocr_carea ocr_par ocr_line ocrx_word'/>
</head>
<body>
  <div class='ocr_page' id='page_1' title='image "./regestadocument00sakcgoog_0347.png"; bbox 0 0 3480 5356; ppageno 0'>
   <div class='ocr_carea' id='block_1_1' title="bbox 714 427 1403 493">
    <p class='ocr_par' dir='ltr' id='par_1_1' title="bbox 714 427 1403 493">
     <span class='ocr_line' id='line_1_1' title="bbox 714 427 1403 493; baseline 0 -1"><span class='ocrx_word' id='word_1_1' title='bbox 714 449 859 492; x_wconf 77' lang='lat' dir='ltr'><strong>recusus.</strong></span> <span class='ocrx_word' id='word_1_2' title='bbox 1339 427 1403 493; x_wconf 83' lang='lat'><strong>343</strong></span> 
     </span>
    </p>
   </div>
   <div class='ocr_carea' id='block_1_2' title="bbox 163 609 1405 1212">
    <p class='ocr_par' dir='ltr' id='par_1_2' title="bbox 163 609 1405 1212">
     <span class='ocr_line' id='line_1_2' title="bbox 164 609 1404 689; baseline 0.006 -23"><span class='ocrx_word' id='word_1_3' title='bbox 164 609 237 666; x_wconf 90' lang='lat' dir='ltr'><strong>idem</strong></span> <span class='ocrx_word' id='word_1_4' title='bbox 254 610 389 668; x_wconf 82' lang='lat' dir='ltr'><strong>Nicolsus</strong></span> <span class='ocrx_word' id='word_1_5' title='bbox 409 617 511 670; x_wconf 65' lang='lat' dir='ltr'><strong>heram</strong></span> <span class='ocrx_word' id='word_1_6' title='bbox 528 629 608 670; x_wconf 89' lang='lat' dir='ltr'><strong>snam</strong></span> <span class='ocrx_word' id='word_1_7' title='bbox 626 613 769 686; x_wconf 81' lang='lat' dir='ltr'><strong>Toplieha,</strong></span> <span class='ocrx_word' id='word_1_8' title='bbox 791 615 978 687; x_wconf 73' lang='lat' dir='ltr'><strong>generationis</strong></span> <span class='ocrx_word' id='word_1_9' title='bbox 1001 615 1134 687; x_wconf 83' lang='lat' dir='ltr'><strong>Tybolch,</strong></span> <span class='ocrx_word' id='word_1_10' title='bbox 1158 615 1248 672; x_wconf 88' lang='lat' dir='ltr'><strong>eidem</strong></span> <span class='ocrx_word' id='word_1_11' title='bbox 1272 615 1404 689; x_wconf 89' lang='lat' dir='ltr'><strong>episcopo</strong></span> 
     </span>
     <span class='ocr_line' id='line_1_3' title="bbox 164 699 1405 774; baseline 0.005 -20"><span class='ocrx_word' id='word_1_12' title='bbox 164 715 215 770; x_wconf 87' lang='lat' dir='ltr'><strong>pro</strong></span> <span class='ocrx_word' id='word_1_13' title='bbox 233 699 286 754; x_wconf 87' lang='lat' dir='ltr'><strong>LX</strong></span> <span class='ocrx_word' id='word_1_14' title='bbox 305 700 405 756; x_wconf 87' lang='lat' dir='ltr'><strong>mareis</strong></span> <span class='ocrx_word' id='word_1_15' title='bbox 434 700 611 758; x_wconf 86' lang='lat' dir='ltr'><strong>deusriorum</strong></span> <span class='ocrx_word' id='word_1_16' title='bbox 629 718 648 758; x_wconf 82' lang='lat' dir='ltr'><strong>a</strong></span> <span class='ocrx_word' id='word_1_17' title='bbox 664 701 736 758; x_wconf 82' lang='lat' dir='ltr'><strong>festo</strong></span> <span class='ocrx_word' id='word_1_18' title='bbox 760 702 893 760; x_wconf 86' lang='lat' dir='ltr'><strong>Omnium</strong></span> <span class='ocrx_word' id='word_1_19' title='bbox 917 701 1082 760; x_wconf 82' lang='lat' dir='ltr'><strong>Sanctorum</strong></span> <span class='ocrx_word' id='word_1_20' title='bbox 1106 719 1195 774; x_wconf 87' lang='lat' dir='ltr'><strong>neque</strong></span> <span class='ocrx_word' id='word_1_21' title='bbox 1216 703 1253 758; x_wconf 88' lang='lat' dir='ltr'><strong>sd</strong></span> <span class='ocrx_word' id='word_1_22' title='bbox 1276 705 1342 760; x_wconf 82' lang='lat' dir='ltr'><strong>anni</strong></span> <span class='ocrx_word' id='word_1_23' title='bbox 1364 721 1405 760; x_wconf 88' lang='lat' dir='ltr'><strong>re-</strong></span> 
     </span>
     <span class='ocr_line' id='line_1_4' title="bbox 164 785 1404 863; baseline 0.003 -21"><span class='ocrx_word' id='word_1_24' title='bbox 164 785 334 843; x_wconf 79' lang='lat' dir='ltr'><strong>volutionem</strong></span> <span class='ocrx_word' id='word_1_25' title='bbox 355 787 464 859; x_wconf 89' lang='lat' dir='ltr'><strong>pignori</strong></span> <span class='ocrx_word' id='word_1_26' title='bbox 482 788 641 860; x_wconf 68' lang='lat' dir='ltr'><strong>obligasset,</strong></span> <span class='ocrx_word' id='word_1_27' title='bbox 660 791 688 845; x_wconf 91' lang='lat' dir='ltr'><strong>in</strong></span> <span class='ocrx_word' id='word_1_28' title='bbox 707 790 809 862; x_wconf 89' lang='lat' dir='ltr'><strong>quibua</strong></span> <span class='ocrx_word' id='word_1_29' title='bbox 826 790 880 845; x_wconf 86' lang='lat' dir='ltr'><strong>LX</strong></span> <span class='ocrx_word' id='word_1_30' title='bbox 898 791 998 846; x_wconf 87' lang='lat' dir='ltr'><strong>marcis</strong></span> <span class='ocrx_word' id='word_1_31' title='bbox 1016 791 1070 862; x_wconf 87' lang='lat' dir='ltr'><strong>ipsi</strong></span> <span class='ocrx_word' id='word_1_32' title='bbox 1088 792 1220 863; x_wconf 90' lang='lat' dir='ltr'><strong>episcopo</strong></span> <span class='ocrx_word' id='word_1_33' title='bbox 1238 793 1344 847; x_wconf 77' lang='lat' dir='ltr'><strong>ustione</strong></span> <span class='ocrx_word' id='word_1_34' title='bbox 1358 791 1404 847; x_wconf 89' lang='lat' dir='ltr'><strong>de·</strong></span> 
     </span>
     <span class='ocr_line' id='line_1_5' title="bbox 163 873 1403 950; baseline 0.004 -20"><span class='ocrx_word' id='word_1_35' title='bbox 163 873 298 930; x_wconf 85' lang='lat' dir='ltr'><strong>cimerum</strong></span> <span class='ocrx_word' id='word_1_36' title='bbox 312 891 425 932; x_wconf 79' lang='lat' dir='ltr'><strong>suerum</strong></span> <span class='ocrx_word' id='word_1_37' title='bbox 444 874 554 932; x_wconf 88' lang='lat' dir='ltr'><strong>dicebat</strong></span> <span class='ocrx_word' id='word_1_38' title='bbox 574 893 604 932; x_wconf 92' lang='lat' dir='ltr'><strong>se</strong></span> <span class='ocrx_word' id='word_1_39' title='bbox 622 878 777 947; x_wconf 70' lang='lat' dir='ltr'><strong>teneritati</strong></span> <span class='ocrx_word' id='word_1_40' title='bbox 791 877 972 949; x_wconf 85' lang='lat' dir='ltr'><strong>obligatione:</strong></span> <span class='ocrx_word' id='word_1_41' title='bbox 991 879 1067 950; x_wconf 88' lang='lat' dir='ltr'><strong>quod</strong></span> <span class='ocrx_word' id='word_1_42' title='bbox 1085 879 1109 934; x_wconf 91' lang='lat' dir='ltr'><strong>si</strong></span> <span class='ocrx_word' id='word_1_43' title='bbox 1127 879 1155 933; x_wconf 93' lang='lat' dir='ltr'><strong>iu</strong></span> <span class='ocrx_word' id='word_1_44' title='bbox 1173 878 1244 934; x_wconf 82' lang='lat' dir='ltr'><strong>testo</strong></span> <span class='ocrx_word' id='word_1_45' title='bbox 1263 878 1403 950; x_wconf 78' lang='lat' dir='ltr'><strong>proedicto</strong></span> 
     </span>
     <span class='ocr_line' id='line_1_6' title="bbox 163 960 1404 1034; baseline 0.003 -18"><span class='ocrx_word' id='word_1_46' title='bbox 163 960 192 1016; x_wconf 91' lang='lat' dir='ltr'><strong>in</strong></span> <span class='ocrx_word' id='word_1_47' title='bbox 210 977 284 1018; x_wconf 93' lang='lat' dir='ltr'><strong>anno</strong></span> <span class='ocrx_word' id='word_1_48' title='bbox 302 962 484 1034; x_wconf 71' lang='lat' dir='ltr'><strong>subsequenti</strong></span> <span class='ocrx_word' id='word_1_49' title='bbox 501 963 574 1020; x_wconf 93' lang='lat' dir='ltr'><strong>idem</strong></span> <span class='ocrx_word' id='word_1_50' title='bbox 592 963 727 1022; x_wconf 83' lang='lat' dir='ltr'><strong>Nicotaus</strong></span> <span class='ocrx_word' id='word_1_51' title='bbox 745 964 848 1022; x_wconf 89' lang='lat' dir='ltr'><strong>dictam</strong></span> <span class='ocrx_word' id='word_1_52' title='bbox 865 970 967 1022; x_wconf 84' lang='lat' dir='ltr'><strong>terram</strong></span> <span class='ocrx_word' id='word_1_53' title='bbox 994 981 1073 1022; x_wconf 85' lang='lat' dir='ltr'><strong>suam</strong></span> <span class='ocrx_word' id='word_1_54' title='bbox 1099 981 1156 1022; x_wconf 91' lang='lat' dir='ltr'><strong>non</strong></span> <span class='ocrx_word' id='word_1_55' title='bbox 1180 964 1332 1034; x_wconf 70' lang='lat' dir='ltr'><strong>redemerit,</strong></span> <span class='ocrx_word' id='word_1_56' title='bbox 1357 982 1404 1022; x_wconf 85' lang='lat' dir='ltr'><strong>ex·</strong></span> 
     </span>
     <span class='ocr_line' id='line_1_7' title="bbox 164 1048 1404 1124; baseline 0.005 -20"><span class='ocrx_word' id='word_1_57' title='bbox 164 1051 230 1104; x_wconf 90' lang='lat' dir='ltr'><strong>tuno</strong></span> <span class='ocrx_word' id='word_1_58' title='bbox 247 1048 364 1105; x_wconf 87' lang='lat' dir='ltr'><strong>eandem</strong></span> <span class='ocrx_word' id='word_1_59' title='bbox 383 1056 548 1123; x_wconf 88' lang='lat' dir='ltr'><strong>perpetuare</strong></span> <span class='ocrx_word' id='word_1_60' title='bbox 566 1051 704 1108; x_wconf 75' lang='lat' dir='ltr'><strong>tenebitur</strong></span> <span class='ocrx_word' id='word_1_61' title='bbox 728 1051 819 1110; x_wconf 92' lang='lat' dir='ltr'><strong>eidem</strong></span> <span class='ocrx_word' id='word_1_62' title='bbox 844 1053 985 1124; x_wconf 89' lang='lat' dir='ltr'><strong>episcopo,</strong></span> <span class='ocrx_word' id='word_1_63' title='bbox 1002 1056 1031 1107; x_wconf 94' lang='lat' dir='ltr'><strong>et</strong></span> <span class='ocrx_word' id='word_1_64' title='bbox 1048 1051 1072 1106; x_wconf 89' lang='lat' dir='ltr'><strong>si</strong></span> <span class='ocrx_word' id='word_1_65' title='bbox 1089 1052 1201 1109; x_wconf 87' lang='lat' dir='ltr'><strong>maioris</strong></span> <span class='ocrx_word' id='word_1_66' title='bbox 1220 1053 1300 1124; x_wconf 83' lang='lat' dir='ltr'><strong>preb&#39;i</strong></span> <span class='ocrx_word' id='word_1_67' title='bbox 1324 1054 1404 1110; x_wconf 89' lang='lat' dir='ltr'><strong>aesti-</strong></span> 
     </span>
     <span class='ocr_line' id='line_1_8' title="bbox 166 1136 1352 1212; baseline 0.004 -21"><span class='ocrx_word' id='word_1_68' title='bbox 166 1141 241 1192; x_wconf 89' lang='lat' dir='ltr'><strong>mats</strong></span> <span class='ocrx_word' id='word_1_69' title='bbox 259 1136 349 1206; x_wconf 71' lang='lat' dir='ltr'><strong>fuerit,</strong></span> <span class='ocrx_word' id='word_1_70' title='bbox 367 1137 517 1210; x_wconf 90' lang='lat' dir='ltr'><strong>episcopus</strong></span> <span class='ocrx_word' id='word_1_71' title='bbox 535 1140 613 1195; x_wconf 87' lang='lat' dir='ltr'><strong>iuxta</strong></span> <span class='ocrx_word' id='word_1_72' title='bbox 630 1141 851 1197; x_wconf 85' lang='lat' dir='ltr'><strong>sesttmstionem</strong></span> <span class='ocrx_word' id='word_1_73' title='bbox 869 1139 1022 1212; x_wconf 88' lang='lat' dir='ltr'><strong>proborum</strong></span> <span class='ocrx_word' id='word_1_74' title='bbox 1039 1140 1160 1196; x_wconf 88' lang='lat' dir='ltr'><strong>virorum</strong></span> <span class='ocrx_word' id='word_1_75' title='bbox 1178 1139 1352 1212; x_wconf 86' lang='lat' dir='ltr'><strong>superaddet</strong></span> 
     </span>
    </p>
   </div>
   <div class='ocr_carea' id='block_1_3' title="bbox 219 1241 753 1316">
    <p class='ocr_par' dir='ltr' id='par_1_3' title="bbox 219 1241 753 1316">
     <span class='ocr_line' id='line_1_9' title="bbox 219 1241 753 1316; baseline 0.002 -19"><span class='ocrx_word' id='word_1_76' title='bbox 219 1241 347 1299; x_wconf 75' lang='lat' dir='ltr'><strong>thtdid:</strong></span> <span class='ocrx_word' id='word_1_77' title='bbox 364 1245 439 1300; x_wconf 82' lang='lat' dir='ltr'><strong>lloss.</strong></span> <span class='ocrx_word' id='word_1_78' title='bbox 457 1243 533 1301; x_wconf 76' lang='lat' dir='ltr'><strong>Eiet.</strong></span> <span class='ocrx_word' id='word_1_79' title='bbox 554 1247 583 1298; x_wconf 80' lang='grc' dir='ltr'><strong>Τ.</strong></span> <span class='ocrx_word' id='word_1_80' title='bbox 602 1247 624 1300; x_wconf 88' lang='lat'><strong>1.</strong></span> <span class='ocrx_word' id='word_1_81' title='bbox 640 1261 671 1316; x_wconf 81' lang='lat' dir='ltr'><strong>p.</strong></span> <span class='ocrx_word' id='word_1_82' title='bbox 692 1247 753 1299; x_wconf 79' lang='lat'><strong>179.</strong></span> 
     </span>
    </p>
   </div>
   <div class='ocr_carea' id='block_1_4' title="bbox 163 1401 1404 1842">
    <p class='ocr_par' dir='ltr' id='par_1_4' title="bbox 163 1401 1404 1739">
     <span class='ocr_line' id='line_1_10' title="bbox 218 1401 1404 1466; baseline 0.002 -8"><span class='ocrx_word' id='word_1_83' title='bbox 218 1401 383 1460; x_wconf 84' lang='lat' dir='ltr'><strong>MGLXIII.</strong></span> <span class='ocrx_word' id='word_1_84' title='bbox 406 1407 483 1462; x_wconf 82' lang='lat'><strong>1275.</strong></span> <span class='ocrx_word' id='word_1_85' title='bbox 505 1407 550 1459; x_wconf 82' lang='lat'><strong>2⁷.</strong></span> <span class='ocrx_word' id='word_1_86' title='bbox 574 1404 744 1462; x_wconf 79' lang='lat' dir='ltr'><strong>Nooesrstrs&#39;s.</strong></span> <span class='ocrx_word' id='word_1_87' title='bbox 769 1403 917 1460; x_wconf 86' lang='lat' dir='ltr'><strong>Ladislaus</strong></span> <span class='ocrx_word' id='word_1_88' title='bbox 941 1401 992 1458; x_wconf 81' lang='lat' dir='ltr'><strong>tv.</strong></span> <span class='ocrx_word' id='word_1_89' title='bbox 1016 1419 1064 1460; x_wconf 86' lang='lat' dir='ltr'><strong>rex</strong></span> <span class='ocrx_word' id='word_1_90' title='bbox 1087 1403 1192 1460; x_wconf 79' lang='lat' dir='ltr'><strong>litteren</strong></span> <span class='ocrx_word' id='word_1_91' title='bbox 1216 1421 1233 1458; x_wconf 91' lang='lat' dir='ltr'><strong>a</strong></span> <span class='ocrx_word' id='word_1_92' title='bbox 1257 1403 1327 1466; x_wconf 81' lang='lat' dir='ltr'><strong>Belo</strong></span> <span class='ocrx_word' id='word_1_93' title='bbox 1351 1401 1404 1460; x_wconf 90' lang='lat' dir='ltr'><strong>lV.</strong></span> 
     </span>
     <span class='ocr_line' id='line_1_11' title="bbox 163 1491 1403 1564; baseline 0.001 -19"><span class='ocrx_word' id='word_1_94' title='bbox 163 1505 237 1560; x_wconf 89' lang='lat' dir='ltr'><strong>rege,</strong></span> <span class='ocrx_word' id='word_1_95' title='bbox 255 1505 308 1546; x_wconf 91' lang='lat' dir='ltr'><strong>avo</strong></span> <span class='ocrx_word' id='word_1_96' title='bbox 326 1506 387 1558; x_wconf 91' lang='lat' dir='ltr'><strong>suo,</strong></span> <span class='ocrx_word' id='word_1_97' title='bbox 406 1492 538 1564; x_wconf 89' lang='lat' dir='ltr'><strong>episcopo</strong></span> <span class='ocrx_word' id='word_1_98' title='bbox 563 1491 894 1562; x_wconf 77' lang='lat' dir='ltr'><strong>Zagrsbiensi(a.1255)</strong></span> <span class='ocrx_word' id='word_1_99' title='bbox 918 1505 1065 1546; x_wconf 82' lang='lat' dir='ltr'><strong>concessas</strong></span> <span class='ocrx_word' id='word_1_100' title='bbox 1089 1495 1117 1545; x_wconf 92' lang='lat' dir='ltr'><strong>et</strong></span> <span class='ocrx_word' id='word_1_101' title='bbox 1140 1507 1225 1562; x_wconf 86' lang='lat' dir='ltr'><strong>super</strong></span> <span class='ocrx_word' id='word_1_102' title='bbox 1248 1496 1320 1547; x_wconf 82' lang='lat' dir='ltr'><strong>terre</strong></span> <span class='ocrx_word' id='word_1_103' title='bbox 1344 1491 1403 1547; x_wconf 84' lang='lat' dir='ltr'><strong>acti.</strong></span> 
     </span>
     <span class='ocr_line' id='line_1_12' title="bbox 163 1575 1404 1650; baseline 0.002 -18"><span class='ocrx_word' id='word_1_104' title='bbox 163 1577 277 1632; x_wconf 82' lang='lat' dir='ltr'><strong>Martini</strong></span> <span class='ocrx_word' id='word_1_105' title='bbox 299 1577 427 1648; x_wconf 79' lang='lat' dir='ltr'><strong>(Waska)</strong></span> <span class='ocrx_word' id='word_1_106' title='bbox 450 1579 591 1635; x_wconf 83' lang='lat' dir='ltr'><strong>coniectas</strong></span> <span class='ocrx_word' id='word_1_107' title='bbox 609 1579 726 1634; x_wconf 87' lang='lat' dir='ltr'><strong>ratiticst</strong></span> <span class='ocrx_word' id='word_1_108' title='bbox 750 1583 778 1634; x_wconf 90' lang='lat' dir='ltr'><strong>et</strong></span> <span class='ocrx_word' id='word_1_109' title='bbox 801 1577 922 1634; x_wconf 89' lang='lat' dir='ltr'><strong>roborat.</strong></span> <span class='ocrx_word' id='word_1_110' title='bbox 935 1576 1126 1634; x_wconf 80' lang='lat' dir='ltr'><strong>Existentibus</strong></span> <span class='ocrx_word' id='word_1_111' title='bbox 1143 1575 1254 1634; x_wconf 88' lang='lat' dir='ltr'><strong>Joanne</strong></span> <span class='ocrx_word' id='word_1_112' title='bbox 1271 1578 1404 1650; x_wconf 75' lang='lat' dir='ltr'><strong>archiepi-</strong></span> 
     </span>
     <span class='ocr_line' id='line_1_13' title="bbox 164 1663 1018 1739; baseline 0 -17"><span class='ocrx_word' id='word_1_113' title='bbox 164 1680 250 1737; x_wconf 90' lang='lat' dir='ltr'><strong>scopo</strong></span> <span class='ocrx_word' id='word_1_114' title='bbox 268 1664 436 1738; x_wconf 80' lang='lat' dir='ltr'><strong>Spelatensi,</strong></span> <span class='ocrx_word' id='word_1_115' title='bbox 453 1663 600 1723; x_wconf 77' lang='lat' dir='ltr'><strong>Timotheo</strong></span> <span class='ocrx_word' id='word_1_116' title='bbox 618 1667 750 1739; x_wconf 90' lang='lat' dir='ltr'><strong>episcopo</strong></span> <span class='ocrx_word' id='word_1_117' title='bbox 768 1665 948 1737; x_wconf 82' lang='lat' dir='ltr'><strong>Zagrahienai</strong></span> <span class='ocrx_word' id='word_1_118' title='bbox 966 1670 1018 1722; x_wconf 76' lang='lat' dir='ltr'><strong>etc</strong></span> 
     </span>
    </p>

    <p class='ocr_par' dir='ltr' id='par_1_5' title="bbox 213 1769 943 1842">
     <span class='ocr_line' id='line_1_14' title="bbox 213 1769 943 1842; baseline -0.005 -14"><span class='ocrx_word' id='word_1_119' title='bbox 213 1769 311 1838; x_wconf 62' lang='lat' dir='ltr'><strong>Fen:</strong></span> <span class='ocrx_word' id='word_1_120' title='bbox 332 1771 397 1828; x_wconf 77' lang='lat' dir='ltr'><strong>cod.</strong></span> <span class='ocrx_word' id='word_1_121' title='bbox 421 1771 491 1841; x_wconf 80' lang='lat' dir='ltr'><strong>dipl.</strong></span> <span class='ocrx_word' id='word_1_122' title='bbox 512 1771 541 1828; x_wconf 81' lang='grc' dir='ltr'><strong>Τ.</strong></span> <span class='ocrx_word' id='word_1_123' title='bbox 564 1771 595 1828; x_wconf 85' lang='lat' dir='ltr'><strong>V.</strong></span> <span class='ocrx_word' id='word_1_124' title='bbox 613 1771 665 1828; x_wconf 81' lang='lat' dir='ltr'><strong>uel.</strong></span> <span class='ocrx_word' id='word_1_125' title='bbox 686 1773 721 1826; x_wconf 83' lang='lat'><strong>11.</strong></span> <span class='ocrx_word' id='word_1_126' title='bbox 736 1788 766 1842; x_wconf 77' lang='lat' dir='ltr'><strong>p.</strong></span> <span class='ocrx_word' id='word_1_127' title='bbox 781 1771 943 1828; x_wconf 69' lang='lat' dir='ltr'><strong>ses-258.</strong></span> 
     </span>
    </p>
   </div>
   <div class='ocr_carea' id='block_1_5' title="bbox 161 1925 1404 2962">
    <p class='ocr_par' dir='ltr' id='par_1_6' title="bbox 161 1925 1404 2962">
     <span class='ocr_line' id='line_1_15' title="bbox 220 1925 1404 1999; baseline 0.001 -16"><span class='ocrx_word' id='word_1_128' title='bbox 220 1927 381 1984; x_wconf 78' lang='lat' dir='ltr'><strong>Monxlv.</strong></span> <span class='ocrx_word' id='word_1_129' title='bbox 399 1933 475 1986; x_wconf 80' lang='lat'><strong>12⁷5.</strong></span> <span class='ocrx_word' id='word_1_130' title='bbox 492 1933 519 1986; x_wconf 75' lang='lat'><strong>2.</strong></span> <span class='ocrx_word' id='word_1_131' title='bbox 537 1929 702 1987; x_wconf 66' lang='lat' dir='ltr'><strong>Demere.</strong></span> <span class='ocrx_word' id='word_1_132' title='bbox 720 1929 870 1986; x_wconf 86' lang='lat' dir='ltr'><strong>Ladislsue</strong></span> <span class='ocrx_word' id='word_1_133' title='bbox 888 1927 939 1986; x_wconf 91' lang='lat' dir='ltr'><strong>1v.</strong></span> <span class='ocrx_word' id='word_1_134' title='bbox 958 1943 1007 1984; x_wconf 86' lang='lat' dir='ltr'><strong>rex</strong></span> <span class='ocrx_word' id='word_1_135' title='bbox 1025 1927 1157 1996; x_wconf 86' lang='lat' dir='ltr'><strong>notificat,</strong></span> <span class='ocrx_word' id='word_1_136' title='bbox 1169 1927 1246 1999; x_wconf 88' lang='lat' dir='ltr'><strong>quod</strong></span> <span class='ocrx_word' id='word_1_137' title='bbox 1258 1925 1404 1984; x_wconf 74' lang='lat' dir='ltr'><strong>attendens</strong></span> 
     </span>
     <span class='ocr_line' id='line_1_16' title="bbox 164 2014 1403 2088; baseline 0.001 -18"><span class='ocrx_word' id='word_1_138' title='bbox 164 2015 258 2072; x_wconf 88' lang='lat' dir='ltr'><strong>fidelia</strong></span> <span class='ocrx_word' id='word_1_139' title='bbox 275 2015 411 2088; x_wconf 82' lang='lat' dir='ltr'><strong>obsequis</strong></span> <span class='ocrx_word' id='word_1_140' title='bbox 428 2020 456 2072; x_wconf 91' lang='lat' dir='ltr'><strong>et</strong></span> <span class='ocrx_word' id='word_1_141' title='bbox 473 2017 572 2072; x_wconf 88' lang='lat' dir='ltr'><strong>merita</strong></span> <span class='ocrx_word' id='word_1_142' title='bbox 588 2016 724 2088; x_wconf 82' lang='lat' dir='ltr'><strong>Stephani</strong></span> <span class='ocrx_word' id='word_1_143' title='bbox 743 2016 792 2072; x_wconf 90' lang='lat' dir='ltr'><strong>tilii</strong></span> <span class='ocrx_word' id='word_1_144' title='bbox 809 2015 964 2084; x_wconf 80' lang='lat' dir='ltr'><strong>Michaelis,</strong></span> <span class='ocrx_word' id='word_1_145' title='bbox 988 2031 1060 2086; x_wconf 88' lang='lat' dir='ltr'><strong>quae</strong></span> <span class='ocrx_word' id='word_1_146' title='bbox 1083 2014 1157 2072; x_wconf 90' lang='lat' dir='ltr'><strong>idem</strong></span> <span class='ocrx_word' id='word_1_147' title='bbox 1182 2015 1254 2088; x_wconf 88' lang='lat' dir='ltr'><strong>patri</strong></span> <span class='ocrx_word' id='word_1_148' title='bbox 1272 2033 1324 2072; x_wconf 92' lang='lat' dir='ltr'><strong>suo</strong></span> <span class='ocrx_word' id='word_1_149' title='bbox 1342 2015 1403 2072; x_wconf 67' lang='grc' dir='ltr'><strong>Βω-</strong></span> 
     </span>
     <span class='ocr_line' id='line_1_17' title="bbox 164 2102 1404 2178; baseline 0 -20"><span class='ocrx_word' id='word_1_150' title='bbox 164 2102 258 2175; x_wconf 91' lang='lat' dir='ltr'><strong>phsuo</strong></span> <span class='ocrx_word' id='word_1_151' title='bbox 275 2103 334 2174; x_wconf 85' lang='lat' dir='ltr'><strong>regi</strong></span> <span class='ocrx_word' id='word_1_152' title='bbox 351 2119 385 2158; x_wconf 86' lang='lat' dir='ltr'><strong>sc</strong></span> <span class='ocrx_word' id='word_1_153' title='bbox 402 2104 428 2159; x_wconf 95' lang='lat' dir='ltr'><strong>ei</strong></span> <span class='ocrx_word' id='word_1_154' title='bbox 445 2107 474 2158; x_wconf 88' lang='lat' dir='ltr'><strong>et</strong></span> <span class='ocrx_word' id='word_1_155' title='bbox 491 2120 578 2176; x_wconf 88' lang='lat' dir='ltr'><strong>regno</strong></span> <span class='ocrx_word' id='word_1_156' title='bbox 596 2105 625 2160; x_wconf 89' lang='lat' dir='ltr'><strong>in</strong></span> <span class='ocrx_word' id='word_1_157' title='bbox 642 2103 758 2162; x_wconf 75' lang='lat' dir='ltr'><strong>dicende</strong></span> <span class='ocrx_word' id='word_1_158' title='bbox 779 2103 1005 2178; x_wconf 78' lang='lat' dir='ltr'><strong>expeditionibus</strong></span> <span class='ocrx_word' id='word_1_159' title='bbox 1023 2103 1201 2173; x_wconf 83' lang='lat' dir='ltr'><strong>exhibuisset,</strong></span> <span class='ocrx_word' id='word_1_160' title='bbox 1220 2103 1356 2160; x_wconf 82' lang='lat' dir='ltr'><strong>concessit</strong></span> <span class='ocrx_word' id='word_1_161' title='bbox 1373 2109 1404 2159; x_wconf 92' lang='lat' dir='ltr'><strong>ut</strong></span> 
     </span>
     <span class='ocr_line' id='line_1_18' title="bbox 164 2187 1404 2264; baseline 0.001 -19"><span class='ocrx_word' id='word_1_162' title='bbox 164 2190 262 2262; x_wconf 91' lang='lat' dir='ltr'><strong>populi</strong></span> <span class='ocrx_word' id='word_1_163' title='bbox 280 2187 405 2261; x_wconf 89' lang='lat' dir='ltr'><strong>ejusdem</strong></span> <span class='ocrx_word' id='word_1_164' title='bbox 423 2190 559 2264; x_wconf 81' lang='lat' dir='ltr'><strong>Stephani</strong></span> <span class='ocrx_word' id='word_1_165' title='bbox 587 2192 616 2248; x_wconf 91' lang='lat' dir='ltr'><strong>in</strong></span> <span class='ocrx_word' id='word_1_166' title='bbox 640 2192 749 2248; x_wconf 88' lang='lat' dir='ltr'><strong>Banatu</strong></span> <span class='ocrx_word' id='word_1_167' title='bbox 773 2192 922 2250; x_wconf 72' lang='lat' dir='ltr'><strong>slavonice</strong></span> <span class='ocrx_word' id='word_1_168' title='bbox 944 2192 1088 2250; x_wconf 87' lang='lat' dir='ltr'><strong>constituti</strong></span> <span class='ocrx_word' id='word_1_169' title='bbox 1111 2192 1255 2248; x_wconf 88' lang='lat' dir='ltr'><strong>collectam</strong></span> <span class='ocrx_word' id='word_1_170' title='bbox 1279 2192 1404 2246; x_wconf 88' lang='lat' dir='ltr'><strong>marturi-</strong></span> 
     </span>
     <span class='ocr_line' id='line_1_19' title="bbox 163 2278 1404 2351; baseline 0 -17"><span class='ocrx_word' id='word_1_171' title='bbox 163 2294 262 2334; x_wconf 89' lang='lat' dir='ltr'><strong>nsrum</strong></span> <span class='ocrx_word' id='word_1_172' title='bbox 279 2283 308 2334; x_wconf 88' lang='lat' dir='ltr'><strong>et</strong></span> <span class='ocrx_word' id='word_1_173' title='bbox 325 2279 494 2347; x_wconf 77' lang='lat' dir='ltr'><strong>victualium,</strong></span> <span class='ocrx_word' id='word_1_174' title='bbox 519 2295 591 2350; x_wconf 91' lang='lat' dir='ltr'><strong>quae</strong></span> <span class='ocrx_word' id='word_1_175' title='bbox 615 2279 749 2336; x_wconf 84' lang='lat' dir='ltr'><strong>Zslunina</strong></span> <span class='ocrx_word' id='word_1_176' title='bbox 769 2283 954 2351; x_wconf 86' lang='lat' dir='ltr'><strong>nuncupatur,</strong></span> <span class='ocrx_word' id='word_1_177' title='bbox 974 2278 1048 2334; x_wconf 87' lang='lat' dir='ltr'><strong>hano</strong></span> <span class='ocrx_word' id='word_1_178' title='bbox 1072 2278 1221 2336; x_wconf 80' lang='lat' dir='ltr'><strong>Slaroniae</strong></span> <span class='ocrx_word' id='word_1_179' title='bbox 1245 2279 1404 2334; x_wconf 87' lang='lat' dir='ltr'><strong>nullatenus</strong></span> 
     </span>
     <span class='ocr_line' id='line_1_20' title="bbox 163 2363 1402 2438; baseline 0 -18"><span class='ocrx_word' id='word_1_180' title='bbox 163 2365 270 2422; x_wconf 86' lang='lat' dir='ltr'><strong>solvere</strong></span> <span class='ocrx_word' id='word_1_181' title='bbox 288 2371 441 2432; x_wconf 86' lang='lat' dir='ltr'><strong>teneantur,</strong></span> <span class='ocrx_word' id='word_1_182' title='bbox 460 2365 509 2422; x_wconf 91' lang='lat' dir='ltr'><strong>sed</strong></span> <span class='ocrx_word' id='word_1_183' title='bbox 526 2365 564 2422; x_wconf 90' lang='lat' dir='ltr'><strong>ab</strong></span> <span class='ocrx_word' id='word_1_184' title='bbox 581 2365 718 2436; x_wconf 86' lang='lat' dir='ltr'><strong>ejusmodi</strong></span> <span class='ocrx_word' id='word_1_185' title='bbox 741 2365 857 2424; x_wconf 90' lang='lat' dir='ltr'><strong>collecta</strong></span> <span class='ocrx_word' id='word_1_186' title='bbox 880 2366 1001 2438; x_wconf 85' lang='lat' dir='ltr'><strong>exempti</strong></span> <span class='ocrx_word' id='word_1_187' title='bbox 1029 2366 1141 2436; x_wconf 89' lang='lat' dir='ltr'><strong>penitus</strong></span> <span class='ocrx_word' id='word_1_188' title='bbox 1159 2365 1329 2433; x_wconf 80' lang='lat' dir='ltr'><strong>habeantur;</strong></span> <span class='ocrx_word' id='word_1_189' title='bbox 1352 2363 1402 2420; x_wconf 87' lang='lat' dir='ltr'><strong>ssd</strong></span> 
     </span>
     <span class='ocr_line' id='line_1_21' title="bbox 162 2451 1403 2526; baseline 0 -18"><span class='ocrx_word' id='word_1_190' title='bbox 162 2451 245 2508; x_wconf 89' lang='lat' dir='ltr'><strong>iidem</strong></span> <span class='ocrx_word' id='word_1_191' title='bbox 268 2453 367 2524; x_wconf 92' lang='lat' dir='ltr'><strong>populi</strong></span> <span class='ocrx_word' id='word_1_192' title='bbox 384 2452 474 2509; x_wconf 92' lang='lat' dir='ltr'><strong>eidem</strong></span> <span class='ocrx_word' id='word_1_193' title='bbox 498 2453 649 2526; x_wconf 80' lang='lat' dir='ltr'><strong>Stephano,</strong></span> <span class='ocrx_word' id='word_1_194' title='bbox 674 2453 787 2510; x_wconf 87' lang='lat' dir='ltr'><strong>domiuo</strong></span> <span class='ocrx_word' id='word_1_195' title='bbox 810 2471 870 2522; x_wconf 86' lang='lat' dir='ltr'><strong>suo,</strong></span> <span class='ocrx_word' id='word_1_196' title='bbox 896 2460 980 2525; x_wconf 89' lang='lat' dir='ltr'><strong>prout</strong></span> <span class='ocrx_word' id='word_1_197' title='bbox 1003 2452 1093 2510; x_wconf 89' lang='lat' dir='ltr'><strong>eidem</strong></span> <span class='ocrx_word' id='word_1_198' title='bbox 1111 2452 1248 2510; x_wconf 87' lang='lat' dir='ltr'><strong>videbitur</strong></span> <span class='ocrx_word' id='word_1_199' title='bbox 1265 2451 1403 2524; x_wconf 83' lang='lat' dir='ltr'><strong>expedire,</strong></span> 
     </span>
     <span class='ocr_line' id='line_1_22' title="bbox 164 2538 1403 2614; baseline -0.001 -19"><span class='ocrx_word' id='word_1_200' title='bbox 164 2541 193 2595; x_wconf 91' lang='lat' dir='ltr'><strong>in</strong></span> <span class='ocrx_word' id='word_1_201' title='bbox 210 2538 308 2596; x_wconf 80' lang='lat' dir='ltr'><strong>endem</strong></span> <span class='ocrx_word' id='word_1_202' title='bbox 325 2539 443 2598; x_wconf 87' lang='lat' dir='ltr'><strong>collecta</strong></span> <span class='ocrx_word' id='word_1_203' title='bbox 459 2539 580 2596; x_wconf 87' lang='lat' dir='ltr'><strong>debeant</strong></span> <span class='ocrx_word' id='word_1_204' title='bbox 596 2541 772 2612; x_wconf 87' lang='lat' dir='ltr'><strong>respondere.</strong></span> <span class='ocrx_word' id='word_1_205' title='bbox 797 2541 902 2596; x_wconf 90' lang='lat' dir='ltr'><strong>Datum</strong></span> <span class='ocrx_word' id='word_1_206' title='bbox 924 2557 974 2614; x_wconf 89' lang='lat' dir='ltr'><strong>per</strong></span> <span class='ocrx_word' id='word_1_207' title='bbox 997 2555 1097 2596; x_wconf 86' lang='lat' dir='ltr'><strong>manus</strong></span> <span class='ocrx_word' id='word_1_208' title='bbox 1115 2540 1239 2612; x_wconf 86' lang='lat' dir='ltr'><strong>magistri</strong></span> <span class='ocrx_word' id='word_1_209' title='bbox 1263 2538 1403 2596; x_wconf 80' lang='lat' dir='ltr'><strong>Benedicti</strong></span> 
     </span>
     <span class='ocr_line' id='line_1_23' title="bbox 161 2626 1403 2698; baseline 0 -14"><span class='ocrx_word' id='word_1_210' title='bbox 161 2627 241 2684; x_wconf 88' lang='lat' dir='ltr'><strong>electi</strong></span> <span class='ocrx_word' id='word_1_211' title='bbox 259 2626 457 2697; x_wconf 67' lang='lat' dir='ltr'><strong>strigoniensis</strong></span> <span class='ocrx_word' id='word_1_212' title='bbox 475 2633 503 2683; x_wconf 93' lang='lat' dir='ltr'><strong>et</strong></span> <span class='ocrx_word' id='word_1_213' title='bbox 521 2629 601 2684; x_wconf 84' lang='lat' dir='ltr'><strong>sulse</strong></span> <span class='ocrx_word' id='word_1_214' title='bbox 619 2629 844 2685; x_wconf 66' lang='lat' dir='ltr'><strong>vicecancellarii.</strong></span> <span class='ocrx_word' id='word_1_215' title='bbox 863 2629 1054 2686; x_wconf 83' lang='lat' dir='ltr'><strong>Existentibus</strong></span> <span class='ocrx_word' id='word_1_216' title='bbox 1071 2628 1182 2684; x_wconf 84' lang='lat' dir='ltr'><strong>Jocnne</strong></span> <span class='ocrx_word' id='word_1_217' title='bbox 1193 2627 1403 2698; x_wconf 73' lang='lat' dir='ltr'><strong>archiepiscopo</strong></span> 
     </span>
     <span class='ocr_line' id='line_1_24' title="bbox 165 2713 1403 2788; baseline -0.001 -17"><span class='ocrx_word' id='word_1_218' title='bbox 165 2714 331 2786; x_wconf 71' lang='lat' dir='ltr'><strong>spurcari,</strong></span> <span class='ocrx_word' id='word_1_219' title='bbox 356 2713 502 2772; x_wconf 83' lang='lat' dir='ltr'><strong>‘limotheo</strong></span> <span class='ocrx_word' id='word_1_220' title='bbox 526 2716 659 2787; x_wconf 88' lang='lat' dir='ltr'><strong>episcopo</strong></span> <span class='ocrx_word' id='word_1_221' title='bbox 682 2716 871 2788; x_wconf 81' lang='lat' dir='ltr'><strong>Zagrabiensi,</strong></span> <span class='ocrx_word' id='word_1_222' title='bbox 899 2716 981 2772; x_wconf 88' lang='lat' dir='ltr'><strong>Petro</strong></span> <span class='ocrx_word' id='word_1_223' title='bbox 1008 2715 1131 2788; x_wconf 71' lang='lat' dir='ltr'><strong>palatino</strong></span> <span class='ocrx_word' id='word_1_224' title='bbox 1155 2715 1256 2772; x_wconf 83' lang='lat' dir='ltr'><strong>comite</strong></span> <span class='ocrx_word' id='word_1_225' title='bbox 1282 2713 1403 2786; x_wconf 87' lang='lat' dir='ltr'><strong>Suprun.</strong></span> 
     </span>
     <span class='ocr_line' id='line_1_25' title="bbox 165 2801 1404 2874; baseline 0 -18"><span class='ocrx_word' id='word_1_226' title='bbox 165 2801 273 2858; x_wconf 81' lang='lat' dir='ltr'><strong>Thema</strong></span> <span class='ocrx_word' id='word_1_227' title='bbox 290 2801 364 2858; x_wconf 89' lang='lat' dir='ltr'><strong>bauo</strong></span> <span class='ocrx_word' id='word_1_228' title='bbox 391 2803 477 2858; x_wconf 88' lang='lat' dir='ltr'><strong>totius</strong></span> <span class='ocrx_word' id='word_1_229' title='bbox 503 2801 660 2874; x_wconf 78' lang='lat' dir='ltr'><strong>Slsvouias,</strong></span> <span class='ocrx_word' id='word_1_230' title='bbox 682 2803 810 2860; x_wconf 65' lang='lat' dir='ltr'><strong>Rolsmo</strong></span> <span class='ocrx_word' id='word_1_231' title='bbox 834 2804 967 2874; x_wconf 69' lang='lat' dir='ltr'><strong>magistro</strong></span> <span class='ocrx_word' id='word_1_232' title='bbox 991 2803 1193 2860; x_wconf 84' lang='lat' dir='ltr'><strong>taveruioonum</strong></span> <span class='ocrx_word' id='word_1_233' title='bbox 1220 2802 1332 2872; x_wconf 84' lang='lat' dir='ltr'><strong>reginae</strong></span> <span class='ocrx_word' id='word_1_234' title='bbox 1359 2816 1404 2857; x_wconf 90' lang='lat' dir='ltr'><strong>co·</strong></span> 
     </span>
     <span class='ocr_line' id='line_1_26' title="bbox 164 2889 789 2962; baseline 0.002 -16"><span class='ocrx_word' id='word_1_235' title='bbox 164 2891 230 2947; x_wconf 91' lang='lat' dir='ltr'><strong>mite</strong></span> <span class='ocrx_word' id='word_1_236' title='bbox 247 2889 282 2946; x_wconf 92' lang='lat' dir='ltr'><strong>de</strong></span> <span class='ocrx_word' id='word_1_237' title='bbox 301 2891 385 2959; x_wconf 85' lang='lat' dir='ltr'><strong>ana,</strong></span> <span class='ocrx_word' id='word_1_238' title='bbox 404 2891 487 2962; x_wconf 82' lang='lat' dir='ltr'><strong>Moys</strong></span> <span class='ocrx_word' id='word_1_239' title='bbox 505 2891 604 2946; x_wconf 91' lang='lat' dir='ltr'><strong>comite</strong></span> <span class='ocrx_word' id='word_1_240' title='bbox 623 2889 789 2962; x_wconf 69' lang='lat' dir='ltr'><strong>simigiensi.</strong></span> 
     </span>
    </p>
   </div>
   <div class='ocr_carea' id='block_1_6' title="bbox 213 2995 844 3068">
    <p class='ocr_par' dir='ltr' id='par_1_7' title="bbox 213 2995 844 3068">
     <span class='ocr_line' id='line_1_27' title="bbox 213 2995 844 3068; baseline 0 -16"><span class='ocrx_word' id='word_1_241' title='bbox 213 2996 310 3064; x_wconf 80' lang='lat' dir='ltr'><strong>cher:</strong></span> <span class='ocrx_word' id='word_1_242' title='bbox 331 2995 396 3054; x_wconf 80' lang='lat' dir='ltr'><strong>Ood.</strong></span> <span class='ocrx_word' id='word_1_243' title='bbox 416 2995 484 3066; x_wconf 76' lang='lat' dir='ltr'><strong>dipl.</strong></span> <span class='ocrx_word' id='word_1_244' title='bbox 506 2997 535 3054; x_wconf 80' lang='lat' dir='ltr'><strong>T.</strong></span> <span class='ocrx_word' id='word_1_245' title='bbox 560 2995 588 3050; x_wconf 86' lang='lat' dir='ltr'><strong>V.</strong></span> <span class='ocrx_word' id='word_1_246' title='bbox 607 2997 658 3052; x_wconf 85' lang='lat' dir='ltr'><strong>col.</strong></span> <span class='ocrx_word' id='word_1_247' title='bbox 678 2999 715 3054; x_wconf 92' lang='lat'><strong>11.</strong></span> <span class='ocrx_word' id='word_1_248' title='bbox 733 3013 764 3068; x_wconf 82' lang='lat' dir='ltr'><strong>p.</strong></span> <span class='ocrx_word' id='word_1_249' title='bbox 784 2999 844 3054; x_wconf 72' lang='lat'><strong>277.</strong></span> 
     </span>
    </p>
   </div>
   <div class='ocr_carea' id='block_1_7' title="bbox 162 3150 1406 4710">
    <p class='ocr_par' dir='ltr' id='par_1_8' title="bbox 162 3150 1406 4622">
     <span class='ocr_line' id='line_1_28' title="bbox 215 3150 1404 3226; baseline -0.002 -18"><span class='ocrx_word' id='word_1_250' title='bbox 215 3151 365 3210; x_wconf 82' lang='lat' dir='ltr'><strong>MOLXV.</strong></span> <span class='ocrx_word' id='word_1_251' title='bbox 382 3157 458 3210; x_wconf 73' lang='lat'><strong>1275.</strong></span> <span class='ocrx_word' id='word_1_252' title='bbox 478 3157 521 3210; x_wconf 82' lang='lat'><strong>13.</strong></span> <span class='ocrx_word' id='word_1_253' title='bbox 539 3153 702 3210; x_wconf 77' lang='lat' dir='ltr'><strong>Decembris.</strong></span> <span class='ocrx_word' id='word_1_254' title='bbox 722 3152 883 3226; x_wconf 82' lang='lat' dir='ltr'><strong>Capitulum</strong></span> <span class='ocrx_word' id='word_1_255' title='bbox 907 3151 1205 3224; x_wconf 80' lang='lat' dir='ltr'><strong>Quinqueecclesiense</strong></span> <span class='ocrx_word' id='word_1_256' title='bbox 1228 3150 1404 3208; x_wconf 90' lang='lat' dir='ltr'><strong>commendat</strong></span> 
     </span>
     <span class='ocr_line' id='line_1_29' title="bbox 162 3237 1404 3312; baseline -0.001 -17"><span class='ocrx_word' id='word_1_257' title='bbox 162 3241 321 3312; x_wconf 74' lang='lat' dir='ltr'><strong>memoriae,</strong></span> <span class='ocrx_word' id='word_1_258' title='bbox 339 3240 415 3312; x_wconf 88' lang='lat' dir='ltr'><strong>quod</strong></span> <span class='ocrx_word' id='word_1_259' title='bbox 433 3241 565 3312; x_wconf 87' lang='lat' dir='ltr'><strong>magister</strong></span> <span class='ocrx_word' id='word_1_260' title='bbox 589 3239 744 3298; x_wconf 56' lang='lat' dir='ltr'><strong>&amp;nundus</strong></span> <span class='ocrx_word' id='word_1_261' title='bbox 767 3241 842 3296; x_wconf 87' lang='lat' dir='ltr'><strong>tilius</strong></span> <span class='ocrx_word' id='word_1_262' title='bbox 860 3239 995 3312; x_wconf 81' lang='lat' dir='ltr'><strong>Stephani</strong></span> <span class='ocrx_word' id='word_1_263' title='bbox 1020 3239 1055 3295; x_wconf 91' lang='lat' dir='ltr'><strong>de</strong></span> <span class='ocrx_word' id='word_1_264' title='bbox 1079 3238 1149 3296; x_wconf 88' lang='lat' dir='ltr'><strong>Jeur</strong></span> <span class='ocrx_word' id='word_1_265' title='bbox 1173 3255 1225 3310; x_wconf 90' lang='lat' dir='ltr'><strong>pro</strong></span> <span class='ocrx_word' id='word_1_266' title='bbox 1249 3255 1279 3294; x_wconf 87' lang='lat' dir='ltr'><strong>se</strong></span> <span class='ocrx_word' id='word_1_267' title='bbox 1304 3243 1332 3294; x_wconf 94' lang='lat' dir='ltr'><strong>et</strong></span> <span class='ocrx_word' id='word_1_268' title='bbox 1354 3237 1404 3294; x_wconf 87' lang='lat' dir='ltr'><strong>Js·</strong></span> 
     </span>
     <span class='ocr_line' id='line_1_30' title="bbox 162 3326 1406 3400; baseline -0.002 -17"><span class='ocrx_word' id='word_1_269' title='bbox 162 3327 234 3386; x_wconf 91' lang='lat' dir='ltr'><strong>cubo</strong></span> <span class='ocrx_word' id='word_1_270' title='bbox 252 3327 310 3384; x_wconf 87' lang='lat' dir='ltr'><strong>filio</strong></span> <span class='ocrx_word' id='word_1_271' title='bbox 329 3343 381 3385; x_wconf 91' lang='lat' dir='ltr'><strong>suo</strong></span> <span class='ocrx_word' id='word_1_272' title='bbox 400 3328 437 3385; x_wconf 88' lang='lat' dir='ltr'><strong>sb</strong></span> <span class='ocrx_word' id='word_1_273' title='bbox 454 3345 511 3384; x_wconf 85' lang='lat' dir='ltr'><strong>uus</strong></span> <span class='ocrx_word' id='word_1_274' title='bbox 529 3332 615 3400; x_wconf 90' lang='lat' dir='ltr'><strong>parte,</strong></span> <span class='ocrx_word' id='word_1_275' title='bbox 636 3329 781 3384; x_wconf 90' lang='lat' dir='ltr'><strong>Diouisius</strong></span> <span class='ocrx_word' id='word_1_276' title='bbox 799 3327 874 3383; x_wconf 89' lang='lat' dir='ltr'><strong>tilius</strong></span> <span class='ocrx_word' id='word_1_277' title='bbox 891 3326 1031 3383; x_wconf 81' lang='lat' dir='ltr'><strong>Leouurdi</strong></span> <span class='ocrx_word' id='word_1_278' title='bbox 1048 3327 1083 3383; x_wconf 92' lang='lat' dir='ltr'><strong>de</strong></span> <span class='ocrx_word' id='word_1_279' title='bbox 1100 3326 1243 3398; x_wconf 82' lang='lat' dir='ltr'><strong>Nempthy</strong></span> <span class='ocrx_word' id='word_1_280' title='bbox 1260 3341 1311 3396; x_wconf 88' lang='lat' dir='ltr'><strong>pro</strong></span> <span class='ocrx_word' id='word_1_281' title='bbox 1329 3341 1360 3381; x_wconf 91' lang='lat' dir='ltr'><strong>se</strong></span> <span class='ocrx_word' id='word_1_282' title='bbox 1378 3329 1406 3382; x_wconf 91' lang='lat' dir='ltr'><strong>et</strong></span> 
     </span>
     <span class='ocr_line' id='line_1_31' title="bbox 163 3413 1405 3490; baseline -0.003 -18"><span class='ocrx_word' id='word_1_283' title='bbox 163 3417 247 3472; x_wconf 78' lang='lat' dir='ltr'><strong>iletre</strong></span> <span class='ocrx_word' id='word_1_284' title='bbox 266 3431 318 3472; x_wconf 92' lang='lat' dir='ltr'><strong>suo</strong></span> <span class='ocrx_word' id='word_1_285' title='bbox 336 3415 448 3486; x_wconf 87' lang='lat' dir='ltr'><strong>carnali,</strong></span> <span class='ocrx_word' id='word_1_286' title='bbox 466 3417 532 3472; x_wconf 92' lang='lat' dir='ltr'><strong>item</strong></span> <span class='ocrx_word' id='word_1_287' title='bbox 550 3433 601 3490; x_wconf 88' lang='lat' dir='ltr'><strong>pro</strong></span> <span class='ocrx_word' id='word_1_288' title='bbox 619 3415 702 3472; x_wconf 86' lang='lat' dir='ltr'><strong>Petro</strong></span> <span class='ocrx_word' id='word_1_289' title='bbox 720 3421 748 3472; x_wconf 92' lang='lat' dir='ltr'><strong>et</strong></span> <span class='ocrx_word' id='word_1_290' title='bbox 766 3415 897 3472; x_wconf 84' lang='lat' dir='ltr'><strong>fratribus</strong></span> <span class='ocrx_word' id='word_1_291' title='bbox 913 3413 1037 3471; x_wconf 89' lang='lat' dir='ltr'><strong>eiusdem</strong></span> <span class='ocrx_word' id='word_1_292' title='bbox 1055 3414 1120 3470; x_wconf 87' lang='lat' dir='ltr'><strong>tiliis</strong></span> <span class='ocrx_word' id='word_1_293' title='bbox 1137 3414 1247 3470; x_wconf 89' lang='lat' dir='ltr'><strong>comitis</strong></span> <span class='ocrx_word' id='word_1_294' title='bbox 1265 3413 1405 3469; x_wconf 90' lang='lat' dir='ltr'><strong>Dominlci</strong></span> 
     </span>
     <span class='ocr_line' id='line_1_32' title="bbox 164 3499 1404 3576; baseline -0.002 -17"><span class='ocrx_word' id='word_1_295' title='bbox 164 3503 257 3560; x_wconf 81' lang='lat' dir='ltr'><strong>fratris</strong></span> <span class='ocrx_word' id='word_1_296' title='bbox 275 3503 319 3559; x_wconf 89' lang='lat' dir='ltr'><strong>sui</strong></span> <span class='ocrx_word' id='word_1_297' title='bbox 337 3503 463 3570; x_wconf 69' lang='lat' dir='ltr'><strong>cunulis,</strong></span> <span class='ocrx_word' id='word_1_298' title='bbox 480 3506 547 3559; x_wconf 90' lang='lat' dir='ltr'><strong>item</strong></span> <span class='ocrx_word' id='word_1_299' title='bbox 565 3520 616 3576; x_wconf 87' lang='lat' dir='ltr'><strong>pro</strong></span> <span class='ocrx_word' id='word_1_300' title='bbox 634 3503 697 3558; x_wconf 87' lang='lat' dir='ltr'><strong>tiliis</strong></span> <span class='ocrx_word' id='word_1_301' title='bbox 714 3502 852 3560; x_wconf 88' lang='lat' dir='ltr'><strong>Johsnnis</strong></span> <span class='ocrx_word' id='word_1_302' title='bbox 871 3503 954 3558; x_wconf 82' lang='lat' dir='ltr'><strong>etiem</strong></span> <span class='ocrx_word' id='word_1_303' title='bbox 966 3501 1058 3557; x_wconf 84' lang='lat' dir='ltr'><strong>fratris</strong></span> <span class='ocrx_word' id='word_1_304' title='bbox 1071 3502 1114 3556; x_wconf 91' lang='lat' dir='ltr'><strong>sui</strong></span> <span class='ocrx_word' id='word_1_305' title='bbox 1126 3501 1245 3556; x_wconf 83' lang='lat' dir='ltr'><strong>carnalis</strong></span> <span class='ocrx_word' id='word_1_306' title='bbox 1263 3500 1300 3556; x_wconf 90' lang='lat' dir='ltr'><strong>ab</strong></span> <span class='ocrx_word' id='word_1_307' title='bbox 1317 3499 1404 3556; x_wconf 89' lang='lat' dir='ltr'><strong>sltera</strong></span> 
     </span>
     <span class='ocr_line' id='line_1_33' title="bbox 165 3587 1405 3664; baseline -0.002 -19"><span class='ocrx_word' id='word_1_308' title='bbox 165 3590 348 3664; x_wconf 87' lang='lat' dir='ltr'><strong>personaliter</strong></span> <span class='ocrx_word' id='word_1_309' title='bbox 361 3591 511 3659; x_wconf 90' lang='lat' dir='ltr'><strong>constituti,</strong></span> <span class='ocrx_word' id='word_1_310' title='bbox 522 3607 607 3662; x_wconf 90' lang='lat' dir='ltr'><strong>super</strong></span> <span class='ocrx_word' id='word_1_311' title='bbox 616 3590 744 3647; x_wconf 87' lang='lat' dir='ltr'><strong>omnibus</strong></span> <span class='ocrx_word' id='word_1_312' title='bbox 756 3587 1000 3657; x_wconf 87' lang='lat' dir='ltr'><strong>destructionibus,</strong></span> <span class='ocrx_word' id='word_1_313' title='bbox 1009 3587 1256 3656; x_wconf 85' lang='lat' dir='ltr'><strong>combustionibus,</strong></span> <span class='ocrx_word' id='word_1_314' title='bbox 1266 3587 1405 3659; x_wconf 87' lang='lat' dir='ltr'><strong>dampnis,</strong></span> 
     </span>
     <span class='ocr_line' id='line_1_34' title="bbox 163 3673 1404 3749; baseline -0.002 -17"><span class='ocrx_word' id='word_1_315' title='bbox 163 3677 324 3734; x_wconf 81' lang='lat' dir='ltr'><strong>vuheribus</strong></span> <span class='ocrx_word' id='word_1_316' title='bbox 352 3679 407 3733; x_wconf 83' lang='lat' dir='ltr'><strong>sive</strong></span> <span class='ocrx_word' id='word_1_317' title='bbox 426 3678 525 3749; x_wconf 87' lang='lat' dir='ltr'><strong>plagis,</strong></span> <span class='ocrx_word' id='word_1_318' title='bbox 549 3678 656 3733; x_wconf 88' lang='lat' dir='ltr'><strong>iniuriis</strong></span> <span class='ocrx_word' id='word_1_319' title='bbox 673 3693 706 3734; x_wconf 82' lang='lat' dir='ltr'><strong>sc</strong></span> <span class='ocrx_word' id='word_1_320' title='bbox 723 3677 862 3733; x_wconf 87' lang='lat' dir='ltr'><strong>iniuriosis</strong></span> <span class='ocrx_word' id='word_1_321' title='bbox 887 3675 1058 3733; x_wconf 81' lang='lat' dir='ltr'><strong>iecinoribus</strong></span> <span class='ocrx_word' id='word_1_322' title='bbox 1085 3673 1256 3746; x_wconf 87' lang='lat' dir='ltr'><strong>quibuslibet</strong></span> <span class='ocrx_word' id='word_1_323' title='bbox 1274 3679 1302 3730; x_wconf 94' lang='lat' dir='ltr'><strong>et</strong></span> <span class='ocrx_word' id='word_1_324' title='bbox 1319 3689 1404 3746; x_wconf 87' lang='lat' dir='ltr'><strong>super</strong></span> 
     </span>
     <span class='ocr_line' id='line_1_35' title="bbox 164 3761 1405 3836; baseline -0.002 -16"><span class='ocrx_word' id='word_1_325' title='bbox 164 3763 366 3822; x_wconf 89' lang='lat' dir='ltr'><strong>discordiarum</strong></span> <span class='ocrx_word' id='word_1_326' title='bbox 383 3764 448 3821; x_wconf 90' lang='lat' dir='ltr'><strong>hinc</strong></span> <span class='ocrx_word' id='word_1_327' title='bbox 471 3769 499 3820; x_wconf 89' lang='lat' dir='ltr'><strong>et</strong></span> <span class='ocrx_word' id='word_1_328' title='bbox 521 3764 586 3820; x_wconf 92' lang='lat' dir='ltr'><strong>inde</strong></span> <span class='ocrx_word' id='word_1_329' title='bbox 611 3763 741 3833; x_wconf 82' lang='lat' dir='ltr'><strong>subortis,</strong></span> <span class='ocrx_word' id='word_1_330' title='bbox 765 3764 922 3836; x_wconf 88' lang='lat' dir='ltr'><strong>specialiter</strong></span> <span class='ocrx_word' id='word_1_331' title='bbox 945 3779 1028 3836; x_wconf 82' lang='lat' dir='ltr'><strong>super</strong></span> <span class='ocrx_word' id='word_1_332' title='bbox 1053 3763 1127 3819; x_wconf 82' lang='lat' dir='ltr'><strong>secto</strong></span> <span class='ocrx_word' id='word_1_333' title='bbox 1152 3763 1248 3819; x_wconf 87' lang='lat' dir='ltr'><strong>mortis</strong></span> <span class='ocrx_word' id='word_1_334' title='bbox 1272 3761 1405 3818; x_wconf 89' lang='lat' dir='ltr'><strong>Urbanus</strong></span> 
     </span>
     <span class='ocr_line' id='line_1_36' title="bbox 165 3848 1404 3922; baseline -0.004 -13"><span class='ocrx_word' id='word_1_335' title='bbox 165 3853 307 3910; x_wconf 88' lang='lat' dir='ltr'><strong>servientis</strong></span> <span class='ocrx_word' id='word_1_336' title='bbox 319 3853 439 3909; x_wconf 89' lang='lat' dir='ltr'><strong>tiliorum</strong></span> <span class='ocrx_word' id='word_1_337' title='bbox 451 3851 598 3920; x_wconf 87' lang='lat' dir='ltr'><strong>Leonardi,</strong></span> <span class='ocrx_word' id='word_1_338' title='bbox 611 3867 694 3922; x_wconf 90' lang='lat' dir='ltr'><strong>quem</strong></span> <span class='ocrx_word' id='word_1_339' title='bbox 713 3849 896 3908; x_wconf 79' lang='lat' dir='ltr'><strong>Sebastianus</strong></span> <span class='ocrx_word' id='word_1_340' title='bbox 914 3851 988 3906; x_wconf 87' lang='lat' dir='ltr'><strong>filius</strong></span> <span class='ocrx_word' id='word_1_341' title='bbox 1006 3849 1107 3906; x_wconf 89' lang='lat' dir='ltr'><strong>Jacobi</strong></span> <span class='ocrx_word' id='word_1_342' title='bbox 1124 3849 1266 3916; x_wconf 81' lang='lat' dir='ltr'><strong>interiecit,</strong></span> <span class='ocrx_word' id='word_1_343' title='bbox 1285 3848 1404 3905; x_wconf 80' lang='lat' dir='ltr'><strong>confessi</strong></span> 
     </span>
     <span class='ocr_line' id='line_1_37' title="bbox 165 3937 1405 4012; baseline -0.003 -16"><span class='ocrx_word' id='word_1_344' title='bbox 165 3945 231 3996; x_wconf 80' lang='lat' dir='ltr'><strong>stunt</strong></span> <span class='ocrx_word' id='word_1_345' title='bbox 248 3944 412 4012; x_wconf 90' lang='lat' dir='ltr'><strong>perpetuam</strong></span> <span class='ocrx_word' id='word_1_346' title='bbox 430 3955 529 4012; x_wconf 85' lang='lat' dir='ltr'><strong>pscem</strong></span> <span class='ocrx_word' id='word_1_347' title='bbox 548 3955 578 3994; x_wconf 93' lang='lat' dir='ltr'><strong>se</strong></span> <span class='ocrx_word' id='word_1_348' title='bbox 595 3938 707 4010; x_wconf 88' lang='lat' dir='ltr'><strong>habere,</strong></span> <span class='ocrx_word' id='word_1_349' title='bbox 726 3943 753 3994; x_wconf 93' lang='lat' dir='ltr'><strong>et</strong></span> <span class='ocrx_word' id='word_1_350' title='bbox 771 3938 846 4010; x_wconf 87' lang='lat' dir='ltr'><strong>quod</strong></span> <span class='ocrx_word' id='word_1_351' title='bbox 863 3943 1020 4009; x_wconf 87' lang='lat' dir='ltr'><strong>neutraque</strong></span> <span class='ocrx_word' id='word_1_352' title='bbox 1038 3937 1159 4008; x_wconf 86' lang='lat' dir='ltr'><strong>partium</strong></span> <span class='ocrx_word' id='word_1_353' title='bbox 1182 3937 1296 3992; x_wconf 86' lang='lat' dir='ltr'><strong>alteram</strong></span> <span class='ocrx_word' id='word_1_354' title='bbox 1320 3952 1405 4007; x_wconf 83' lang='lat' dir='ltr'><strong>super</strong></span> 
     </span>
     <span class='ocr_line' id='line_1_38' title="bbox 165 4022 1405 4100; baseline -0.004 -17"><span class='ocrx_word' id='word_1_355' title='bbox 165 4027 320 4100; x_wconf 83' lang='lat' dir='ltr'><strong>praeteritis</strong></span> <span class='ocrx_word' id='word_1_356' title='bbox 347 4027 476 4099; x_wconf 88' lang='lat' dir='ltr'><strong>dampnis</strong></span> <span class='ocrx_word' id='word_1_357' title='bbox 494 4025 539 4083; x_wconf 79' lang='lat' dir='ltr'><strong>tel</strong></span> <span class='ocrx_word' id='word_1_358' title='bbox 556 4027 663 4082; x_wconf 86' lang='lat' dir='ltr'><strong>iniuriis</strong></span> <span class='ocrx_word' id='word_1_359' title='bbox 681 4031 710 4082; x_wconf 93' lang='lat' dir='ltr'><strong>et</strong></span> <span class='ocrx_word' id='word_1_360' title='bbox 727 4026 881 4098; x_wconf 87' lang='lat' dir='ltr'><strong>specialiter</strong></span> <span class='ocrx_word' id='word_1_361' title='bbox 899 4043 951 4097; x_wconf 90' lang='lat' dir='ltr'><strong>pro</strong></span> <span class='ocrx_word' id='word_1_362' title='bbox 969 4031 1058 4080; x_wconf 91' lang='lat' dir='ltr'><strong>morte</strong></span> <span class='ocrx_word' id='word_1_363' title='bbox 1076 4023 1143 4080; x_wconf 88' lang='lat' dir='ltr'><strong>dicti</strong></span> <span class='ocrx_word' id='word_1_364' title='bbox 1160 4022 1290 4078; x_wconf 87' lang='lat' dir='ltr'><strong>Urbanus</strong></span> <span class='ocrx_word' id='word_1_365' title='bbox 1304 4023 1405 4094; x_wconf 86' lang='lat' dir='ltr'><strong>poterit</strong></span> 
     </span>
     <span class='ocr_line' id='line_1_39' title="bbox 164 4109 1403 4188; baseline -0.004 -18"><span class='ocrx_word' id='word_1_366' title='bbox 164 4115 193 4170; x_wconf 90' lang='lat' dir='ltr'><strong>in</strong></span> <span class='ocrx_word' id='word_1_367' title='bbox 210 4121 353 4188; x_wconf 90' lang='lat' dir='ltr'><strong>posterum</strong></span> <span class='ocrx_word' id='word_1_368' title='bbox 370 4115 525 4171; x_wconf 82' lang='lat' dir='ltr'><strong>molestare.</strong></span> <span class='ocrx_word' id='word_1_369' title='bbox 542 4115 598 4170; x_wconf 84' lang='lat' dir='ltr'><strong>Pro</strong></span> <span class='ocrx_word' id='word_1_370' title='bbox 615 4131 672 4186; x_wconf 92' lang='lat' dir='ltr'><strong>qua</strong></span> <span class='ocrx_word' id='word_1_371' title='bbox 694 4121 782 4171; x_wconf 91' lang='lat' dir='ltr'><strong>morte</strong></span> <span class='ocrx_word' id='word_1_372' title='bbox 806 4111 970 4180; x_wconf 84' lang='lat' dir='ltr'><strong>Oorrerdns,</strong></span> <span class='ocrx_word' id='word_1_373' title='bbox 995 4129 1051 4184; x_wconf 89' lang='lat' dir='ltr'><strong>qua</strong></span> <span class='ocrx_word' id='word_1_374' title='bbox 1074 4109 1221 4168; x_wconf 85' lang='lat' dir='ltr'><strong>fideiussor</strong></span> <span class='ocrx_word' id='word_1_375' title='bbox 1236 4110 1403 4177; x_wconf 81' lang='lat' dir='ltr'><strong>Sebastiani,</strong></span> 
     </span>
     <span class='ocr_line' id='line_1_40' title="bbox 164 4198 1404 4274; baseline -0.005 -16"><span class='ocrx_word' id='word_1_376' title='bbox 164 4203 297 4274; x_wconf 90' lang='lat' dir='ltr'><strong>persolvit</strong></span> <span class='ocrx_word' id='word_1_377' title='bbox 315 4203 348 4258; x_wconf 90' lang='lat'><strong>11</strong></span> <span class='ocrx_word' id='word_1_378' title='bbox 366 4217 474 4258; x_wconf 69' lang='lat' dir='ltr'><strong>mmcas</strong></span> <span class='ocrx_word' id='word_1_379' title='bbox 492 4207 520 4257; x_wconf 92' lang='lat' dir='ltr'><strong>et</strong></span> <span class='ocrx_word' id='word_1_380' title='bbox 537 4199 693 4268; x_wconf 71' lang='lat' dir='ltr'><strong>dimidiam</strong></span> <span class='ocrx_word' id='word_1_381' title='bbox 715 4202 782 4256; x_wconf 90' lang='lat' dir='ltr'><strong>item</strong></span> <span class='ocrx_word' id='word_1_382' title='bbox 799 4201 906 4256; x_wconf 90' lang='lat' dir='ltr'><strong>ratione</strong></span> <span class='ocrx_word' id='word_1_383' title='bbox 929 4199 1098 4273; x_wconf 89' lang='lat' dir='ltr'><strong>judiciorum</strong></span> <span class='ocrx_word' id='word_1_384' title='bbox 1116 4198 1187 4254; x_wconf 82' lang='lat' dir='ltr'><strong>dues</strong></span> <span class='ocrx_word' id='word_1_385' title='bbox 1205 4214 1320 4266; x_wconf 75' lang='lat' dir='ltr'><strong>mmcas,</strong></span> <span class='ocrx_word' id='word_1_386' title='bbox 1338 4199 1404 4252; x_wconf 91' lang='lat' dir='ltr'><strong>item</strong></span> 
     </span>
     <span class='ocr_line' id='line_1_41' title="bbox 165 4287 1403 4362; baseline -0.006 -16"><span class='ocrx_word' id='word_1_387' title='bbox 165 4307 216 4362; x_wconf 87' lang='lat' dir='ltr'><strong>pro</strong></span> <span class='ocrx_word' id='word_1_388' title='bbox 236 4289 345 4345; x_wconf 90' lang='lat' dir='ltr'><strong>damnis</strong></span> <span class='ocrx_word' id='word_1_389' title='bbox 362 4289 491 4361; x_wconf 89' lang='lat' dir='ltr'><strong>quinque·</strong></span> <span class='ocrx_word' id='word_1_390' title='bbox 509 4303 616 4344; x_wconf 84' lang='lat' dir='ltr'><strong>merces</strong></span> <span class='ocrx_word' id='word_1_391' title='bbox 635 4293 664 4344; x_wconf 90' lang='lat' dir='ltr'><strong>et</strong></span> <span class='ocrx_word' id='word_1_392' title='bbox 681 4287 800 4355; x_wconf 86' lang='lat' dir='ltr'><strong>dimidia,</strong></span> <span class='ocrx_word' id='word_1_393' title='bbox 826 4289 856 4342; x_wconf 90' lang='lat' dir='ltr'><strong>in</strong></span> <span class='ocrx_word' id='word_1_394' title='bbox 875 4304 983 4344; x_wconf 87' lang='lat' dir='ltr'><strong>summa</strong></span> <span class='ocrx_word' id='word_1_395' title='bbox 1003 4287 1100 4342; x_wconf 88' lang='lat' dir='ltr'><strong>decem</strong></span> <span class='ocrx_word' id='word_1_396' title='bbox 1118 4291 1146 4342; x_wconf 91' lang='lat' dir='ltr'><strong>st</strong></span> <span class='ocrx_word' id='word_1_397' title='bbox 1163 4289 1226 4341; x_wconf 90' lang='lat' dir='ltr'><strong>octo</strong></span> <span class='ocrx_word' id='word_1_398' title='bbox 1250 4300 1357 4339; x_wconf 80' lang='lat' dir='ltr'><strong>mercae</strong></span> <span class='ocrx_word' id='word_1_399' title='bbox 1376 4288 1403 4338; x_wconf 87' lang='lat' dir='ltr'><strong>st</strong></span> 
     </span>
     <span class='ocr_line' id='line_1_42' title="bbox 164 4371 1405 4448; baseline -0.007 -15"><span class='ocrx_word' id='word_1_400' title='bbox 164 4376 317 4445; x_wconf 88' lang='lat' dir='ltr'><strong>dimidiam,</strong></span> <span class='ocrx_word' id='word_1_401' title='bbox 340 4393 424 4448; x_wconf 82' lang='lat' dir='ltr'><strong>quem</strong></span> <span class='ocrx_word' id='word_1_402' title='bbox 451 4375 598 4448; x_wconf 89' lang='lat' dir='ltr'><strong>pecunism</strong></span> <span class='ocrx_word' id='word_1_403' title='bbox 621 4376 725 4446; x_wconf 85' lang='lat' dir='ltr'><strong>recepit</strong></span> <span class='ocrx_word' id='word_1_404' title='bbox 748 4374 893 4430; x_wconf 86' lang='lat' dir='ltr'><strong>Dionisiue</strong></span> <span class='ocrx_word' id='word_1_405' title='bbox 915 4374 988 4430; x_wconf 90' lang='lat' dir='ltr'><strong>tilius</strong></span> <span class='ocrx_word' id='word_1_406' title='bbox 1006 4371 1153 4444; x_wconf 81' lang='lat' dir='ltr'><strong>Leonardi,</strong></span> <span class='ocrx_word' id='word_1_407' title='bbox 1171 4372 1252 4427; x_wconf 91' lang='lat' dir='ltr'><strong>cuius</strong></span> <span class='ocrx_word' id='word_1_408' title='bbox 1270 4371 1405 4442; x_wconf 79' lang='lat' dir='ltr'><strong>pecunius</strong></span> 
     </span>
     <span class='ocr_line' id='line_1_43' title="bbox 164 4457 1404 4534; baseline -0.007 -14"><span class='ocrx_word' id='word_1_409' title='bbox 164 4465 266 4521; x_wconf 90' lang='lat' dir='ltr'><strong>modus</strong></span> <span class='ocrx_word' id='word_1_410' title='bbox 283 4463 429 4520; x_wconf 89' lang='lat' dir='ltr'><strong>solutionis</strong></span> <span class='ocrx_word' id='word_1_411' title='bbox 447 4464 476 4518; x_wconf 92' lang='lat' dir='ltr'><strong>in</strong></span> <span class='ocrx_word' id='word_1_412' title='bbox 494 4462 593 4518; x_wconf 86' lang='lat' dir='ltr'><strong>litteris</strong></span> <span class='ocrx_word' id='word_1_413' title='bbox 610 4462 747 4518; x_wconf 89' lang='lat' dir='ltr'><strong>Ducissae</strong></span> <span class='ocrx_word' id='word_1_414' title='bbox 765 4462 851 4518; x_wconf 90' lang='lat' dir='ltr'><strong>totius</strong></span> <span class='ocrx_word' id='word_1_415' title='bbox 870 4459 1017 4521; x_wconf 85' lang='lat' dir='ltr'><strong>Slsvonise</strong></span> <span class='ocrx_word' id='word_1_416' title='bbox 1035 4461 1146 4534; x_wconf 51' lang='lat' dir='ltr'><strong>deuius</strong></span> <span class='ocrx_word' id='word_1_417' title='bbox 1161 4459 1323 4516; x_wconf 87' lang='lat' dir='ltr'><strong>continetur.</strong></span> <span class='ocrx_word' id='word_1_418' title='bbox 1337 4457 1404 4512; x_wconf 84' lang='lat' dir='ltr'><strong>Oor·</strong></span> 
     </span>
     <span class='ocr_line' id='line_1_44' title="bbox 165 4549 1121 4622; baseline -0.005 -13"><span class='ocrx_word' id='word_1_419' title='bbox 165 4553 265 4609; x_wconf 83' lang='lat' dir='ltr'><strong>rardue</strong></span> <span class='ocrx_word' id='word_1_420' title='bbox 283 4551 367 4608; x_wconf 89' lang='lat' dir='ltr'><strong>cessit</strong></span> <span class='ocrx_word' id='word_1_421' title='bbox 384 4551 467 4606; x_wconf 88' lang='lat' dir='ltr'><strong>etism</strong></span> <span class='ocrx_word' id='word_1_422' title='bbox 485 4552 561 4606; x_wconf 90' lang='lat' dir='ltr'><strong>omni</strong></span> <span class='ocrx_word' id='word_1_423' title='bbox 578 4550 681 4606; x_wconf 90' lang='lat' dir='ltr'><strong>actioni</strong></span> <span class='ocrx_word' id='word_1_424' title='bbox 699 4565 783 4622; x_wconf 89' lang='lat' dir='ltr'><strong>super</strong></span> <span class='ocrx_word' id='word_1_425' title='bbox 800 4549 874 4608; x_wconf 83' lang='lat' dir='ltr'><strong>fecto</strong></span> <span class='ocrx_word' id='word_1_426' title='bbox 892 4555 980 4606; x_wconf 69' lang='lat' dir='ltr'><strong>terrm</strong></span> <span class='ocrx_word' id='word_1_427' title='bbox 999 4549 1121 4622; x_wconf 88' lang='lat' dir='ltr'><strong>Beangh.</strong></span> 
     </span>
    </p>

    <p class='ocr_par' dir='ltr' id='par_1_9' title="bbox 222 4637 817 4710">
     <span class='ocr_line' id='line_1_45' title="bbox 222 4637 817 4710; baseline 0 -16"><span class='ocrx_word' id='word_1_428' title='bbox 222 4639 339 4695; x_wconf 82' lang='lat' dir='ltr'><strong>Wessct:</strong></span> <span class='ocrx_word' id='word_1_429' title='bbox 362 4638 427 4696; x_wconf 83' lang='lat' dir='ltr'><strong>Ood.</strong></span> <span class='ocrx_word' id='word_1_430' title='bbox 446 4638 514 4710; x_wconf 80' lang='lat' dir='ltr'><strong>dipl.</strong></span> <span class='ocrx_word' id='word_1_431' title='bbox 534 4637 645 4709; x_wconf 74' lang='lat' dir='ltr'><strong>Arpos.</strong></span> <span class='ocrx_word' id='word_1_432' title='bbox 663 4637 732 4694; x_wconf 82' lang='grc' dir='ltr'><strong>ΧΗ.</strong></span> <span class='ocrx_word' id='word_1_433' title='bbox 753 4641 817 4694; x_wconf 83' lang='lat'><strong>577.</strong></span> 
     </span>
    </p>
   </div>
   <div class='ocr_carea' id='block_1_8' title="bbox 0 0 1745 5356">
    <p class='ocr_par' dir='ltr' id='par_1_10' title="bbox 0 0 1745 5356">
     <span class='ocr_line' id='line_1_46' title="bbox 0 0 1745 5356; baseline 0 0"><span class='ocrx_word' id='word_1_434' title='bbox 0 0 1745 5356; x_wconf 95' lang='lat' dir='ltr'><strong> </strong></span> 
     </span>
    </p>
   </div>
  </div>
 </body>
</html>
