3376 5350
647 427 790 504 pecssrs.
1279 419 1341 484 461

97 622 222 660 sonrmae
240 605 382 660 fidelitatis
400 607 436 660 ab
454 607 570 675 antiquo
590 605 766 676 Zagrabiensi
780 605 914 660 ecclesiae
927 613 955 659 et
967 607 1056 675 ipsius
1068 607 1191 676 episcopi
1210 623 1343 676 personae

96 695 228 748 assistens
240 691 378 747 indefesse
391 693 500 748 studuit
519 693 652 758 laborare,
672 709 722 762 pro
741 692 842 762 quibus
855 693 972 746 servitiis
989 693 1190 762 possessionem
1204 692 1343 764 Gulynchi

96 783 124 834 in
144 781 277 834 comitatu
304 779 338 833 de
363 779 492 848 lasnigh,
519 795 603 852 quam
622 777 763 847 quondam
787 795 880 832 comes
905 777 1022 832 Gardun
1047 778 1133 833 hostis
1158 785 1186 834 et
1210 789 1344 850 tyrannus

98 870 221 924 notorius
245 868 299 922 Dei
324 873 351 921 et
374 867 506 922 ecclesiae
529 865 609 936 Zagr.
634 866 812 934 gravissimus
840 871 1000 936 persecutor
1029 883 1077 935 per
1101 867 1277 922 collationem
1295 868 1344 924 Jo-

97 956 196 1010 hanuis
214 955 336 1026 episcopi
356 954 575 1024 praedecessoris
594 953 662 1023 ejus,
681 960 709 1006 et
728 969 777 1022 per
801 969 975 1024 consequens
999 952 1070 1007 Jeco
1093 953 1166 1008 filius
1189 953 1276 1010 Jacus
1299 973 1343 1011 co-

98 1044 173 1110 gnati
193 1043 252 1096 elus
271 1041 452 1096 dinoscuntur
470 1041 634 1112 possedisse,
648 1057 699 1110 pro
712 1038 839 1094 nefandis
858 1039 1017 1094 excessibus
1035 1056 1131 1094 corum
1147 1041 1277 1106 ablatam,
1296 1042 1344 1097 do·

98 1130 172 1182 navit
191 1137 219 1182 et
237 1127 363 1182 contulit.
382 1128 474 1182 Melae
492 1135 585 1182 autem
605 1145 653 1196 per
673 1125 691 1180 J
694 1142 811 1180 oannem
839 1126 978 1182 notarium
1002 1127 1188 1182 reambulatac
1206 1129 1344 1200 incipiunt

98 1215 133 1268 ab
152 1216 256 1270 oriente
275 1217 302 1268 in
322 1232 392 1270 vena
410 1232 499 1285 aquae
518 1215 627 1269 Rosech
646 1213 680 1268 de
699 1229 771 1282 aqua
790 1211 970 1283 Golgonycsa
989 1213 1139 1268 dirivantis.
1161 1215 1266 1270 Versus
1285 1233 1342 1272 me-

99 1303 194 1356 ridiem
214 1303 289 1356 venit
306 1303 342 1356 ad
356 1319 484 1372 magnam
504 1303 575 1356 viam
594 1302 741 1355 ducentem
754 1300 783 1352 in
796 1299 928 1371 Iwanigh,
943 1317 991 1370 per
1010 1317 1095 1370 quarn
1116 1303 1188 1356 riam
1211 1305 1287 1358 venit
1313 1305 1342 1360 in

98 1389 217 1444 risulum
236 1388 387 1460 Lypnicha,
406 1389 580 1444 ascendendo
600 1405 649 1458 per
666 1387 805 1458 quandam
825 1386 917 1440 villam
943 1389 1018 1442 venit
1044 1404 1093 1458 per
1117 1406 1247 1459 magnam
1272 1393 1343 1446 viam

98 1477 134 1530 ad
152 1484 240 1532 metas
258 1477 386 1531 arboreas
404 1485 433 1532 et
454 1493 503 1546 per
527 1476 626 1531 vallem
650 1475 685 1528 ad
711 1491 813 1544 aquam
842 1473 967 1544 Lppnich
992 1483 1020 1529 et
1044 1493 1093 1546 per
1111 1483 1198 1530 metas
1216 1479 1345 1534 arboreas

98 1563 133 1617 ad
153 1581 254 1633 aquam
274 1563 449 1634 Golgonicha
467 1563 503 1618 ad
523 1565 640 1634 priorem
657 1569 770 1618 metam.

153 1650 281 1704 Tealc'ic:
300 1651 378 1704 Mon.
398 1651 475 1704 Hier.
498 1651 526 1704 T.
547 1653 571 1704 l.
590 1669 617 1721 p.
635 1654 696 1705 243.

153 1789 362 1844 Mooxxvlr.
381 1790 514 1860 Neapoli.
534 1795 609 1846 1299.
630 1799 671 1848 19.
685 1795 854 1849 Novembris.
868 1795 985 1850 Carolus
998 1797 1035 1852 11.
1048 1815 1096 1852 rex
1110 1798 1221 1853 Siciliae
1234 1799 1346 1870 expedit

99 1878 205 1932 salvum
219 1877 386 1932 conductum
407 1895 456 1947 pro
470 1877 622 1932 Prudentio
641 1881 676 1934 de
695 1881 796 1936 Bunrlo
809 1891 837 1936 et
848 1884 974 1952 personis
987 1884 1181 1954 navigantibus
1196 1887 1224 1940 in
1237 1887 1345 1940 duabus

99 1964 189 2018 bareis
207 1963 309 2019 nobilis
328 1965 378 2018 viri
398 1963 511 2034 Georgii
534 1967 644 2021 comitis
668 1968 859 2038 Traguriensie
878 1977 906 2024 et
924 1969 1104 2026 Sibinicensis
1122 1973 1158 2027 ad
1177 1974 1298 2028 eundum
1317 1981 1345 2028 et

98 2051 271 2106 redeundum
291 2051 325 2104 de
343 2052 468 2121 partibus
487 2051 633 2108 Slavoniae
652 2073 702 2124 pro
721 2057 838 2111 servitiis
861 2057 926 2112 dicti
946 2059 1054 2112 comitis
1073 2059 1220 2129 deputatis,
1244 2059 1345 2129 quibus

99 2138 257 2208 praedictus
275 2137 444 2192 Prudentius
463 2147 579 2208 praeest.

157 2224 283 2279 Wenzel:
303 2227 375 2278 Acta
393 2231 487 2279 catera
507 2225 531 2278 I.
547 2243 577 2294 p.
597 2227 656 2281 1392

156 2364 383 2420 llDOXXVlIl.
402 2367 535 2437 Neapoli.
556 2371 632 2421 1299.
649 2371 693 2424 26.
713 2370 880 2424 Nouembris.
894 2371 1015 2426 Karolus
1033 2371 1070 2426 ll.
1083 2372 1193 2428 Siciliae
1213 2391 1268 2440 rex,
1281 2389 1345 2428 oum

99 2451 206 2505 nobiles
220 2452 267 2504 viri
282 2453 397 2525 comites
416 2452 582 2524 Stephanus,
601 2455 744 2511 Johennes
763 2465 790 2512 et
808 2457 958 2514 Radislaus
971 2459 1078 2528 fratres,
1098 2461 1146 2514 filii
1165 2461 1274 2515 comitis
1293 2461 1345 2514 Bs-

100 2539 189 2591 bonec
217 2555 249 2591 ac
278 2545 392 2608 nepotes
422 2541 563 2609 quondum
591 2543 655 2598 bani
686 2543 819 2612 Radislsi,
847 2547 882 2600 ab
911 2563 944 2600 eo
962 2548 1102 2616 petierunt
1128 2555 1159 2601 ut
1186 2563 1232 2601 eae
1260 2553 1346 2600 terrae

99 2641 170 2694 «pirae
195 2624 268 2678 filius
295 2625 354 2680 eius
378 2643 425 2679 rex
445 2625 592 2697 Ungariae,
612 2630 678 2684 sitas
697 2632 724 2684 in
745 2631 847 2686 ducatu
867 2631 1013 2688 Slavonioe
1033 2635 1185 2704 praedicto,
1204 2634 1345 2704 quondam

98 2711 232 2766 Radislao
255 2713 334 2780 bano,
360 2712 497 2766 dictorum
525 2715 640 2769 fratrum
659 2719 805 2784 avunculo,
824 2727 1004 2784 concesserat,
1024 2721 1211 2781 confirmaret;
1231 2737 1279 2774 rex
1298 2737 1344 2790 pc·

99 2799 191 2853 titioni
209 2800 273 2853 hnic
291 2801 396 2854 annuit.

160 2886 284 2940 ll'eneel:
304 2889 376 2940 Aeto
396 2892 489 2940 rutero
508 2888 532 2940 Ι.
552 2891 610 2942 139.
