3464 5382
344 343 386 403 90
845 363 864 402 1.
889 353 1086 418 maranno,

344 525 488 590 dederunt,
507 542 563 594 qua
581 531 672 590 testes,
692 525 790 578 Petrus
808 525 970 592 Balialavae‚
989 526 1133 580 iohannes
1152 527 1285 596 Bagdani,
1305 527 1418 582 Veleius
1436 527 1584 594 Bladimiri‚

344 611 526 666 Martinusius
545 611 677 678 Cervarii,
696 610 825 666 Andreae
844 613 990 680 Bolialava‚
1009 613 1133 668 Jacobus
1151 613 1301 684 Negamiri‚
1320 615 1453 669 Dabrana
1465 615 1584 680 Proculi,

345 699 434 753 Cerne
447 699 575 758 vitame,
596 697 714 752 Michael
728 699 861 766 Pannona,
880 699 978 755 Petrus
992 699 1119 764 Strcttaa
1133 699 1273 755 Grubcssa
1286 701 1442 768 Gundulae‚
1462 701 1585 756 Caleuda

346 784 510 850 Cemechae,
539 783 707 854 Niciphorus
730 785 856 851 Suettaa
890 787 1014 841 Marinus
1042 787 1189 854 Onoadas,
1218 787 1350 844 Grubena
1376 788 1531 843 Balislavae
1557 795 1586 842 et

346 871 494 926 Goislavus
514 870 659 925 Theodori.

396 958 445 1012 Ea
464 958 583 1014 Archino
601 959 669 1026 reip.
690 961 855 1028 Rapasiaae.
880 959 1024 1015 Minoas.-
1042 961 1120 1015 Mon.
1139 961 1253 1017 Serbioc
1269 979 1298 1032 p.
1320 965 1354 1020 22
1372 964 1440 1032 arip.
1459 962 1528 1030 alno.

399 1113 525 1169 CCCXI.
552 1116 586 1168 A.
606 1117 789 1168 1234-1238.
814 1115 957 1171 Johanues
976 1116 1122 1184 Dandulus
1141 1134 1234 1172 comes
1253 1118 1367 1186 Ragusii
1385 1135 1448 1172 curn
1466 1119 1586 1172 nobilius

346 1207 374 1255 et
391 1207 451 1255 toto
469 1202 609 1256 communi
628 1201 771 1271 Ragusino
786 1203 882 1272 jurant
902 1204 960 1273 regi
983 1205 1068 1258 totius
1090 1205 1197 1258 Rassae
1215 1211 1242 1258 at
1260 1204 1415 1260 Maritimae
1432 1205 1585 1269 Vladialao‚

345 1289 420 1358 quod
440 1289 475 1342 ab
494 1287 626 1344 hodierna
644 1287 690 1343 die
702 1297 782 1344 amnt
795 1291 820 1345 ei
833 1307 943 1345 veraces
961 1292 1049 1355 amici,
1069 1293 1140 1346 sicut
1152 1292 1205 1345 iam
1220 1293 1296 1362 prius
1311 1293 1473 1361 juraverant
1490 1309 1585 1345 eorum

345 1375 435 1429 nuntii
453 1377 601 1430 Mathacua
619 1377 761 1444 Bobatiae‚
785 1377 934 1432 Cervasius
953 1379 1110 1434 Neimerius
1133 1385 1160 1433 et
1184 1381 1282 1434 Petrus
1302 1378 1337 1432 de
1356 1379 1464 1433 Stretta
1490 1379 1526 1432 Et
1545 1395 1585 1432 se-

345 1463 466 1518 cundum
494 1462 570 1532 quod
598 1469 656 1518 erat
682 1464 852 1519 consuetudo
881 1467 925 1519 avi
948 1466 1021 1534 regis
1044 1473 1071 1520 et
1097 1467 1183 1536 patris
1208 1467 1273 1536 ejus,
1301 1466 1396 1520 civitas
1424 1482 1487 1518 cum
1514 1470 1586 1518 terra

346 1549 467 1604 habeant
484 1551 573 1620 legem
590 1552 661 1604 inter
679 1567 709 1605 se
728 1551 762 1605 de
781 1551 808 1605 S.
829 1552 965 1606 Michaele
989 1569 1078 1620 usque
1096 1551 1131 1606 ad
1151 1551 1300 1620 Georgium
1333 1551 1488 1621 Subscripti
1506 1558 1586 1604 sunt:

347 1639 445 1691 Petrus
463 1637 620 1702 Ballistam,
638 1638 702 1692 Joh.
722 1637 855 1707 Bogdani,
875 1638 988 1692 Velcius
1007 1638 1155 1705 Bladimiri‚
1179 1639 1359 1692 Martinusius
1378 1636 1511 1704 Cervaaii‚
1531 1639 1586 1691 An-

347 1723 427 1778 dreas
440 1723 611 1789 Ballislavae,
630 1724 753 1778 Jacobus
767 1725 916 1792 Negamiri,
935 1725 1068 1778 Dabrana
1081 1725 1199 1790 Proculi,
1219 1723 1307 1779 Corne
1321 1725 1448 1789 Vitanae,
1469 1724 1585 1778 Michael

349 1811 482 1877 Pazauae,
510 1811 610 1864 Petrus
630 1810 741 1876 Stretta,
765 1811 890 1864 Marinus
910 1809 1058 1877 Calendae,
1083 1810 1224 1864 Grubeasa
1242 1811 1414 1876 Ballislavae,
1439 1809 1587 1865 Goislavua

251 1909 262 1928 ·
346 1895 491 1951 Theodori.
511 1897 691 1951 Confirmavit
708 1914 771 1951 cum
789 1914 869 1951 cruce
888 1897 1065 1951 Vladislavua
1084 1914 1148 1952 cum
1167 1897 1260 1952 divino
1279 1896 1416 1952 adiutorio
1434 1914 1483 1952 rex
1502 1899 1587 1952 totius

347 1988 436 2036 terrac
454 1981 488 2038 de
508 1983 604 2048 Rasna,
629 1983 784 2049 Dioclitiae,
803 1983 960 2048 Tribunus,
980 1983 1137 2037 Zaculmiac
1156 1989 1183 2037 et
1196 1983 1274 2052 jurat
1293 2001 1385 2038 coram
1404 1983 1542 2038 nobilibus
1561 1991 1588 2037 et

350 2070 489 2123 communi
508 2069 631 2137 Ragusii,
650 2070 726 2140 ipsos
743 2068 844 2124 habere
863 2086 913 2140 pro
933 2070 1027 2124 amicis
1046 2086 1197 2138 eorumque
1221 2071 1370 2140 privilegia,
1392 2087 1463 2140 quac
1482 2069 1517 2123 ab
1536 2087 1587 2126 avo

347 2161 376 2210 et
393 2161 471 2226 patre
490 2156 550 2225 ejus
568 2155 752 2222 obtinuerant
777 2156 971 2210 iuviolabiliter
995 2162 1096 2222 tenere,
1121 2155 1273 2211 dummodo
1291 2162 1319 2211 et
1336 2157 1388 2227 ipsi
1406 2157 1460 2211 hoc
1478 2157 1587 2212 faciant.

406 2243 527 2297 Weaaol:
548 2245 609 2297 Cori.
624 2244 699 2311 Dipl.
713 2245 782 2311 Arp.
795 2245 846 2296 XI.
860 2263 890 2310 p.
916 2248 973 2298 319.
997 2243 1174 2300 translatam
1193 2245 1226 2298 dc
1244 2243 1392 2298 Slaoom'co
1410 2246 1441 2298 in
1457 2239 1588 2300 latinum.

402 2401 544 2456 CCCXII.
564 2402 597 2454 A.
617 2401 798 2454 1234-1238.
818 2399 975 2470 Stephanus
994 2399 1156 2453 Vladislaua
1175 2416 1224 2453 rex
1242 2400 1328 2453 totius
1346 2405 1435 2454 terrae
1448 2399 1589 2467 chassa‚

348 2489 480 2554 Dioclise,
505 2487 669 2552 Dalmatiae,
689 2485 846 2552 Tubunas,
871 2486 1047 2541 zachulmiae
1066 2487 1143 2557 jurat
1161 2487 1310 2556 Ragusinis
1330 2486 1373 2540 avi
1391 2491 1419 2540 et
1438 2486 1522 2556 patris
1546 2487 1589 2540 aui

349 2576 451 2641 amicis,
477 2573 552 2643 quod
577 2573 613 2626 ab
637 2573 770 2628 hodierna
794 2573 847 2638 die,
871 2574 894 2628 si
913 2575 1037 2628 steterint
1060 2575 1084 2628 oi
1108 2576 1136 2628 in
1155 2579 1335 2640 sacramento,
1363 2573 1438 2642 quod
1453 2574 1589 2644 jurarunt,

350 2679 399 2716 eos
428 2661 456 2714 in
487 2659 615 2715 omnibus
645 2659 743 2712 dicbus
774 2661 831 2712 suia
852 2659 956 2714 tenebit
980 2661 1008 2714 in
1036 2662 1110 2715 orani
1136 2661 1251 2730 justitia,
1282 2677 1338 2729 qua
1367 2665 1515 2716 tenuerunt
1542 2677 1590 2714 eos

350 2763 418 2802 avus
437 2753 465 2802 et
483 2753 561 2816 pater
579 2745 638 2799 eius
657 2751 684 2799 et
702 2745 809 2799 nullum
827 2746 931 2799 malurn
950 2747 989 2798 eis
1008 2746 1097 2812 faciet,
1119 2745 1207 2802 donec
1226 2753 1281 2802 tres
1300 2747 1450 2801 sententias
1468 2763 1531 2801 curn
1551 2748 1590 2801 eis

349 2835 449 2890 lecerit

400 2923 437 2977 In
456 2919 567 2975 archivo
586 2921 655 2988 reip.
674 2934 840 2988 rapacance.
859 2919 907 2974 Ex
924 2919 1065 2973 slavonico
1084 2919 1255 2973 translatam
1273 2920 1304 2972 in
1323 2919 1450 2973 latinum.

402 3061 558 3116 CCCXIII.
584 3062 617 3113 A.
638 3061 820 3114 1234-1238.
845 3057 971 3112 Andreas
989 3074 1108 3127 magnus
1132 3074 1226 3114 cornea
1250 3057 1418 3114 chulmensis
1444 3057 1590 3127 paciscitur

349 3149 496 3206 amicitiam
515 3153 543 3202 et
562 3147 720 3200 societatem
737 3162 799 3198 cum
811 3144 831 3198 J
832 3161 922 3198 oanne
941 3143 1072 3199 Danduio
1091 3146 1190 3200 comite
1202 3145 1318 3214 Ragusii
1330 3149 1358 3198 et
1369 3149 1428 3200 tota
1440 3143 1591 3198 communi-

349 3243 406 3291 tate
424 3234 563 3302 ragusina.

401 3320 545 3376 Maitona:
565 3319 642 3373 Mon.
662 3317 775 3372 Serhica
790 3333 819 3385 p.
839 3321 881 3370 24.

401 3457 556 3514 CCCXIV.
575 3458 606 3511 A.
623 3460 804 3510 1234-1238.
824 3455 983 3510 Matthaeus
1002 3455 1136 3510 Ninoslav
1155 3456 1264 3510 Boanae
1283 3472 1400 3524 magnus
1418 3457 1508 3510 banus
1526 3473 1589 3510 con·

350 3547 441 3600 firmat
457 3545 560 3598 Joanni
574 3543 704 3598 Dandulo
723 3544 814 3598 comiti
835 3543 950 3610 Ragusii
963 3550 990 3596 et
1005 3544 1055 3597 toti
1074 3543 1265 3598 communitati
1284 3543 1398 3612 Raguaii
1418 3543 1589 3613 privilegium

351 3633 491 3696 libertatis,
517 3647 679 3684 concessum
704 3631 743 3682 eia
767 3647 784 3684 a
807 3630 911 3684 Kulino
936 3629 1009 3683 bano
1034 3630 1125 3699 quoad
1150 3629 1266 3682 liberum
1285 3629 1495 3694 commercium
1515 3635 1542 3682 ct
1568 3630 1590 3682 ai

350 3721 454 3774 Sarbua
472 3717 628 3787 quaerelam
649 3716 777 3770 habuerit
788 3722 883 3770 contra
896 3715 1025 3770 Latinum
1045 3717 1138 3784 (vlaht,
1163 3717 1233 3770 ferat
1248 3715 1384 3786 judicium
1402 3732 1503 3780 comes,
1522 3721 1549 3768 ot
1568 3716 1590 3768 ai

351 3806 468 3860 Latinus
478 3811 574 3858 contra
584 3803 709 3870 Serburn,
719 3802 856 3873 judicabit
868 3802 957 3856 banus
976 3803 1093 3872 Scripsit
1101 3803 1194 3857 Dcsoe
1206 3802 1373 3872 gramaticus
1384 3803 1447 3856 bani
1457 3801 1591 3856 Ninoalai.

401 3889 748 3946 Mia100tct2Moa.Sert.
769 3905 797 3957 p.
818 3893 860 3944 22.

402 4029 541 4085 CCCXV.
560 4031 591 4084 A.
605 4032 791 4082 1234-1240.
812 4027 971 4098 Stephanus
984 4027 1145 4082 Vladislaus
1158 4046 1205 4082 rex
1219 4029 1304 4083 totius
1323 4028 1432 4094 Rasiae,
1452 4027 1591 4091 Diocleae,

350 4119 513 4184 Dalmatiae,
532 4117 681 4170 Tribuniaa
699 4122 727 4170 et
740 4115 916 4169 Zachulrniae
929 4115 1074 4169 confirmat
1097 4116 1239 4186 privilegia
1257 4115 1406 4184 Raguainis
1425 4131 1557 4169 concessu
1575 4131 1591 4165 a

350 4213 428 4276 patre
446 4213 473 4260 et
491 4222 543 4260 avo
562 4221 621 4259 suo.

402 4292 559 4346 Mitlosicb:
577 4293 651 4346 Mon.
671 4289 783 4346 sertia
800 4309 827 4360 p.
848 4295 889 4344 25.

404 4431 556 4486 CCCXVI.
578 4435 611 4486 A.
624 4436 809 4488 1234-1240.
829 4429 988 4500 Stephanus
1002 4428 1162 4484 Vladislaus
1175 4447 1224 4483 rex
1237 4429 1350 4484 Serhiae
1369 4427 1481 4482 remittit
1499 4427 1591 4495 Ragn-

352 4519 420 4572 ainis
438 4503 640 4574 Zrnovnicense
658 4519 832 4573 territorium

406 4605 562 4660 Millonich:
583 4607 660 4662 Mon.
680 4606 793 4662 Sabina
808 4623 838 4675 p.
856 4610 899 4662 27.
