3464 5382
335 407 395 470 1OE
830 428 852 470 1.
876 415 1074 482 musmo,

387 589 564 648 coenavi
581 593 616 646 A.
634 595 713 646 1250.
737 591 898 663 Capitulum
921 592 1092 648 chaemensis
1115 592 1246 648 ecclesiae
1270 591 1413 664 significat,
1440 593 1516 664 quod
1539 595 1569 649 in

335 679 491 750 praesentia
509 679 545 734 ab
563 695 619 734 una
636 684 715 751 parte
732 679 831 750 mane
848 679 884 735 de
901 679 989 750 Garig
1001 679 1037 734 ab
1049 679 1134 734 altera
1148 679 1240 734 Micov
1252 687 1280 735 et
1291 679 1377 748 Mixa,
1396 679 1459 734 filiis
1471 681 1570 736 Druai-

334 768 404 839 alay,
423 772 451 822 et
468 767 533 821 filiis
558 766 673 834 Mikula
698 766 780 822 iidem
804 766 901 823 Milrov
918 773 946 822 et
964 767 1042 821 Mixa
1060 773 1088 822 et
1114 765 1162 821 filii
1181 767 1291 822 Miknla
1313 767 1433 823 confessi
1451 769 1514 836 sint,
1538 785 1569 825 se

332 861 433 910 terram
461 855 585 927 ipsorum
602 855 770 910 Poloziticha
786 855 840 926 ipsi
857 855 956 926 Dyane
984 861 1011 909 et
1038 855 1096 908 suis
1123 854 1288 910 haeredibus
1306 854 1470 920 vendidisse,
1498 857 1570 912 sicut

334 944 416 998 etiam
434 943 463 997 in
480 943 577 998 litteris
594 943 709 998 Henrici
732 942 838 998 comitis
857 941 1042 1014 Symegn'ensis
1065 942 1264 1005 continebatur,
1289 959 1340 1014 pro
1362 942 1451 997 trium
1468 945 1569 1000 marcis

333 1037 360 1086 et
377 1031 491 1086 semona
510 1031 586 1085 Meta
597 1031 694 1102 incipit
711 1047 728 1084 s
745 1029 829 1084 fluvio
841 1029 986 1098 Chasmae,
1005 1028 1069 1084 inde
1087 1047 1136 1100 per
1153 1045 1239 1084 unam
1248 1029 1377 1085 Malacha
1395 1029 1430 1086 ad
1449 1031 1569 1086 rivrrlum

332 1119 516 1184 Poloziticha;
539 1117 604 1173 inde
627 1117 663 1172 ad
687 1117 801 1172 dunum
818 1117 945 1184 Zemiclr‚
970 1117 1027 1172 exit
1050 1117 1127 1172 iuxta
1149 1123 1249 1173 terram
1273 1117 1372 1172 Paulin
1396 1123 1424 1173 et
1441 1117 1515 1173 cadit
1533 1119 1568 1174 ad

335 1205 449 1260 lindum
466 1203 637 1271 Zalatinnila3
661 1203 725 1259 inde
743 1221 792 1276 per
810 1203 906 1260 silvam
929 1205 1034 1268 Rasna,
1058 1210 1085 1260 et
1108 1206 1245 1260 transiens
1268 1205 1382 1260 flurium
1400 1205 1570 1262 Poloziticha

332 1291 406 1348 cadit
423 1291 459 1347 ad
476 1291 590 1348 fluvium
609 1290 736 1346 Ohasma

387 1379 477 1436 Oodrc
489 1379 559 1450 dipl.
570 1379 692 1448 patriar.
708 1381 736 1435 T.
754 1379 825 1449 Vll,
841 1395 870 1448 p.
884 1384 926 1432 39.
944 1381 990 1434 Ea
1003 1379 1261 1436 archioeconomus
1273 1379 1388 1451 llrdidy
1400 1379 1432 1436 ia
1442 1381 1568 1452 Galum

386 1535 580 1592 OOOLXVII.
599 1536 723 1608 spelaca
743 1537 904 1592 19111119·
923 1539 1001 1592 1299.
1027 1535 1171 1606 Regnante
1189 1535 1257 1591 Bela
1274 1535 1325 1591 1v.
1335 1553 1400 1606 rege
1418 1543 1446 1592 et
1462 1541 1568 1609 tempo-

332 1625 410 1680 ribus
428 1625 542 1695 Rugerii
560 1625 760 1696 archicpiscopi
778 1623 957 1695 Spalatensis‚
975 1623 1061 1680 nobili
1088 1624 1146 1679 viro
1163 1621 1282 1680 Widone
1299 1623 1443 1695 Vegliensi
1470 1625 1570 1680 comite

334 1711 469 1769 Vinodoli
486 1717 514 1768 et
532 1713 707 1767 Modmssiae
724 1727 757 1768 ac
775 1716 911 1782 potestate
934 1711 1051 1766 civitatis
1069 1712 1247 1782 Spmtensis.
1273 1712 1367 1779 Quum
1384 1711 1458 1767 idem
1476 1728 1569 1768 comes

334 1799 417 1856 Wido
436 1817 499 1855 cum
517 1799 662 1867 iudicibus,
682 1797 842 1855 consiliariis
860 1804 888 1854 et
905 1799 1100 1854 communitate
1119 1797 1284 1870 spalatensi,
1302 1805 1331 1855 et
1356 1799 1480 1854 similiter
1505 1816 1570 1856 cum

336 1886 484 1955 indicibus,
509 1887 671 1943 consiliariis
694 1892 723 1943 et
746 1886 942 1942 communitate
959 1885 1136 1956 Traguriensi
1152 1886 1180 1940 in
1199 1901 1299 1956 guerra
1315 1887 1436 1942 maxima
1454 1904 1504 1958 pro
1521 1887 1571 1944 ho·

333 1991 401 2030 nore
418 1989 536 2030 coronae
553 1973 646 2044 regiae
664 1978 693 2028 at
709 1973 841 2029 fidelitate
865 1973 1037 2028 observanda
1055 1980 1247 2045 permanerent
1264 1991 1327 2029 cum
1345 1973 1492 2028 Polliaanis
1510 1973 1570 2029 inti·

335 2061 444 2118 delibus
475 2060 565 2117 dictae
590 2076 715 2128 coronae,
740 2077 832 2117 comcs
850 2061 966 2116 Butteco
990 2061 1143 2116 maritimus
1166 2061 1256 2115 banus
1281 2060 1406 2132 premisit
1429 2067 1457 2116 et
1481 2077 1570 2117 sama·

334 2155 429 2204 mento
447 2164 477 2204 se
495 2148 627 2219 obligavit
650 2149 678 2203 in
703 2147 800 2204 eadem
826 2165 925 2219 guerra
951 2148 1030 2203 iuxta
1055 2147 1158 2203 dimum
1186 2153 1352 2220 potestatem
1370 2153 1398 2203 et
1415 2147 1571 2220 praedictas

335 2236 546 2292 communitates
565 2251 626 2291 esse
643 2243 672 2291 et
689 2251 872 2307 perseverare,
890 2241 918 2290 et
936 2235 1039 2292 eisdem
1057 2235 1215 2291 infidelibus
1227 2235 1318 2290 rivam
1326 2251 1455 2305 guerram
1472 2235 1570 2302 iacere,

334 2339 386 2379 nec
403 2329 530 2393 treguam
547 2323 591 2378 rel
608 2339 705 2394 pacem
724 2323 844 2394 aliquam
867 2323 989 2378 facturus
1007 2323 1060 2377 nisi
1077 2339 1215 2378 consensu
1234 2323 1444 2394 praedictorum.
1463 2321 1488 2375 E
1506 2338 1570 2376 con-

334 2427 414 2466 verso
437 2409 553 2482 predicti
577 2411 762 2480 promiserunt
785 2415 814 2466 et
836 2411 961 2466 iurarunt
982 2411 1011 2464 in
1035 2409 1109 2464 dicta
1130 2425 1230 2480 guerra
1248 2425 1417 2482 permanere,
1441 2425 1492 2464 neo
1511 2409 1570 2464 sine

336 2514 473 2554 consensu
500 2497 608 2552 comitis
625 2503 653 2552 et
671 2497 735 2552 bani
760 2513 857 2568 pacem
879 2497 970 2553 iacere
987 2497 1065 2552 veile
1087 2497 1168 2552 Haec
1186 2498 1279 2553 omnia
1297 2503 1361 2552 sunt
1378 2502 1460 2568 pacta
1477 2513 1569 2552 coram

335 2585 420 2640 fratre
445 2583 609 2640 Sebastiano
635 2583 725 2654 priore
748 2583 864 2640 fratrum
888 2583 1108 2655 praedicatorum
1132 2583 1167 2639 de
1185 2582 1301 2654 Spalato
1319 2589 1347 2639 et
1363 2583 1447 2639 fratre
1464 2583 1570 2640 Gessse

333 2678 361 2728 et
378 2672 496 2728 aliorum
513 2670 635 2726 fratrum.

385 2760 505 2816 Lucius:
522 2759 563 2812 Dc
580 2774 634 2828 rep.
655 2757 747 2814 Orcot.
766 2762 793 2812 et
810 2757 903 2812 Dalm.
924 2759 980 2813 lid.
999 2757 1215 2814 Sctwcadtocr:
1233 2757 1283 2814 SS.
1302 2761 1365 2826 111,
1382 2773 1410 2827 p:
1429 2761 1491 2812 292.

386 2914 595 2970 OGCLXVIII.
612 2915 699 2983 Apud
716 2915 820 2972 Ortam
836 2915 868 2970 ia
885 2915 996 2984 Sicilia,
1014 2929 1102 2970 mame
1119 2915 1224 2970 Martio
1242 2917 1317 2972 1239.
1339 2913 1502 2971 Manfredns
1520 2932 1570 2972 rex

334 3001 442 3059 Siciliae
459 3007 557 3058 notum
574 3002 647 3070 facit,
666 3001 741 3072 quod
759 3001 823 3058 licet
842 3003 926 3058 totius
949 3001 1106 3056 Dalmatiae
1123 3001 1248 3058 homines
1266 3002 1332 3057 olim
1349 3008 1446 3057 contra
1463 3009 1570 3074 patrem

333 3107 415 3146 suum
433 3097 461 3146 et
478 3089 573 3145 fideles
593 3090 651 3146 eius
670 3090 758 3144 multa
777 3091 899 3146 enormia
917 3089 1102 3144 commiserint
1119 3094 1147 3144 et
1166 3089 1283 3160 plurima
1300 3087 1403 3145 damna
1419 3090 1569 3158 intulerint,

332 3178 477 3250 piraticam
495 3177 649 3234 exercendo
667 3181 695 3232 et
712 3177 837 3232 homines
855 3177 933 3246 regni
951 3176 1061 3232 Siciliae
1079 3177 1233 3248 specialiter
1245 3175 1419 3244 offendendo,
1437 3177 1569 3247 quoniam

332 3270 425 3320 tamus
443 3263 550 3335 syndici
568 3264 752 3318 universitatis
771 3262 879 3334 Spalati
896 3263 1036 3318 venientes
1055 3263 1234 3334 personaliter
1258 3265 1451 3336 promisenmt,
1476 3270 1504 3319 et
1520 3281 1568 3320 no·

332 3351 406 3406 mine
437 3351 560 3406 omnium
590 3351 690 3406 civium
717 3365 830 3404 suorum
846 3350 981 3422 jurarunt,
1008 3350 1083 3420 quod
1110 3357 1206 3406 contra
1232 3351 1386 3421 regnicolas
1413 3352 1490 3422 regni
1509 3351 1568 3406 eius

333 3438 476 3508 piraticam
493 3437 653 3492 nullatenus
671 3437 814 3492 exercituri
839 3439 904 3504 sint,
927 3436 1053 3494 concedit
1076 3437 1151 3509 ipsis,
1176 3444 1208 3493 ut
1225 3439 1253 3494 in
1271 3438 1377 3494 dictum
1393 3455 1509 3508 regnum
1527 3438 1569 3496 Si·

336 3526 414 3582 ciliae
432 3542 496 3580 cum
524 3524 641 3580 navibus
669 3525 727 3580 suis
754 3525 822 3580 salvi
845 3531 873 3580 et
891 3525 981 3580 securi
1006 3525 1125 3593 veniant,
1152 3524 1355 3597 praecipiendo,
1382 3531 1414 3582 ut
1430 3525 1522 3582 nullus
1540 3527 1568 3582 in

333 3631 419 3684 regno
444 3629 492 3667 ees
516 3611 654 3668 offendere
677 3611 786 3668 audeat.
810 3612 916 3668 Datum
934 3630 983 3684 per
1007 3629 1106 3668 manus
1125 3612 1259 3670 Gualterii
1276 3613 1312 3669 de
1330 3613 1398 3670 Orta
1421 3629 1569 3685 regnorum

332 3701 488 3757 Jerusalem
508 3705 536 3756 et
554 3699 663 3756 Siciliae
680 3699 850 3756 macciano.

386 3787 505 3844 Lucius:
524 3789 566 3840 Dc
582 3787 674 3856 requie
692 3786 783 3841 Dalm.
803 3793 829 3842 ct
849 3787 941 3843 Oroat.
960 3786 1245 3844 merueramus:
1263 3787 1313 3844 SS.
1331 3787 1387 3844 ΙΙΙ.
1404 3803 1433 3857 p.
1454 3791 1515 3843 293.

386 3925 566 3981 ccccxix.
584 3925 732 3995 Laterani,
748 3927 773 3976 8.
792 3924 901 3993 Aprilis
919 3929 996 3979 1239.
1022 3925 1173 3996 Gregorius
1190 3925 1242 3980 IX.
1261 3943 1335 3997 papa
1353 3925 1389 3981 ad
1408 3927 1567 3998 petitionem

334 4014 442 4070 abbatis
466 4019 493 4068 et
511 4018 662 4068 conventus
686 4011 844 4067 monasterii
869 4011 1042 4067 cassinensis
1066 4013 1209 4068 ecclesiam
1227 4012 1255 4068 S.
1275 4013 1381 4068 Mariae
1405 4013 1441 4069 de
1458 4013 1569 4068 Raxata

332 4101 491 4172 Ragusinae
515 4099 657 4168 dioecesis,
681 4115 766 4169 quam
784 4115 818 4154 ex
837 4100 1013 4154 concessione
1038 4099 1126 4156 bonae
1150 4099 1299 4155 memoriae
1317 4099 1349 4154 R.
1369 4101 1567 4172 archiepiscopi

332 4189 466 4259 Ragusini
485 4194 513 4242 et
530 4187 643 4258 capituli
661 4187 712 4254 sui,
738 4185 885 4243 accedente
903 4203 1040 4243 consensu
1058 4186 1154 4242 Sabini
1177 4187 1286 4258 patroni
1311 4186 1450 4256 ecclesiae,
1475 4185 1568 4258 adepti

333 4275 451 4344 fuerunt,
469 4275 620 4330 confirmat.

386 4363 512 4418 Forluts':
531 4361 612 4432 ntor.
630 4377 700 4416 scer.
724 4360 771 4416 VI.
791 4365 846 4417 101.

386 4501 549 4556 OCCLXX.
576 4504 608 4555 la
626 4502 745 4572 Herem,
770 4505 809 4553 18.
827 4502 899 4556 Maii
913 4505 989 4555 1239.
1015 4500 1083 4556 Bela
1108 4499 1226 4554 1V.rex
1250 4499 1381 4565 notificat,
1405 4497 1483 4567 quod
1506 4512 1569 4554 oum

334 4590 448 4645 ecclesia
477 4589 698 4660 Wesprimiensis
724 4587 872 4659 quamdam
897 4594 997 4643 terram
1025 4587 1176 4655 Wynmich,
1201 4587 1282 4642 sitam
1305 4587 1375 4641 inter
1396 4585 1517 4640 Draram
1543 4593 1571 4642 st

342 4675 463 4730 Zaratku
480 4675 588 4743 dumos,
607 4674 768 4748 possideret
788 4675 812 4732 ei
831 4675 900 4730 adeo
918 4681 1060 4742 remotam,
1079 4675 1150 4730 sicut
1166 4673 1220 4730 loci
1237 4673 1384 4746 episeopus
1396 4675 1523 4743 maarai,
1540 4679 1572 4730 ut
