3488 5380
340 302 404 367 218
842 327 861 366 r.
883 312 1079 378 susurnnvrc,

387 489 578 546 nooxxxl.
606 489 722 560 Spalsti
738 495 764 544 ct
781 489 913 560 nepueu,
933 491 1010 545 1257.
1032 493 1129 554 15.t23.
1148 490 1255 544 nanu.
1274 489 1420 559 Bsgnante
1437 490 1507 544 Bela
1525 489 1578 544 IV.

335 595 408 648 rege,
427 576 600 648 temporibus
619 576 733 646 Rogerii
751 575 951 646 archiepiscopi
973 575 1155 646 spalatensis,
1175 576 1309 648 Stephani
1333 577 1398 631 bani
1423 575 1581 642 Slaronins,

335 666 446 721 comitis
465 664 615 730 (luidonis,
633 663 743 718 comitis
762 661 926 718 Modrussae
945 667 973 718 et
991 661 1124 718 Vinodoli
1137 665 1291 734 potestatis,
1305 663 1413 738 stsae
1425 664 1581 732 Michaelis,

336 753 411 807 Petri
431 749 687 820 Cerneche,Dobre
698 748 852 816 Dusaazae,
866 749 997 814 iudicum,
1015 747 1089 802 idem
1108 753 1233 819 potestas
1252 766 1316 803 oum
1334 755 1393 805 tota
1411 751 1582 806 comunitate

334 837 494 910 Spalatensi
511 837 715 892 constituerunt
733 836 864 906 providos
882 837 956 890 viros
974 836 1113 892 loannem
1129 835 1228 890 Vitalis
1241 841 1269 891 et
1281 835 1448 906 Gregorium
1468 837 1583 894 Grabae

336 943 404 982 suos
416 925 530 981 nuntios
550 929 577 978 et
595 927 789 994 procuratores
806 923 834 978 in
853 923 978 993 Ragonio
996 923 1031 979 ad
1050 923 1227 979 tractandum
1246 927 1274 978 st
1292 922 1498 980 terminandum
1516 941 1581 980 cum

334 1012 442 1068 Jacobo
462 1011 621 1068 (lentareno
640 1010 740 1066 comite
759 1015 787 1065 et
805 1015 864 1066 tota
882 1012 1051 1066 comunitate
1076 1010 1201 1080 Ragusii,
1225 1027 1310 1082 super
1334 1011 1462 1066 omnibus
1487 1014 1580 1068 causis

334 1106 362 1156 et
380 1099 499 1170 negotiis
519 1114 590 1169 quae
608 1098 772 1152 incumbunt
789 1097 860 1153 inter
878 1103 1027 1166 utrumque
1045 1113 1201 1152 commune.
1217 1098 1315 1152 Testes
1333 1097 1369 1152 ad
1388 1099 1442 1153 hoc
1460 1097 1582 1166 fuerunt,

336 1187 463 1243 Joannes
483 1185 622 1256 Oscayda,
641 1184 768 1241 Andreas
787 1184 914 1252 Michaoi‚
933 1184 1028 1240 Micha
1047 1183 1134 1238 Medii
1153 1184 1254 1239 etalii.
1273 1185 1350 1255 Opsa
1369 1185 1500 1240 Dabralia
1519 1202 1582 1240 exa-

336 1274 465 1329 minator.
484 1303 517 1314 -
537 1274 650 1328 Amicus
663 1272 826 1344 capellanus
838 1271 1045 1328 communitatis
1057 1270 1230 1341 Spalateusis
1244 1272 1368 1326 notarius
1387 1271 1506 1343 scripsit.
1529 1273 1584 1340 Qui

337 1361 489 1433 supradicti
507 1359 596 1437 nuntii
614 1375 678 1414 cum
696 1360 894 1416 communitate
912 1358 1028 1428 Ragusii
1047 1357 1082 1412 ad
1101 1357 1186 1413 talem
1204 1357 1379 1413 concordiam
1392 1358 1582 1414 devenerunt:

337 1448 421 1517 Quod
440 1465 475 1504 ex
494 1447 610 1519 Spalato
629 1449 647 1502 4
665 1447 731 1503 boni
756 1447 883 1504 homines
907 1447 1045 1517 eligantur
1064 1451 1092 1502 et
1109 1445 1224 1501 totidem
1243 1445 1278 1500 de
1296 1445 1429 1516 Rugusio,
1455 1446 1503 1516 qui
1528 1448 1585 1501 sint

337 1535 446 1591 iudices
464 1535 501 1590 ad
520 1535 614 1590 locum
632 1539 806 1606 consuetum,
820 1535 924 1590 scilicet
941 1534 977 1590 ad
996 1533 1151 1601 Stamnum,
1165 1532 1200 1590 ad
1213 1531 1337 1588 medium
1353 1550 1477 1588 mensem
1496 1533 1586 1588 Madii

337 1623 374 1678 ad
393 1639 490 1678 omnes
510 1623 687 1692 quaestiones
713 1621 872 1678 tractandas
890 1627 918 1677 et
935 1621 1123 1677 terminandas
1147 1626 1175 1676 et
1199 1621 1282 1676 stiam
1308 1621 1426 1692 praedae
1451 1625 1479 1694 et
1503 1620 1584 1677 roba-

338 1711 392 1765 rias
410 1709 604 1766 restituendas.
625 1710 669 1764 Ex
689 1715 766 1782 parts
784 1712 938 1765 communis
957 1708 1072 1778 Ragusii
1090 1713 1192 1764 testes:
1210 1707 1338 1762 Domava
1356 1706 1477 1776 Gueoer,
1495 1708 1587 1764 Theo·

338 1796 425 1852 dorus
451 1796 594 1865 Bobatiae,
619 1796 745 1852 Andrean
770 1795 875 1864 littere,
894 1793 1046 1851 Valcassus
1071 1795 1209 1864 Johannis
1234 1799 1262 1850 et
1285 1795 1445 1850 Demetrius
1469 1795 1585 1850 iudices.

338 1883 462 1940 Pascalie
480 1885 604 1940 notarius
623 1883 741 1956 scripsit.

393 1971 508 2040 mauis.-
527 1971 645 2028 Ls'stine.
665 1974 686 2024 I.
706 1987 735 2040 p.
753 1975 795 2025 87.

391 2109 595 2166 ucoxxxn.
615 2113 696 2168 1257.
713 2114 759 2166 28.
778 2109 892 2165 Martii.
910 2109 977 2164 Belo
995 2108 1048 2164 1v.
1066 2126 1116 2170 rex
1134 2114 1231 2164 notum
1247 2109 1319 2177 facit,
1337 2109 1412 2181 quod
1423 2165 1425 2170 ,
1436 2127 1499 2165 cum
1518 2118 1587 2183 post

340 2213 478 2252 recessum
496 2197 675 2252 Tartarorum
694 2195 729 2251 ad
748 2195 888 2266 quoslibet
908 2197 1056 2252 comitatus
1081 2197 1243 2252 revocandis
1266 2197 1374 2252 iuribus
1398 2199 1480 2252 castri
1505 2199 1586 2254 inde-

341 2284 397 2338 bite
416 2285 558 2355 occupatis
576 2283 700 2340 diversos
715 2283 826 2356 judices
850 2284 985 2350 missiset;
1003 2283 1074 2339 inter
1091 2289 1200 2338 caetera
1224 2283 1259 2338 ad
1279 2284 1441 2340 comitatum
1459 2285 1494 2340 de
1514 2285 1585 2340 Ger-

342 2371 443 2427 senche
462 2371 626 2442 magistrum
645 2370 725 2426 cusu
744 2371 894 2426 eunitarum
912 2371 993 2425 duxit
1010 2371 1260 2426 transmittendum.
1284 2371 1405 2428 Rediens
1429 2372 1466 2426 ad
1490 2389 1586 2444 regem

341 2458 432 2513 dictus
451 2457 532 2512 Chalr
550 2456 645 2513 retulit
664 2463 766 2514 terram
784 2457 932 2512 Girzincha
950 2457 986 2512 ad
1005 2458 1116 2512 tratrem
1142 2457 1280 2512 Gabriclis
1299 2458 1479 2528 jobngionom
1500 2463 1584 2516 castri

341 2545 487 2600 memorati
505 2545 542 2600 ab
560 2545 675 2616 antiquo
695 2545 809 2616 pacifica
829 2544 973 2616 possideri,
993 2561 1077 2616 super
1094 2561 1167 2615 quae
1184 2561 1272 2600 novae
1284 2535 1373 2601 metas
1385 2547 1464 2600 iuxta
1476 2551 1585 2602 veteres

341 2633 407 2688 fecit
425 2633 526 2688 elevari
545 2633 598 2688 sub
616 2632 709 2702 sigillo
727 2631 840 2702 capituli
859 2630 1047 2687 Ohasmeusis.
1070 2633 1163 2687 Prima
1180 2633 1264 2702 igitur
1287 2637 1361 2688 meta
1385 2633 1482 2704 incipit
1506 2635 1586 2689 iuxta

342 2719 458 2774 fluvium
477 2718 630 2786 Grizinoho,
651 2717 716 2773 inde
733 2718 761 2772 in
782 2719 911 2790 aquilone
936 2717 972 2773 ad
991 2719 1064 2773 viam
1082 2736 1154 2790 quas
1178 2718 1255 2774 vadit
1278 2720 1314 2774 ad
1338 2725 1460 2775 montem
1484 2721 1585 2791 Garig3

343 2805 487 2862 descendit
498 2806 526 2860 in
539 2806 658 2862 rivulum
670 2805 805 2876 Zumuga‚
814 2807 862 2876 qui
875 2807 959 2860 intrat
967 2807 1069 2861 flumen
1082 2806 1249 2874 Gresenche,
1259 2807 1324 2862 inde
1337 2824 1385 2878 per
1395 2807 1486 2862 varim
1496 2813 1587 2863 metas

297 2915 302 2926 ¹
342 2893 378 2950 ad
398 2894 522 2965 primam.

397 2982 463 3038 Ood.
481 2981 550 3050 dipl.
575 2981 691 3036 Patrius
714 2980 776 3036 VII.
794 2997 821 3050 p.
843 2985 879 3033 67
897 2996 930 3034 en
948 2981 1060 3036 archivo
1075 2995 1139 3036 com.
1157 2981 1271 3052 ardudy
1290 2998 1303 3036 e
1324 2982 1439 3038 Oroatia
1458 2981 1497 3038 ud
1517 2983 1586 3038 Gol-

341 3083 427 3138 pocaa
445 3068 592 3124 translato.

393 3189 615 3246 DOOXXXIII.
642 3194 720 3246 1257.
739 3195 781 3244 28.
805 3191 915 3246 Martii.
940 3191 1007 3246 Boia
1031 3189 1083 3246 IV.
1106 3207 1155 3246 rex
1177 3191 1309 3258 notificat,
1333 3191 1408 3261 quod
1431 3207 1496 3246 oum
1522 3197 1588 3264 post

342 3293 482 3333 recessum
509 3277 687 3332 Tartarorum
711 3275 747 3332 ad
771 3276 912 3348 quoslibet
935 3278 1081 3334 comitatus
1107 3295 1157 3348 pro
1181 3277 1344 3334 revocandis
1367 3277 1476 3348 juribus
1500 3279 1584 3333 castri

343 3364 465 3420 indebite
483 3363 634 3434 occupatis,
653 3363 777 3420 diversos
800 3364 906 3420 iudices
924 3365 1052 3432 misisset,
1074 3366 1144 3421 inter
1168 3371 1277 3421 caetera
1300 3365 1336 3420 ad
1361 3365 1523 3421 comitatum
1551 3365 1587 3420 ds

342 3451 501 3508 Gereenohe
519 3451 683 3520 magistrum
706 3451 782 3507 (lhao
807 3451 956 3508 ensiferum
980 3452 1062 3517 misit,
1086 3451 1156 3508 dans
1180 3454 1204 3506 ei
1228 3453 1257 3508 in
1279 3451 1417 3506 mandatis
1442 3456 1473 3506 ut
1496 3458 1585 3506 terras

344 3539 430 3593 castri
448 3537 601 3592 reambulet
625 3542 653 3593 et
677 3539 807 3609 pristinas
831 3545 920 3594 metas
945 3545 1089 3594 restauret.
1117 3539 1251 3609 Magister
1279 3539 1355 3594 Ohac
1382 3537 1476 3593 rotulit
1499 3543 1588 3592 torrss

344 3625 474 3682 Graditta
492 3632 520 3682 et
537 3625 635 3682 Tehno
654 3641 703 3696 per
720 3626 865 3698 Thomam,
884 3626 1062 3682 Desiderium
1080 3633 1108 3682 et
1127 3627 1282 3696 Ysumpnio
1300 3626 1373 3681 filios
1391 3626 1482 3680 Drase
1505 3625 1588 3695 joba-

343 3714 440 3784 giones
458 3711 524 3767 dicti
541 3714 625 3768 castri
644 3713 812 3785 abantiquo
832 3714 951 3786 pacifice
965 3713 1108 3785 possideri,
1127 3729 1246 3783 quorum
1271 3719 1360 3768 metas
1383 3711 1509 3768 distinxit
1533 3712 1587 3766 ita:

343 3800 437 3855 Prima
453 3805 528 3854 meta
545 3799 621 3856 vadit
641 3817 735 3855 versus
760 3800 919 3870 aquilonem
936 3800 972 3856 ad
990 3805 1092 3855 metam
1102 3805 1220 3856 terream
1235 3799 1361 3856 dividens
1379 3816 1442 3856 sam
1460 3816 1525 3854 cum
1542 3816 1588 3855 co·

343 3888 410 3942 mite
429 3885 597 3954 Wechelino‚
621 3905 671 3958 per
695 3888 794 3943 vallem
813 3887 850 3944 ad
868 3904 998 3958 campum
1025 3892 1053 3942 ot
1075 3887 1111 3942 ad
1139 3904 1269 3958 maguam
1292 3887 1374 3955 viam,
1398 3902 1447 3958 per
1470 3885 1588 3942 eandem

343 3991 439 4030 versus
462 3975 597 4028 orientem
616 3979 643 4030 et
661 3975 823 4030 denaoendit
847 3974 883 4030 ad
908 3975 1027 4030 rivulum
1050 3974 1211 4046 Golgonclr3
1234 3975 1299 4030 item
1324 3991 1420 4030 versus
1445 3973 1589 4029 meridiem

342 4060 468 4116 dividens
481 4065 583 4116 terram
598 4079 660 4118 oum
675 4062 756 4134 (llup,
769 4063 825 4119 itur
838 4062 874 4117 ad
886 4079 1017 4133 magnam
1030 4062 1126 4117 silvam
1139 4078 1313 4117 communem
1326 4067 1354 4117 et
1365 4061 1403 4115 ibi
1415 4061 1588 4116 terminatur.

343 4149 444 4204 Terrae
462 4149 568 4213 Tehno‚
587 4167 660 4220 quae
678 4152 798 4223 pertinet
815 4149 851 4206 ad
870 4150 1014 4218 Thomarn,
1032 4150 1120 4220 prima
1138 4154 1211 4204 meta
1224 4147 1322 4205 dividit
1342 4153 1444 4204 terram
1461 4164 1524 4203 cum
1543 4163 1589 4204 ca·

344 4237 504 4304 strensibus,
523 4255 573 4308 per
590 4255 721 4308 maguam
744 4238 845 4294 vallem
862 4238 898 4294 ad
917 4238 1075 4308 aquilonem
1094 4237 1130 4292 ad
1149 4239 1233 4292 alium
1256 4237 1377 4293 rivulum
1400 4236 1503 4307 Pribyn
1524 4241 1552 4290 et
1571 4253 1588 4290 a

343 4323 456 4379 moridie
475 4323 510 4378 ad
530 4341 661 4396 magnam
679 4325 753 4380 viam
771 4324 897 4380 dividens
915 4331 1017 4380 terram
1029 4341 1093 4380 oum
1112 4326 1211 4381 comite
1238 4323 1347 4380 Gardas
1371 4329 1398 4378 et
1422 4340 1472 4396 per
1497 4323 1588 4378 varias

343 4416 431 4466 metas
454 4410 490 4465 ad
514 4411 613 4466 silvam
637 4427 819 4466 communem.
846 4412 950 4466 Datum
970 4429 1018 4483 per
1036 4428 1135 4468 manus
1155 4411 1278 4482 magistri
1297 4411 1444 4482 Smaragdi
1465 4411 1588 4466 albensis

344 4498 495 4568 praepositi
512 4499 593 4554 aulas
612 4499 834 4555 vicecancellarii.

397 4585 523 4641 Ttaltil:
540 4587 615 4656 Mon.
635 4587 716 4657 episc.
735 4587 758 4640 1.
775 4603 806 4655 p.
826 4589 882 4641 115.
