3488 5380
706 369 850 410 nannenus.
1335 346 1393 410 211

154 540 182 589 et
200 536 228 589 in
248 535 380 606 planitiae
399 534 500 588 relictis
522 535 584 590 liliis
603 535 735 590 Psstuani
753 535 849 605 incipit
868 539 960 590 tenere
979 551 1042 589 cum
1060 541 1132 591 terra
1152 537 1251 608 choy
1272 537 1320 591 filii
1347 538 1399 592 Bo·

154 623 212 677 risa
231 627 259 677 et
275 621 351 677 cadit
368 621 396 676 in
415 637 529 692 parvam
549 623 656 689 vallem,
675 638 747 692 quae
760 621 837 676 ducit
853 623 881 676 in
901 623 1019 677 rivulum
1037 623 1186 691 Dcsnicha‚
1205 629 1233 679 et
1248 627 1399 695 pervarias

155 715 247 764 metas
267 710 466 764 iuxtaterram
487 709 593 779 Ooyani
616 715 644 763 et
661 709 761 763 vallem
786 709 935 764 Prcdelcch
959 709 1035 765 vadit
1057 709 1093 765 ad
1118 710 1189 766 duas
1213 719 1302 768 metas
1326 715 1400 767 Mar·

153 797 205 851 tini
233 797 341 851 comitis
369 802 397 852 et
414 796 485 864 Ude,
512 796 548 850 ad
574 801 675 851 metam
700 798 848 851 Montanus
873 802 901 850 et
928 813 977 868 per
1003 798 1104 852 siccam
1128 799 1229 854 vallem
1254 799 1301 853 ubi
1324 805 1400 856 tenet

155 899 221 939 cum
247 883 358 940 Olmich
376 884 454 938 iuxta
472 885 552 950 dam,
572 885 716 938 etiterum
734 883 769 938 ad
789 883 907 938 rivulum
927 883 1068 941 Desnicha
1086 891 1114 940 st
1130 886 1230 941 vallem
1249 886 1399 957 Hymelina

154 975 232 1027 tenet
249 977 337 1026 metas
355 987 418 1026 cnm
441 970 554 1025 Gordus
572 976 599 1025 et
618 971 761 1042 Stephano
786 971 917 1040 Ungar03
942 973 970 1026 in
994 971 1116 1042 quodam
1140 990 1252 1028 nemore
1276 974 1350 1030 cadit
1370 975 1399 1029 in

157 1058 309 1124 Greseuch,
331 1058 379 1128 qui
401 1057 546 1128 distinqult
570 1057 671 1112 limites
695 1058 882 1112 Grassanicha
905 1057 1036 1129 etssGaya
1062 1075 1112 1130 per
1139 1059 1282 1117 Oruseuch
1306 1069 1400 1118 antem

156 1146 250 1202 eundo
269 1146 393 1216 persenit
410 1144 557 1200 iterumad
576 1151 664 1200 metas
683 1145 797 1199 Martini
814 1145 923 1199 comitis
942 1151 970 1200 ct
989 1145 1025 1199 ad
1043 1163 1173 1218 magnam
1192 1151 1264 1205 viam
1282 1157 1310 1205 et
1326 1151 1401 1206 cadit

156 1235 185 1288 iu
211 1234 340 1301 Lesnam,
365 1231 508 1288 descendit
531 1233 558 1286 in
585 1232 739 1302 Ootynnam
760 1237 788 1288 et
810 1249 858 1303 per
875 1234 966 1288 vanas
984 1239 1071 1288 metas
1090 1235 1125 1290 ad
1152 1237 1259 1292 vineam
1284 1237 1351 1294 Jelk
1373 1245 1401 1292 et

155 1323 348 1393 possessiones
366 1320 479 1374 Martini
497 1325 524 1374 et
542 1318 663 1374 Grrdus.
681 1318 787 1374 Datum
804 1336 853 1390 per
865 1336 965 1374 manus
977 1322 1101 1391 magistri
1120 1323 1266 1395 Smaragdi
1278 1326 1400 1380 albensis

157 1409 309 1480 praepositi
327 1407 408 1463 arulae
426 1407 648 1462 vicecancellarii.

219 1515 337 1568 Wrnael:
358 1512 423 1568 (iod.
442 1512 511 1580 dipl.
531 1527 592 1580 orp.
623 1511 684 1566 VII.
712 1516 771 1566 424,
790 1516 880 1570 Habet
899 1529 1004 1585 quoque
1022 1517 1079 1571 cod.
1105 1517 1174 1586 dipl.
1195 1521 1309 1586 patrias
1340 1519 1399 1574 VII.

156 1607 200 1658 53.
219 1617 253 1656 en
272 1600 383 1655 arctico
402 1601 530 1655 comitum
550 1599 663 1669 Erdddy
684 1601 877 1670 Gaiyontcaosn
896 1603 991 1658 ctioto
1006 1619 1065 1658 cnm
1079 1604 1220 1674 aliquibus
1232 1606 1399 1675 differentiis

158 1693 301 1744 metarum.

209 1831 326 1885 DOGX.
346 1830 532 1886 isanricus
546 1830 709 1886 Novembris
727 1833 781 1896 (10.
800 1834 879 1898 Nou.)
898 1832 966 1886 Bela
984 1831 1035 1887 IV.
1054 1849 1103 1888 rex
1121 1837 1218 1889 notum
1236 1835 1309 1902 iacit,
1323 1835 1397 1906 quod

158 1935 223 1975 cum
248 1920 319 1973 inter
343 1917 492 1972 Hernicum
516 1919 646 1973 comitem
664 1917 866 1988 Symigriensem
884 1923 912 1974 et
934 1923 1088 1974 castrenses
1111 1920 1193 1976 metri
1220 1919 1402 1992 Symigiensis

156 2007 188 2060 in
208 2005 294 2075 Garig
313 2022 347 2060 cx
366 2022 422 2060 una
440 2010 525 2076 parte,
545 2011 573 2060 et
587 2003 753 2076 jobagioner
780 2006 863 2060 castri
888 2005 1068 2076 Symigiensis
1092 2007 1119 2060 in
1140 2007 1226 2078 Garig
1244 2025 1279 2063 ex
1306 2010 1400 2076 altera,

158 2094 208 2163 qui
226 2109 244 2146 a
261 2099 385 2164 tempore
404 2093 476 2162 regis
496 2091 642 2146 Oolomani
660 2091 750 2146 fratris
763 2095 836 2164 regis
856 2099 883 2148 et
901 2099 966 2148 ante
977 2095 1006 2148 in
1019 2094 1107 2164 Garig
1120 2084 1206 2150 terras
1219 2095 1402 2167 possederant

159 2196 246 2250 snper
263 2180 385 2234 terminia
404 2185 538 2234 terrarum
557 2195 670 2234 suarum
690 2181 798 2249 questio
816 2185 977 2249 verteretur,
1001 2199 1036 2236 ne
1060 2183 1088 2236 in
1114 2187 1196 2237 antea
1223 2189 1402 2254 &armentur

159 2269 305 2326 laboribus
323 2273 351 2324 et
369 2269 506 2338 expensis,
525 2267 630 2322 dictum
654 2268 802 2322 Hernicum
830 2269 959 2323 comitem
984 2270 1031 2340 qui
1056 2271 1115 2325 vico
1142 2285 1193 2324 sua
1216 2271 1402 2340 Pangrncium

159 2357 308 2414 officialem
327 2373 409 2412 suum
426 2355 462 2410 de
480 2355 567 2424 Garig
585 2355 620 2409 ad
638 2355 692 2410 hoc
719 2354 863 2426 deputavit
881 2361 908 2410 et
926 2357 1089 2426 magistrum
1116 2357 1296 2413 Benedictum
1323 2359 1401 2428 quin-

159 2445 409 2516 queecclesiensem
427 2459 483 2512 qua
501 2443 641 2498 hominem
660 2457 742 2496 suum
760 2459 810 2513 pro
829 2443 909 2498 metis
936 2442 1138 2514 distinguendis
1156 2445 1237 2500 duxit
1264 2447 1402 2501 transmit

158 2532 267 2587 teudos.
295 2533 339 2586 Ex
372 2529 473 2600 quibus
499 2529 697 2600 jobagionibus
729 2535 818 2584 metae
842 2535 977 2586 terrarum
1003 2533 1091 2598 Petri,
1119 2533 1259 2604 Gregorii,
1279 2535 1401 2602 Martini,

160 2619 374 2682 Bartohlomnei‚
387 2618 525 2672 Johannis
538 2623 565 2671 et
578 2617 715 2671 Dominici
725 2617 844 2671 liliorum
854 2618 978 2688 Berislcy
989 2618 1081 2673 taliter
1093 2619 1295 2689 distinguntur:
1308 2621 1403 2676 Prima

161 2713 236 2761 meta
253 2705 289 2760 de
306 2705 438 2760 Palichna
457 2705 551 2774 incipit
569 2721 604 2758 cx
622 2711 701 2774 parto
717 2709 806 2758 terrac
824 2706 948 2773 magistri
966 2707 1048 2776 Moys
1067 2706 1103 2760 ob
1122 2707 1226 2761 oriente
1251 2707 1329 2762 iuxta
1353 2708 1402 2764 lla·

160 2795 236 2848 vium
255 2792 365 2846 Cherna
382 2792 453 2846 Lite
471 2791 506 2846 de
524 2792 586 2846 loco
605 2791 653 2845 ubi
672 2791 729 2845 exit
747 2790 781 2845 de
800 2790 883 2844 fluvio
902 2793 929 2845 in
949 2809 1033 2846 unam
1057 2794 1155 2848 vallem
1174 2799 1202 2848 et
1220 2794 1346 2849 ascendit
1364 2795 1400 2850 ad

158 2885 263 2934 metam
281 2885 454 2950 separantem
474 2878 575 2932 limites
588 2878 674 2946 Garig
693 2884 720 2932 ct
739 2877 867 2945 Indench,
887 2885 914 2934 et
931 2880 1026 2934 relicto
1044 2881 1164 2935 Indench
1182 2881 1280 2951 incipit
1306 2887 1400 2937 tenere

160 2973 264 3022 metam
281 2983 345 3021 cum
364 2965 487 3022 Otrochlr
506 2966 663 3034 pervellem
682 2965 799 3020 Suhnalr
817 2965 961 3034 veniendo,
980 2983 1029 3037 per
1047 2984 1179 3037 magnum
1193 2968 1315 3037 spatium
1327 2969 1402 3022 cadit

161 3053 190 3108 in
208 3053 322 3108 flurium
342 3052 451 3107 Cherna
475 3051 560 3118 Lilra;
589 3050 688 3106 deinde
712 3051 856 3108 descendit
882 3053 917 3107 ad
945 3054 1036 3108 locum
1065 3053 1113 3108 ubi
1140 3054 1245 3108 rivulus
1269 3053 1403 3107 Polichna

160 3139 236 3194 cadit
253 3140 281 3193 iu
300 3138 417 3193 eandem
436 3138 574 3192 Chernam
593 3138 709 3200 Lilrama
727 3137 827 3192 deinde
847 3155 911 3193 vero
930 3139 965 3193 nd
985 3139 1056 3192 viam
1075 3139 1123 3193 ubi
1143 3145 1208 3194 sunt
1225 3139 1298 3195 duae
1311 3145 1402 3194 metae

161 3243 218 3281 una
240 3225 360 3280 liliorum
378 3225 501 3296 Berislay
519 3227 605 3280 altera
622 3227 650 3279 in
670 3225 801 3294 Otrochk,
814 3225 906 3280 eundo
925 3241 974 3296 per
992 3232 1099 3279 montes
1118 3231 1146 3280 et
1165 3226 1250 3281 valles
1268 3232 1296 3280 et
1307 3227 1397 3280 varias

163 3317 251 3368 metas
269 3319 374 3368 terreas
393 3319 421 3367 et
439 3313 569 3368 arboreas
587 3313 683 3382 incipit
701 3319 794 3366 tencre
813 3319 915 3367 metam
939 3329 1001 3367 cum
1023 3311 1135 3366 Teklisa
1162 3313 1190 3366 in
1216 3313 1286 3368 valle
1312 3313 1403 3384 Lypo·

163 3400 261 3471 wycha
278 3405 306 3454 et
323 3415 409 3470 penes
428 3399 546 3455 rivulum
564 3399 698 3454 Palichna
716 3399 808 3453 eundo
822 3402 878 3454 exit
890 3399 926 3455 ad
939 3399 1039 3454 vallem
1054 3398 1252 3466 Zuweruacha;
1265 3401 1404 3454 etiterum

163 3488 321 3558 pervarias
339 3493 427 3542 metas
446 3487 480 3542 ad
500 3493 585 3558 caput
602 3487 681 3542 vallis
700 3485 844 3542 Scuhadol
871 3493 899 3542 et
923 3486 997 3540 cadit
1023 3487 1051 3540 in
1075 3486 1194 3540 rivulum
1220 3485 1351 3541 Jaurows
1377 3493 1404 3541 et

162 3575 212 3629 ubi
231 3580 374 3644 reparatur
391 3593 408 3630 a
427 3581 517 3630 castro
536 3576 633 3646 incipit
649 3579 744 3628 tenere
762 3580 864 3628 metam
883 3591 945 3630 cum
970 3573 1071 3628 Ooletk
1089 3578 1116 3628 et
1142 3589 1191 3642 per
1214 3573 1287 3626 viam
1312 3575 1404 3627 cundo

162 3660 236 3716 cadit
253 3661 281 3714 in
299 3660 419 3714 rivulum
440 3661 568 3730 Zuoytln,
587 3677 636 3731 per
653 3659 775 3714 medium
793 3661 879 3714 silvae
902 3659 994 3714 eundo
1019 3660 1093 3714 venit
1119 3659 1154 3714 ad
1179 3667 1263 3730 caput
1290 3660 1403 3716 Blanice

161 3747 243 3804 etad
262 3753 363 3802 metam
382 3747 505 3816 Giglana.
527 3748 596 3802 item
616 3754 689 3802 meta
708 3754 795 3801 terrae
809 3747 911 3800 Ebrislr
925 3753 952 3801 et
965 3746 1108 3801 Lescbuch
1122 3747 1287 3814 (Lezcouch)
1306 3747 1404 3816 incipit

162 3836 199 3891 ob
218 3833 359 3889 occidente
378 3836 405 3888 in
423 3834 507 3888 fluvio
527 3834 612 3903 Garig
631 3833 722 3889 eundo
741 3834 934 3888 iuxtaterram
947 3833 1040 3887 Drask
1053 3849 1102 3903 per
1115 3835 1205 3887 varias
1218 3838 1306 3886 metas
1318 3834 1402 3888 intrat

162 3939 264 3991 aquam
277 3921 449 3992 Suplonicha
461 3927 489 3975 et
500 3923 575 3976 veuit
592 3921 627 3975 de
646 3921 762 3991 planicie
781 3921 816 3975 ad
835 3920 954 3975 rivulum
971 3921 1118 3975 Lizcouch.
1137 3919 1208 3973 Item
1227 3927 1315 3974 terrac
1335 3921 1403 3974 filio·

163 4025 224 4063 rum
247 4009 372 4078 Berislay
396 4009 543 4063 Disniche:
567 4009 664 4078 incipit
681 4009 759 4062 iuxta
777 4025 907 4078 magnam
926 4008 997 4060 viam
1014 4006 1090 4061 vadit
1108 4006 1144 4060 ad
1162 4006 1281 4060 rivulum
1289 4005 1308 4061 J
1310 4006 1404 4062 elsova

163 4102 192 4150 st
208 4095 244 4150 ad
263 4096 381 4150 rivulum
400 4096 537 4150 Lennicha
553 4096 668 4149 inferius
687 4096 714 4148 in
734 4095 867 4150 minorem
887 4094 1057 4161 Disuiolram,
1081 4093 1202 4148 tenendo
1229 4099 1317 4148 metas
1341 4111 1404 4148 cum

162 4184 226 4238 liliis
245 4184 393 4250 Peztovau‚
412 4185 469 4238 exit
486 4183 522 4238 ad
541 4183 640 4237 vallem
659 4183 825 4252 Scotachka,
843 4190 871 4237 et
890 4181 981 4236 eundo
1000 4198 1034 4235 ex
1052 4188 1129 4252 purte
1147 4181 1257 4236 Narbcr
1279 4181 1404 4236 ascendit

163 4271 199 4326 ad
219 4277 274 4324 tres
297 4275 385 4324 metas
409 4271 564 4339 angulares,
591 4287 640 4340 per
665 4271 755 4324 sarius
780 4275 868 4324 metas
892 4269 928 4323 ad
953 4267 1072 4322 rivulum
1101 4267 1248 4322 Zabordna
1275 4273 1303 4322 et
1327 4269 1406 4322 iuxta

163 4363 266 4414 terram
285 4357 435 4426 chhetae‚
455 4357 529 4412 cudit
547 4359 575 4410 in
594 4357 712 4411 rivulum
732 4357 847 4411 Detcha.
866 4357 937 4410 ltcm
956 4361 1044 4409 terrae
1064 4355 1181 4408 liliorum
1201 4354 1324 4426 Berislay
1350 4372 1405 4409 cm-

165 4444 260 4515 ptitiae
278 4461 295 4498 a
313 4444 376 4498 filiis
395 4444 515 4500 Wollran
534 4461 588 4514 que
615 4446 693 4498 iuxta
710 4445 828 4498 rivulum
848 4443 933 4512 Garig
945 4442 1041 4512 incipit
1059 4447 1162 4496 metare
1174 4457 1238 4495 cum
1251 4440 1337 4496 cnon.
1349 4446 1406 4496 No-

165 4531 286 4586 minatur
304 4536 332 4586 et
349 4532 418 4586 valis
436 4531 585 4587 Zalothnik
604 4530 678 4586 unde
696 4529 872 4586 descenditur
889 4529 925 4583 ad
944 4528 1063 4583 rivulum
1081 4527 1175 4597 Garig.
