3464 5382
375 407 437 474 178
874 429 896 470 ι.
911 413 1110 486 mummii,

424 591 531 649 Eadem
547 591 594 648 die
609 593 639 648 in
661 591 763 649 eodem
786 591 849 648 loco
876 597 1035 664 praecentet
1061 592 1187 663 Deeigna
1212 591 1315 650 eimdee
1342 593 1448 650 litterar
1475 593 1611 666 eplaeopo

371 677 544 736 Drimtenei
562 695 613 752 pro
631 677 745 736 Διιᾱιιιι
767 678 899 750 epiecopo
923 677 1084 747 Pollatenei,
1112 694 1183 751 quaa
1201 678 1247 736 ille
1265 677 1365 736 eadem
1381 679 1428 736 die
1445 680 1473 736 in
1491 681 1614 738 concilio

371 768 567 840 episcoporum
604 766 733 822 Andbari
762 781 856 822 coram
890 765 1023 838 episeopo
1052 765 1186 824 Svncenei
1214 765 1250 824 eb
1280 765 1412 840 epiecopo
1441 767 1617 826 Driveetenoi

371 861 673 1013 maffeiano-opto
702 941 831 999 Belierii
857 941 966 1000 oretlot
995 941 1141 1013 mutiet
1170 942 1233 1000 its.
1258 942 1291 998 ιἰι
1316 958 1377 1000 eaeo
1394 941 1562 1028 ¹collectione
1584 960 1615 1014 p.

372 1035 519 1090 111117.

421 1171 482 1230 DO.
500 1171 645 1243 Scodrae,
663 1170 696 1227 ιἰι
713 1171 793 1228 done
816 1169 940 1242 epncopi
958 1173 1000 1227 2⁷.
1018 1170 1129 1242 Apriiie
1146 1173 1223 1228 1251.
1244 1171 1385 1245 Deeeigna
1402 1171 1518 1230 nuntius
1539 1173 1614 1248 epia·

371 1259 436 1333 copi
453 1259 644 1316 Tribunieneie
671 1257 758 1316 Saleii
785 1261 943 1330 praecantat
967 1256 1116 1316 Scodrenei
1145 1259 1278 1334 epiecopo
1304 1261 1410 1318 litterae
1427 1260 1494 1317 dicti
1511 1259 1614 1318 Tribu-

369 1348 473 1405 nieneie
490 1347 623 1422 epiceopi,
640 1347 668 1403 in
687 1346 790 1418 quibrn
808 1345 898 1403 eidem
909 1363 945 1402 ex
956 1344 1089 1404 mandato
1107 1347 1209 1404 cummi
1229 1348 1367 1420 pontificis
1384 1349 1540 1406 iunocentii
1557 1349 1610 1406 IV.

368 1427 545 1509 praecipitur,
564 1441 596 1492 ut
612 1434 684 1490 inira
702 1434 825 1507 epatium
842 1439 905 1491 ecto
922 1434 1061 1490 mentium
1073 1451 1104 1491 ee
1117 1436 1279 1508 conspectui
1297 1436 1497 1510 archiepiscopi
1515 1435 1611 1509 Ragn-

371 1524 424 1580 eini
441 1539 505 1580 cunr
517 1523 625 1580 idoneis
637 1522 707 1580 ectie
719 1528 747 1579 et
760 1522 910 1596 privilegiis
922 1527 1088 1594 praecentet.
1106 1524 1209 1580 Actum
1226 1524 1420 1596 praecentibus
1438 1524 1610 1597 archipraes-

368 1609 467 1684 bytere
484 1609 606 1680 Andrea
624 1609 810 1684 praesbyteris
822 1609 899 1680 vito,
916 1609 1065 1668 Theodoro
1077 1616 1106 1668 et
1118 1611 1267 1684 Triphone.
1284 1611 1462 1670 Benacumur
1474 1613 1610 1668 uetadun.

419 1699 468 1756 ne
487 1699 675 1770 stemnpto
693 1698 821 1756 Balierie'
838 1697 947 1755 cretici
964 1699 1111 1770 &penei
1129 1699 1187 1756 ets.
1205 1700 1238 1756 ιἰι
1258 1715 1318 1757 oreo
1339 1701 1499 1758 volitatione
1513 1717 1544 1772 p.
1563 1704 1609 1756 19.

419 1839 497 1898 DOI.
523 1838 650 1910 Peruaii,
668 1841 691 1894 1.
710 1839 788 1896 irato·
807 1841 879 1895 1251.
906 1839 1069 1896 Leonardne
1087 1839 1124 1897 de
1141 1840 1274 1910 Turvieio,
1299 1840 1424 1909 clerium,
1442 1845 1607 1913 procurator

367 1927 568 2001 archiepiecopi
591 1927 736 1999 Ragueini
754 1927 798 1983 iue
822 1931 851 1983 et
868 1931 1034 1998 potentatum
1061 1928 1149 2000 ipeiue
1167 1928 1196 1984 in
1220 1927 1436 1985 Antibareneem
1462 1927 1609 1985 eooleeium

367 2015 395 2071 in
414 2015 555 2072 audienda
582 2015 695 2087 publica
722 2014 846 2084 allegans
874 2013 992 2082 obsistit,
1021 2031 1055 2071 ne
1082 2032 1131 2088 per
1148 2013 1254 2072 litterae
1281 2015 1397 2088 papalee
1419 2020 1517 2072 contra
1534 2016 1607 2088 epia·

367 2119 471 2176 copem
496 2103 651 2160 Arbenaem
680 2107 793 2176 propter
819 2101 1034 2159 inobedientiam
1052 2104 1111 2159 einr
1130 2103 1305 2175 suffraganeo
1324 2119 1375 2160 euo
1396 2103 1606 2176 archiepiscopo

370 2192 548 2248 Antiberensi
565 2191 654 2260 datae,
681 2191 755 2248 dicto
774 2191 983 2264 archiepiscopo
1007 2191 1151 2262 Regurino
1176 2191 1291 2263 aliquod
1315 2191 1512 2248 detrimentum
1530 2189 1606 2248 edie-

366 2285 450 2349 ratur,
468 2279 504 2336 ad
522 2279 598 2352 quod
617 2295 681 2351 pare
700 2279 787 2336 ultera
805 2280 831 2336 ei
848 2295 942 2335 cerem
969 2278 1071 2336 iudicio
1098 2279 1211 2335 firmiter
1238 2279 1381 2352 promittit,
1400 2278 1476 2352 qnod
1494 2295 1547 2352 per
1563 2279 1606 2335 lit·

366 2373 439 2426 teras
457 2367 613 2442 praedictae
632 2367 832 2440 praeiudicium
849 2368 958 2424 nudum
975 2368 1001 2424 ei
1019 2372 1174 2438 generetur.

417 2457 550 2514 Parieti:
568 2456 652 2528 illyr.¹
670 2471 742 2514 oce.
765 2455 812 2513 VI.
832 2459 891 2512 111.

417 2596 510 2654 non.
537 2595 680 2668 Venetiie,
707 2599 748 2650 11.
775 2596 853 2652 Maii
880 2599 955 2654 1251.
980 2596 1071 2667 Oapta
1098 2611 1163 2668 pera
1189 2596 1218 2652 in
1244 2595 1368 2666 cumdio,
1396 2600 1428 2651 ut
1444 2593 1603 2652 horninibue

362 2684 468 2742 Jadrae
485 2701 542 2741 non
560 2684 673 2740 tolletur
698 2682 806 2740 datium
829 2701 881 2756 pro
907 2683 1049 2740 communi
1074 2683 1110 2740 de
1136 2683 1283 2753 mercibne,
1310 2700 1383 2756 qnae
1404 2687 1558 2740 nmcuntnr
1575 2683 1604 2738 in

365 2789 460 2844 regno,
479 2777 508 2830 et
525 2773 581 2829 nint
597 2771 719 2829 abeolnti
736 2771 774 2828 ab
791 2772 859 2846 ipeie
876 2771 1037 2830 dationibus
1055 2770 1091 2828 de
1107 2771 1191 2828 rebue
1208 2772 1288 2844 regni
1305 2770 1404 2828 eodem
1420 2771 1514 2841 modo,
1532 2770 1605 2832 eicut

363 2859 488 2918 hominen
506 2859 695 2917 Venetiarum.

415 2945 533 3016 Medd:
551 2949 625 3004 lton.
644 2947 720 3004 Blae.
738 2963 803 3004 mer.
822 2950 844 3004 1.
863 2951 906 3002 80.

415 3070 523 3127 DOIII.
551 3074 626 3128 2251.
645 3086 734 3127 merae
751 3070 836 3127 Maio.
861 3070 1009 3126 Furcaeiue
1027 3070 1204 3142 praepositus
1221 3069 1519 3142 quinqneecclaeieneir
1536 3087 1602 3128 cum

362 3163 422 3216 toto
439 3159 563 3231 capitrdo
590 3162 715 3223 nentur,
742 3157 818 3230 quod
845 3158 943 3214 Fonch
970 3158 1082 3230 iobagie
1109 3157 1191 3214 cerui
1215 3157 1250 3214 de
1269 3157 1370 3216 Walko
1388 3175 1424 3216 ex
1441 3176 1498 3216 une
1514 3163 1602 3232 parte,

362 3246 483 3304 Michael
511 3262 576 3302 vero
594 3251 652 3302 tam
677 3263 728 3318 pro
745 3262 777 3302 ee
795 3264 880 3318 quam
897 3263 949 3318 pro
966 3245 1092 3302 Henrieo
1110 3245 1203 3315 fratre,
1221 3246 1284 3302 filiie
1311 3245 1430 3316 Nicolai,
1448 3251 1476 3303 et
1493 3247 1603 3304 Thema

361 3335 469 3402 comite,
497 3339 555 3390 tam
573 3349 624 3405 pro
642 3349 673 3390 ee
691 3349 776 3406 quam
803 3351 854 3406 pro
877 3334 960 3391 Petro
989 3333 1073 3390 iratre
1100 3351 1159 3402 auo,
1187 3333 1319 3390 iratribus
1345 3333 1485 3406 qnondam
1513 3333 1602 3406 Phyle

364 3422 525 3496 praepositi,
542 3439 578 3478 ex
595 3420 651 3477 alia
669 3426 756 3492 parte,
773 3421 919 3478 oonieeeue
937 3422 981 3490 eit,
1000 3419 1076 3493 quod
1094 3437 1159 3478 cum
1176 3420 1237 3492 ipae
1254 3437 1318 3476 cum
1330 3419 1479 3492 praedictio
1496 3425 1601 3478 terram

361 3507 503 3580 quendam
520 3508 623 3578 Menti,
641 3508 781 3564 Holmoeh
799 3507 909 3578 dictant
931 3509 960 3564 in
979 3507 1110 3581 parochia
1127 3507 1162 3564 de
1181 3507 1282 3564 Waliro
1300 3509 1392 3578 eitam
1419 3525 1470 3582 pro
1488 3509 1601 3582 triginta

362 3596 463 3652 murcie
492 3596 599 3666 argenti
628 3595 733 3652 ratione
761 3596 1007 3654 commetaneitatie
1034 3596 1162 3664 emieeet,
1189 3595 1218 3651 in
1245 3601 1301 3652 tree
1327 3611 1414 3668 equae
1441 3601 1534 3670 purten
1560 3596 1601 3653 di·

360 3682 517 3752 videndam,
536 3699 593 3740 una
610 3682 716 3748 Fench,
734 3683 789 3739 alia
806 3683 924 3741 Nicolao
944 3699 1009 3740 cum
1032 3682 1115 3740 fiune
1133 3687 1162 3740 et
1178 3683 1263 3739 tercia
1281 3683 1406 3740 Thomna
1423 3683 1518 3742 comiti
1535 3700 1601 3741 oum

360 3771 452 3840 Petro,
469 3771 530 3843 ipea
549 3769 682 3827 Nicolena
701 3785 781 3826 ruam
799 3771 908 3827 tertiam
925 3777 1030 3843 partem
1050 3771 1191 3827 Abraamo
1209 3787 1304 3828 eorum
1322 3771 1428 3828 eororio
1451 3788 1517 3828 cum
1539 3773 1600 3829 eine

360 3875 455 3916 oerore
480 3857 652 3915 tradidieeet:
680 3863 777 3930 poetea
804 3859 914 3931 placuit,
943 3858 1019 3931 quod
1046 3874 1127 3915 auam
1152 3859 1262 3916 tertiam
1288 3864 1395 3931 partem
1421 3859 1545 3917 Abraam
1572 3864 1602 3916 et

359 3947 484 4004 'l'homee
506 3945 601 4004 comiti
624 3961 688 4002 cum
710 3946 795 4002 fretra
820 3963 871 4019 pro
889 3947 986 4004 decem
1003 3947 1102 4004 murcie
1124 3945 1286 4016 vendiderit,
1304 3947 1388 4004 etita
1406 3947 1480 4004 venit
1498 3947 1535 4006 de
1552 3947 1601 4004 illa

358 4039 432 4092 terra
448 4033 582 4090 moliens
600 4032 636 4090 ad
655 4033 785 4100 Abraam,
804 4034 859 4091 alin
877 4051 942 4092 vero
960 4035 1083 4092 inomao
1101 4035 1196 4092 comiti
1214 4040 1242 4092 et
1259 4035 1343 4092 Petro
1361 4051 1516 4093 remanens.

413 4121 458 4177 Ec
476 4121 547 4178 cotio
563 4137 615 4192 per
632 4121 734 4178 tuorum
752 4121 917 4194 thceucry
927 4137 961 4179 en
972 4123 1085 4180 oreloioo
1100 4124 1179 4194 repet
1196 4123 1307 4180 oblatio.
1326 4126 1360 4179 N.
1372 4125 1405 4178 It
1418 4123 1453 4181 A.
1466 4123 1502 4180 F.
1520 4127 1599 4180 1501.

359 4223 419 4267 ero.
438 4213 480 4265 18.

409 4347 515 4406 nost.
533 4353 615 4406 1251.
636 4355 660 4406 7.
679 4349 762 4406 lolii.
780 4347 849 4406 Belo
859 4349 911 4406 IV.
924 4367 973 4407 rex
990 4355 1089 4407 notum
1107 4351 1181 4420 iacit,
1198 4351 1274 4423 quod
1292 4352 1367 4409 Erue
1383 4352 1515 4424 megieter
1533 4368 1599 4426 age·

357 4452 458 4494 aunum
476 4443 504 4494 et
521 4454 616 4495 oomee
628 4436 664 4494 de
682 4437 849 4509 Zolgagenri
867 4439 976 4511 (postea
994 4439 1218 4510 varardineneir),
1235 4457 1299 4498 cum
1314 4439 1435 4498 barbara
1451 4457 1520 4514 gene
1532 4441 1599 4498 Ter·

358 4529 481 4581 tarorum
498 4541 615 4597 regnum
639 4525 699 4582 ciue
726 4525 879 4590 invneieeet.
909 4529 1057 4598 praeclaris
1084 4526 1224 4585 fidelitatir
1252 4529 1378 4600 inriguiio
1401 4545 1496 4586 coram
1514 4529 1598 4601 regiis

358 4611 446 4668 oculie
462 4617 521 4670 tam
538 4611 792 4671 commendabiliter
817 4614 955 4685 enituerit
973 4621 1005 4672 ut
1022 4633 1086 4674 cum
1103 4617 1288 4674 medeeoente
1316 4617 1483 4676 acoemeto
1499 4633 1594 4690 regem

356 4698 495 4758 deiwtum
511 4717 647 4774 equorum
662 4699 766 4760 habue
789 4702 958 4775 contigisset,
984 4704 1045 4778 ipae
1062 4704 1153 4764 vivere
1176 4721 1346 4780 proponenr,
1364 4712 1393 4764 et
1409 4705 1494 4764 vitam
1512 4707 1587 4779 regia
