3376 5350
312 443 378 510 450
813 453 833 496 r.
851 440 1059 510 nummavrc,

314 633 407 690 diante
435 633 578 705 privilegio
605 632 809 688 Bartholomaei
839 633 957 690 condam
982 637 1103 708 episcopi
1123 635 1352 707 vesprimiensis,
1381 636 1463 692 aliam
1493 653 1560 692 vero

315 728 415 778 terram
435 739 513 776 suam
533 723 604 778 inter
622 721 744 778 Dravam
763 727 790 776 et
808 722 917 777 Musam
942 721 1115 794 adjacentem
1134 729 1162 778 et
1179 725 1325 794 aquisitam
1345 724 1484 781 mediante
1504 729 1561 798 pri·

314 812 415 882 vilegio
435 810 568 882 Stephani
587 809 704 865 condam
723 812 797 880 regis
815 827 979 881 possessam,
998 812 1167 882 assignasset
1191 811 1280 866 eidem
1299 814 1378 867 uxori
1399 829 1473 868 suae.

369 897 434 953 Coei.
453 897 523 966 dipl.
539 899 654 966 patrius
676 897 742 952 VII.
756 913 786 966 p.
803 901 864 953 247.

365 1021 671 1076 bimaritimum,
696 1025 737 1076 12.
756 1023 840 1077 Maii.
866 1022 1027 1092 Capitulum
1051 1022 1330 1094 Quinqueeclesicnse
1355 1031 1452 1078 notum
1480 1023 1559 1089 facit,

313 1109 388 1180 qnod
407 1126 498 1164 comes
516 1109 640 1164 Jacobus
658 1109 732 1164 filius
750 1110 890 1164 Ambrosii
909 1108 943 1164 de
962 1126 1062 1179 genere
1075 1109 1221 1180 Nempchy
1232 1110 1268 1164 ab
1281 1127 1336 1164 una
1349 1111 1433 1182 parte,
1448 1112 1558 1168 Hector

313 1205 341 1251 et
360 1195 456 1251 Chosis
474 1197 524 1250 filii
542 1187 667 1268 magistri
686 1197 847 1268 Herborthy
865 1196 913 1250 filii
933 1198 1041 1251 comitis
1064 1195 1171 1251 Nicolai
1197 1199 1231 1252 ab
1254 1197 1340 1252 altera
1362 1199 1481 1254 confessi
1501 1201 1560 1254 sint

314 1285 388 1356 quod
409 1301 492 1355 super
509 1285 639 1339 omnibus
658 1283 899 1350 destructionibus,
919 1284 1036 1352 damnis,
1055 1285 1294 1354 captivationibus,
1319 1287 1478 1341 vulneribus
1497 1287 1557 1342 sive

308 1371 402 1444 'plagis
422 1371 602 1442 quibuslibet3
621 1371 687 1426 item
706 1387 790 1442 super
808 1371 881 1426 sacto
895 1372 993 1427 dotum
1007 1389 1152 1442 rerumque
1165 1371 1376 1442 paraiemalium
1390 1374 1425 1428 ab
1438 1381 1560 1444 utraque

311 1465 389 1531 parte
407 1459 575 1526 debentium,
594 1459 751 1530 specialiter
768 1476 850 1530 super
868 1459 942 1513 sacto
961 1459 1034 1514 dotis
1053 1459 1180 1514 dominae
1203 1460 1313 1515 relictae
1335 1461 1459 1530 magistri
1482 1459 1558 1514 Her·

311 1546 418 1616 borthy,
437 1547 503 1600 item
522 1563 605 1616 super
623 1553 710 1602 morte
730 1547 772 1601 vel
790 1547 947 1614 homicidio,
967 1554 1191 1617 caeterarumque
1210 1547 1409 1602 discordiarum
1427 1548 1556 1602 articulis

312 1633 432 1688 subortis
452 1640 480 1688 et
498 1633 581 1688 illatis
599 1650 687 1703 usque
706 1633 797 1700 modo,
816 1635 843 1688 in
863 1641 1012 1704 conspectu
1031 1635 1107 1702 regio
1124 1635 1195 1688 inter
1213 1643 1304 1704 partes
1324 1637 1482 1690 vertebatur
1499 1653 1560 1690 ma·

311 1723 380 1777 teria
398 1722 575 1792 quaestionis,
595 1722 746 1776 secundum
774 1722 917 1776 arbitrium
948 1721 1071 1790 magistri
1095 1721 1184 1774 Karul
1208 1721 1257 1776 filii
1277 1723 1385 1777 comitis
1410 1722 1556 1778 Benedicti

311 1809 346 1863 de
365 1808 476 1876 Orman,
494 1811 560 1862 item
580 1808 714 1879 Stephani
731 1817 759 1864 et
778 1809 913 1864 Priboslai
932 1809 1052 1862 filiorum
1071 1809 1180 1864 comitis
1198 1807 1341 1880 Stephani,
1359 1810 1492 1866 nobilium
1521 1811 1558 1866 de

311 1895 462 1966 Cheredey,
481 1897 548 1950 item
566 1895 685 1950 Dionisii
704 1896 752 1950 filii
768 1896 910 1952 Benedicti
931 1897 965 1950 de
984 1895 1115 1965 Peturdy,
1134 1897 1201 1951 item
1219 1896 1342 1952 Orualch
1360 1897 1556 1968 lilii'Ylamar‚

311 1991 339 2038 et
357 1982 480 2038 Cervasii
499 1983 547 2038 iiiii
566 1983 656 2038 Petha
673 1984 806 2040 nobilium
826 1985 860 2040 de
878 1983 1033 2055 Nempchy,
1053 1983 1118 2038 item
1144 1984 1252 2038 comitis
1277 1983 1428 2054 Homoney
1451 1990 1480 2038 et
1503 1985 1560 2040 La-

312 2070 392 2125 dislai
411 2070 531 2126 filiorum
551 2070 696 2126 Michaelis
715 2071 749 2126 de
767 2071 885 2142 Thopod
912 2071 1085 2142 aliorumque
1112 2071 1247 2126 nobilium
1272 2071 1557 2142 comprovincialium,

311 2159 364 2214 sibi
383 2161 501 2214 invicem
521 2167 618 2214 mutuo
637 2157 838 2213 satisfacientes
857 2164 1018 2230 perpetuam
1031 2175 1128 2228 pacem
1147 2175 1176 2214 se
1194 2157 1296 2214 habere
1309 2158 1398 2226 (velle)
1409 2165 1477 2214 sunt
1489 2175 1558 2213 con·

311 2247 385 2316 fessi,
404 2253 432 2301 et
450 2246 526 2316 quod
544 2253 641 2300 neutra
659 2247 778 2317 partium
797 2246 911 2300 alteram
930 2246 1029 2300 abhinc
1045 2248 1072 2298 in
1085 2253 1226 2316 posterrun
1245 2263 1328 2318 super
1347 2246 1427 2301 dietis
1446 2247 1559 2316 injuriis

311 2336 412 2406 poterit
431 2333 585 2388 molestare.
606 2333 676 2388 item
696 2351 779 2404 super
797 2335 871 2391 sacto
890 2333 1104 2404 possessionum,
1123 2333 1228 2388 scilicet
1246 2333 1410 2401 Keruzthur,
1424 2351 1495 2404 quae
1508 2341 1557 2389 est

312 2425 340 2476 in
358 2420 468 2488 Zelisio,
488 2429 566 2475 scent
584 2420 638 2475 Cal
656 2422 683 2475 in
703 2421 819 2492 Woyzlo
837 2429 865 2478 et
883 2422 993 2490 Rauen,
1007 2421 1112 2474 ratione
1131 2437 1248 2490 quarum
1267 2422 1338 2476 iuter
1355 2428 1448 2492 partes
1467 2429 1559 2477 verte—

310 2509 393 2564 batur
411 2510 544 2579 quaestio,
564 2508 766 2564 concordarunt
789 2511 817 2565 in
843 2511 917 2564 hunc
942 2508 1063 2576 modum,
1093 2507 1168 2579 quod
1192 2509 1306 2563 eaedem
1331 2516 1419 2564 terrae
1442 2507 1557 2565 Jacobo

312 2597 369 2652 tilio
396 2596 535 2651 Ambrosii
563 2597 591 2650 in
618 2603 783 2667 perpetuum
815 2597 880 2652 dicti
908 2599 957 2653 tilii
985 2597 1108 2668 magistri
1142 2595 1304 2666 Herborthy
1331 2597 1461 2652 cederent
1490 2616 1558 2652 cunr

312 2685 441 2740 omnibus
458 2683 545 2738 literis
564 2691 592 2738 et
610 2684 760 2754 privilegiis
780 2702 863 2756 super
881 2686 990 2740 easdem
1010 2693 1096 2739 terras
1114 2685 1285 2738 sonantibus.

369 2771 444 2840 Θήρ.
462 2771 494 2824 s'n
512 2787 586 2842 perp.
605 2787 639 2824 en
657 2771 816 2827 collectione
835 2773 972 2828 Reciosloi
990 2771 1120 2842 Lopoiic.

364 2893 589 2948 MDLXXXIII.
608 2893 779 2964 qurabiae.
792 2897 868 2947 1296.
880 2896 922 2948 23.
937 2893 1020 2946 Maii.
1034 2893 1195 2963 Capitulum
1215 2893 1347 2950 ecclesiae
1360 2895 1560 2966 Zagrabiensis

310 2981 437 3048 affirmat,
457 2979 531 3050 quod
550 2980 696 3034 Mathaeua
715 2979 789 3034 filius
807 2979 910 3034 Detrici
930 2979 964 3034 de
983 2996 1084 3050 genera
1106 2981 1185 3034 Acha
1211 2982 1239 3035 in
1253 2983 1302 3053 jus
1320 2987 1466 3037 vocaverat
1491 2985 1561 3038 civi·

312 3075 397 3123 tatem
415 3069 520 3122 ratione
539 3073 626 3122 terrae
645 3067 776 3136 Sviblian,
795 3085 827 3122 ac
846 3067 945 3122 deinde
963 3069 1064 3121 actioni
1091 3074 1117 3120 ct
1141 3069 1192 3120 iuri
1212 3085 1263 3122 suo
1288 3071 1371 3124 cessit
1394 3069 1559 3140 relinquens

312 3173 372 3211 eam
399 3161 431 3209 ut
454 3161 536 3209 antea
561 3156 663 3210 civitati
688 3155 891 3224 possidendam.
918 3155 1065 3210 Civitatem
1091 3161 1314 3224 repraesentarunt
1339 3155 1442 3227 Cilyon
1470 3157 1564 3212 maior

312 3243 402 3310 villae,
421 3243 460 3296 sir
484 3241 592 3308 Mario,
612 3242 712 3296 Petrus
735 3242 898 3312 Scandalay,
919 3243 1038 3296 Miclrael
1057 3243 1189 3296 Bissenus
1215 3249 1243 3297 et
1269 3244 1400 3312 magister
1426 3243 1564 3300 Clemens

313 3331 387 3385 cives
406 3331 487 3384 castri
502 3330 655 3384 Grecensis.

370 3417 595 3471 Trallianos.
616 3417 690 3470 civit.
709 3419 794 3487 Zcqr.
815 3418 844 3471 Τ.
863 3419 887 3472 Ι.
906 3435 933 3488 p.
952 3422 993 3470 76.

364 3575 844 3631 MDLxxxiv.vsnstiis.1eoo.
865 3579 906 3629 30.
932 3575 1017 3628 Julii.
1044 3575 1115 3628 Cum
1140 3576 1167 3628 in
1192 3575 1281 3644 pactis
1305 3574 1444 3644 Rugusiae
1468 3577 1563 3630 conti-

313 3669 411 3717 neatur
437 3663 507 3716 inter
532 3669 648 3728 caetera,
676 3662 751 3733 quod
775 3662 914 3732 Ragusaei
940 3662 1043 3716 dehent
1066 3678 1126 3716 esse
1150 3661 1254 3715 franchi
1279 3661 1313 3716 de
1340 3663 1562 3718 mercationibus

313 3749 466 3816 Slavoniae,
486 3756 567 3820 capta
586 3748 639 3804 fuit
658 3767 720 3820 pars
739 3750 850 3803 maioris
878 3749 992 3816 consilii,
1013 3747 1088 3818 quod
1107 3747 1270 3803 vicedomini
1289 3749 1436 3804 observent
1459 3747 1561 3820 Ragn-

314 3837 385 3891 saeis
404 3836 478 3890 dicta
495 3843 584 3906 pacta.

366 3923 483 3990 hjubic‘:
501 3924 579 3978 Mon.
599 3925 623 3979 I.
640 3941 670 3992 p.
690 3927 748 3978 1⁸8.

365 4063 573 4118 MDL'XXXV.
594 4067 670 4117 1296.
688 4069 731 4118 29.
752 4064 882 4133 ,tractasti
902 4064 1027 4118 Andreas
1046 4063 1097 4118 ΙΙΙ.
1118 4081 1166 4118 rex
1191 4063 1227 4118 ad
1253 4064 1414 4132 petitionem
1443 4065 1562 4118 comitis

311 4151 388 4206 Mire
413 4151 462 4205 filii
486 4151 585 4223 Raduu
605 4152 750 4206 confirmat
777 4152 800 4204 oi
827 4151 1002 4205 collationem
1027 4159 1161 4205 terrarum
1186 4151 1215 4203 in
1241 4150 1374 4220 superiori
1399 4149 1562 4220 Hungaria,

312 4240 444 4294 comitatu
464 4239 498 4292 de
516 4239 646 4308 Thyrocz,
659 4239 769 4304 factam,
789 4238 966 4292 considerans
979 4238 1126 4292 fidelitates
1145 4243 1172 4292 et
1190 4237 1364 4291 servitiorum
1377 4237 1473 4291 merita
1495 4239 1564 4307 ejus

312 4344 383 4396 quae
401 4328 429 4380 in
443 4327 570 4380 omnibus
583 4326 805 4396 expeditionibus
818 4326 951 4388 exhibuit,
964 4328 1083 4381 maxime
1096 4328 1123 4381 in
1137 4325 1341 4396 expugnatione
1354 4325 1437 4379 castri
1449 4325 1565 4380 Adriau

312 4415 359 4468 uhi
378 4431 433 4468 una
452 4431 515 4468 cum
534 4415 616 4468 fratre
641 4431 692 4468 suo
712 4414 801 4483 Bytov
820 4414 911 4467 estitit
929 4414 1066 4468 lethaliter
1084 4415 1251 4478 vulneratus,
1271 4411 1416 4486 attendens
1443 4413 1565 4484 insuper

312 4501 386 4572 quod
405 4501 479 4555 idem
498 4518 589 4555 comes
608 4503 684 4555 Miks
703 4509 823 4555 castrum
842 4502 950 4571 Posega
970 4501 1004 4555 de
1017 4503 1092 4571 regio
1106 4499 1236 4554 mandato
1250 4499 1367 4553 fideliter
1380 4501 1561 4555 conservavit

311 4590 458 4642 restituens
476 4589 566 4657 ipsum
586 4588 749 4642 Catherinae
766 4588 846 4641 matri
865 4589 945 4656 regis.
964 4587 1069 4642 Datum
1087 4604 1136 4658 per
1154 4605 1253 4642 manus
1270 4586 1408 4642 Theodori
1429 4589 1561 4659 episcopi

310 4675 328 4730 J
331 4676 464 4730 auriensis
482 4675 561 4728 atilae
579 4675 803 4730 vicecancellarii.

363 4762 463 4831 cher:
484 4761 549 4816 Cod.
569 4761 638 4832 dipl.
659 4763 689 4816 Τ.
713 4763 761 4816 VI.
780 4761 830 4817 voi.
850 4763 893 4817 Π.
912 4780 939 4832 p.
957 4765 999 4815 36.
