3376 5350
345 309 411 376 422
849 315 868 358 1.
881 301 1091 374 nasoniano,

346 516 412 555 suae
431 501 565 569 Agapyae
583 497 649 553 fecit
666 501 871 562 testamentum,
891 495 966 566 quod
985 501 1048 565 post
1066 494 1174 550 obitum
1193 495 1252 550 eins
1270 496 1362 550 omnia
1376 495 1440 548 eius
1453 496 1535 549 bona
1555 509 1605 550 sta

346 587 412 642 bilia
439 588 550 641 veniant
576 585 613 639 ad
640 602 738 640 manus
762 586 934 654 pitroporum
960 600 1010 638 seu
1035 583 1285 637 commissariorum
1304 583 1401 652 ipsius,
1421 584 1472 652 qni
1502 583 1604 637 debent

346 674 412 728 dare
430 675 572 728 annuatim
590 673 720 728 iratribus
742 672 896 726 Minoribus
915 689 935 726 a.
956 670 1049 724 Savini
1063 671 1097 724 de
1111 671 1192 724 Daxa
1205 686 1300 724 omnes
1318 669 1447 724 redditus
1466 670 1506 724 de
1526 671 1607 724 dicis
1678 657 1679 676 ¹

346 762 569 832 possessionibus
592 761 721 814 detractis
745 760 882 828 expensis.
902 759 938 812 Et
957 759 980 812 si
997 757 1095 813 iratres
1113 759 1205 812 locum
1225 765 1253 812 et
1271 760 1473 812 monasterium
1496 759 1606 813 deserc-

345 856 414 915 rent,
433 847 633 903 distribuantur
651 849 725 902 bona
750 864 799 916 pro
823 847 916 900 anima
940 847 999 900 eius
1024 853 1052 900 et
1079 845 1173 900 uxoris
1201 846 1355 900 secundum
1380 847 1537 900 consilium
1559 849 1607 900 mi-

345 937 423 990 nistri
443 935 476 990 fr.
496 935 637 988 Minorum
655 935 812 1004 provinciae
826 933 980 988 Slavoniae.
1000 933 1193 988 Possessiones
1205 933 1258 988 hae
1270 932 1396 988 fuerunt:
1411 934 1520 988 domus
1534 953 1607 1005 quae

346 1023 467 1078 confluat
485 1039 548 1076 cum
575 1021 657 1076 domo
683 1020 821 1086 Gbetaldi,
845 1021 954 1090 nepotis
973 1020 1031 1074 eius
1059 1029 1086 1074 et
1105 1037 1168 1074 cnm
1187 1021 1271 1074 domo
1290 1020 1394 1074 Vitalis
1412 1023 1510 1092 neptis
1531 1025 1608 1077 eius:

345 1113 412 1166 item
431 1112 511 1164 vinea
529 1115 557 1164 et
575 1117 648 1164 terra
666 1107 778 1162 Rossini
796 1107 830 1161 de
850 1108 956 1162 Bellem
974 1125 1058 1178 penes
1077 1109 1184 1164 vineam
1202 1108 1329 1162 Halalavi
1348 1107 1383 1162 de
1402 1108 1517 1172 Crossi;
1539 1111 1606 1164 item

345 1200 426 1253 vinea
444 1205 472 1252 et
490 1205 562 1252 terra
580 1197 608 1249 in
629 1196 718 1250 Breno
737 1213 807 1266 quae
826 1196 988 1250 terminatur
1013 1213 1076 1249 curn
1101 1197 1187 1250 vineis
1214 1195 1315 1250 Marini
1333 1195 1508 1263 Prodanelli,
1529 1197 1607 1250 Petri

346 1285 380 1340 de
398 1284 528 1338 Prodano
553 1291 581 1338 et
605 1301 626 1337 ι.
652 1283 797 1336 Michaelis
822 1281 855 1336 de
879 1282 964 1350 Labe,
989 1299 1072 1352 quam
1097 1283 1180 1337 habet
1199 1283 1325 1338 Marinus
1350 1282 1385 1336 de
1410 1283 1607 1354 Boccignoln:

344 1374 411 1428 item
437 1373 516 1426 vinea
541 1377 568 1425 et
595 1377 683 1426 terrae
707 1371 735 1424 in
761 1369 864 1424 Umbla
889 1387 960 1438 quae
979 1369 1120 1424 confluant
1139 1387 1202 1424 cum
1221 1371 1300 1424 terrie
1321 1369 1445 1424 Mathaei
1466 1371 1610 1426 Bincioln.

344 1461 442 1516 Daxae
462 1459 535 1512 filiae
555 1457 671 1512 condam
694 1456 859 1511 Dobroslavi
878 1455 912 1510 de
931 1455 1009 1511 Resti
1029 1465 1080 1512 etc.
1106 1458 1235 1528 Pitropoa
1259 1465 1351 1512 autem
1377 1459 1527 1513 constituit
1553 1461 1609 1513 Mi·

344 1547 468 1601 cbaelem
487 1545 523 1599 do
541 1545 676 1616 Ragnina,
696 1551 846 1614 cognatum
865 1561 955 1610 suurn,
975 1553 1104 1614 nepotem
1118 1543 1257 1611 Ghotaldi,
1276 1545 1363 1600 filium
1383 1545 1506 1612 condam
1521 1537 1606 1602 Bistii

346 1634 380 1688 de
398 1631 546 1690 Gbetaldo.
566 1631 669 1688 Omnes
688 1631 815 1685 denarios
835 1647 909 1696 suos,
928 1633 1051 1702 exceptis
1071 1634 1122 1686 150
1139 1633 1288 1703 yperperis,
1307 1634 1419 1702 reliquit
1435 1636 1523 1688 uxori
1538 1653 1609 1690 suae

345 1723 473 1790 Agame,
487 1720 602 1775 mobilia
620 1720 714 1774 omnia
732 1735 794 1772 cum
814 1735 881 1772 auro
900 1726 927 1772 et
946 1726 1060 1788 argento
1084 1719 1195 1790 reliquit
1212 1719 1343 1774 fratribus
1357 1719 1502 1775 Minorurn
1525 1724 1608 1776 salvo

344 1807 421 1878 qnod
439 1826 508 1862 uxor
526 1807 585 1862 eius
604 1807 639 1862 de
657 1806 751 1860 mobili
769 1806 858 1876 possit
876 1806 984 1860 trabere
1008 1808 1121 1876 exagios
1149 1808 1352 1877 quinquaginta
1375 1807 1410 1861 de
1434 1825 1515 1862 auro.
1546 1812 1609 1862 :izo

344 1895 463 1950 condam
481 1895 580 1950 Jacobi
599 1895 633 1949 de
652 1894 762 1948 Pitusto
778 1893 890 1963 juratus
903 1893 1083 1948 cancellarius
1096 1894 1212 1964 scripsit.
1233 1893 1278 1948 Fr.
1296 1893 1482 1950 Bernardinus
1495 1895 1608 1950 (lotias

344 1983 506 2054 acceptavit.
1177 1975 1180 1982 ²

395 2069 525 2124 Farlati:
538 2069 622 2138 illyr.
642 2069 720 2123 Sacr.
742 2069 771 2123 Τ.
793 2068 843 2124 VI.
857 2085 887 2138 p.
908 2072 967 2122 119.

397 2209 603 2266 MODLXXII.
622 2210 794 2280 Zagrabiae.
813 2213 889 2262 1291.
915 2213 956 2264 11.
982 2211 1113 2278 Arrpusti.
1140 2209 1310 2264 Katberinus
1335 2211 1423 2280 major
1448 2211 1533 2278 vilae,
1558 2214 1608 2282 ju·

345 2299 420 2354 dices
438 2305 466 2353 et
484 2299 645 2364 consiliarii;
664 2297 750 2363 Benk,
769 2297 875 2362 Nicola,
896 2296 1026 2360 Wunetb,
1053 2297 1181 2364 Thomas,
1206 2297 1345 2368 liudolph,
1371 2297 1480 2364 Petrus,
1498 2297 1600 2353 Jacob

344 2391 372 2441 et
390 2385 459 2440 Ivan
478 2401 511 2439 ac
528 2385 647 2439 universi
667 2386 740 2438 cives
759 2383 794 2438 de
812 2390 905 2438 monte
925 2383 1016 2438 Grech
1040 2385 1205 2452 significant,
1225 2385 1300 2456 quod
1320 2385 1430 2455 Gilyon,
1449 2387 1604 2455 quondam

346 2474 436 2544 major
454 2471 535 2526 villae
560 2479 587 2526 et
610 2472 731 2526 concivis
756 2488 850 2526 eorum
874 2471 999 2526 exhibuit
1024 2471 1128 2524 litteras
1153 2471 1282 2526 Andreae
1305 2473 1367 2538 (ΙΙΙ)
1391 2474 1465 2542 regis
1492 2476 1605 2543 quibus

345 2561 419 2615 idem
438 2559 603 2614 notificavit:
624 2559 699 2630 quod
718 2559 849 2630 magister
861 2558 967 2614 Paulus
985 2559 1058 2612 filius
1078 2559 1210 2628 Stephani
1225 2560 1289 2615 bani
1309 2559 1431 2614 retulerit
1444 2561 1508 2615 viva
1522 2579 1606 2628 voce,

344 2647 419 2718 quod
438 2647 573 2718 palatium
592 2647 712 2718 quodum
732 2645 865 2716 Stephani
883 2647 946 2699 bani
967 2647 1121 2716 patrissui,
1141 2647 1262 2702 existens
1280 2647 1431 2718 Zagrabiae
1449 2647 1478 2701 in
1499 2659 1603 2704 monte

345 2735 484 2803 Grecensi,
504 2734 579 2804 quod
598 2735 691 2790 comiti
715 2734 816 2788 Hodus
835 2741 954 2803 cognato
973 2750 1024 2788 suo
1043 2739 1178 2804 perpetuo
1198 2735 1359 2800 contulerat,
1377 2735 1413 2788 ab
1431 2735 1534 2790 eodem
1556 2754 1606 2790 co

345 2823 411 2877 mite
429 2839 479 2894 pro
498 2822 660 2876 concambio
679 2821 893 2892 possessionum,
913 2820 1039 2875 Polkunn
1065 2823 1093 2875 in
1118 2823 1251 2876 comitatu
1270 2821 1382 2888 Borsad,
1401 2824 1467 2876 item
1488 2823 1606 2892 Bulreu,

345 2909 421 2963 Mixa
441 2917 468 2965 et
487 2908 586 2979 Gynrlr
604 2909 632 2962 in
651 2909 784 2962 comitutu
804 2907 837 2961 de
856 2907 980 2960 Zobolcb
998 2908 1178 2975 rehabuisset,
1191 2916 1219 2962 et
1231 2909 1321 2978 ipsum
1336 2909 1469 2980 palatium
1491 2911 1606 2966 Gilioni

347 2997 399 3050 civi
420 2996 553 3051 Grecensi
573 2997 609 3050 ob
628 2997 725 3050 merita
750 2995 920 3049 servitiorum
944 3001 972 3049 et
996 2997 1279 3066 recompensationem
1298 3013 1389 3052 rerum
1411 3015 1526 3051 suarum
1548 3001 1605 3052 sibi

346 3090 373 3137 et
393 3083 538 3153 Stephano
556 3084 629 3137 bano
648 3082 724 3136 fratri
744 3099 794 3136 suo
813 3083 841 3135 in
861 3083 1024 3136 necessitate
1043 3099 1137 3138 eorum
1158 3083 1285 3138 datarum
1304 3091 1332 3138 et
1350 3101 1537 3156 expensarum
1552 3087 1605 3141 do

347 3171 423 3224 navit
444 3171 470 3223 in
490 3177 663 3240 perpetuum.
683 3171 734 3225 Cui
754 3169 895 3224 donationi
914 3169 1061 3224 Ladizlaus
1079 3171 1152 3224 filius
1171 3172 1279 3226 comitia
1297 3171 1400 3226 Hodus
1419 3189 1468 3242 pro
1487 3189 1527 3239 se,
1548 3192 1604 3244 pro

346 3265 425 3328 patre
444 3275 495 3312 sno
514 3275 546 3312 ac
565 3259 697 3328 magistro
716 3259 822 3312 Briccio
835 3257 892 3311 illio
905 3257 1042 3324 Andreae,
1061 3265 1180 3328 cognato
1200 3259 1307 3312 comitis
1326 3257 1428 3312 Hodus
1450 3275 1602 3314 assensrnn

346 3346 537 3416 praebuerant.
558 3345 603 3400 Ad
621 3346 754 3415 maj0rem
773 3353 865 3398 autem
886 3345 1077 3399 certitudinem
1102 3353 1312 3416 praesentarunt
1334 3346 1439 3400 litteras
1465 3345 1534 3400 dicti
1555 3365 1604 3402 co-

345 3434 419 3488 mitis
437 3433 540 3488 Hodus
559 3449 641 3502 snper
660 3432 809 3486 donatione
828 3439 856 3486 et
874 3433 1035 3486 concambio
1061 3434 1147 3502 ipsius
1171 3433 1266 3504 palatii
1292 3435 1473 3505 interipsum
1493 3443 1522 3488 et
1542 3453 1603 3490 nra·

344 3521 461 3589 gistrum
481 3519 601 3573 Paulum
620 3519 701 3587 fucta,
722 3520 750 3572 in
769 3520 870 3589 quibus
888 3519 962 3573 idem
982 3519 1083 3573 Hodus
1102 3522 1158 3589 regi
1178 3521 1306 3575 Andreae
1319 3521 1409 3588 refert,
1423 3521 1499 3590 quod
1512 3539 1602 3579 sunm

345 3607 478 3676 palatium
503 3606 656 3675 Zagrabiae
675 3608 704 3661 in
724 3615 817 3662 monte
843 3607 933 3662 (irech
959 3612 1159 3673 constructam
1182 3617 1210 3662 et
1234 3626 1268 3662 ex
1293 3608 1366 3662 douo
1390 3608 1512 3662 filiorum
1538 3609 1605 3665 Ste-

345 3692 427 3762 phani
452 3694 516 3746 bani
542 3710 591 3762 pro
616 3693 737 3762 quadam
762 3695 920 3764 captivitate
945 3711 996 3748 sua
1019 3711 1070 3764 pro
1094 3694 1198 3749 eisdem
1222 3713 1353 3766 perpessa
1377 3697 1519 3764 collatum,
1546 3715 1603 3768 pro

344 3781 506 3834 concambio
524 3782 730 3850 possessionum
749 3781 977 3850 supradictarum,
1002 3783 1037 3836 ab
1063 3781 1221 3836 Alexandro
1240 3783 1312 3838 bano
1331 3783 1388 3838 filio
1407 3783 1522 3854 Georgii
1541 3803 1600 3842 suo

344 3866 501 3937 propinquo
525 3865 708 3921 haereditario
729 3867 791 3938 jure
811 3884 1010 3934 srrccessorum,
1029 3869 1081 3938 ipsi
1100 3870 1232 3937 magistro
1251 3870 1340 3924 Paulo
1359 3872 1518 3941 resignavit.
1538 3873 1601 3939 Qui

345 3953 457 4023 quidem
476 3953 582 4008 Paulus
609 3953 683 4008 idem
710 3955 844 4025 palatium
872 3957 999 4010 servienti
1029 3973 1079 4011 suo
1107 3957 1211 4010 Gilioni
1240 3958 1291 4011 civi
1319 3958 1353 4012 de
1381 3967 1474 4012 monte
1500 3959 1599 4015 Grccb

344 4040 464 4108 tradidit,
483 4043 616 4112 petiitque
636 4042 776 4096 Andream
795 4059 894 4112 regem,
913 4051 945 4098 nt
963 4045 1079 4098 eandem
1107 4044 1286 4099 donationem
1315 4045 1476 4100 confirmare
1495 4047 1598 4117 digna-

346 4135 429 4182 retur.
449 4128 502 4182 Cui
521 4129 645 4199 petitioni
665 4147 713 4184 rex
732 4146 873 4182 assensum
900 4132 1035 4200 praebens
1053 4132 1195 4186 mundavit
1213 4133 1383 4187 universitati
1402 4133 1505 4188 montis
1524 4135 1599 4190 Gra

345 4215 453 4268 ehensis
472 4221 504 4269 ut
522 4215 627 4270 dictum
646 4217 778 4286 palatium
798 4217 955 4286 supradicto
974 4219 1077 4273 (lilioni
1097 4227 1221 4274 statuant
1233 4227 1260 4274 et
1273 4222 1422 4290 assignent,
1441 4221 1488 4291 qni
1508 4223 1596 4277 etiam

344 4300 422 4355 illum
441 4302 469 4355 in
488 4301 688 4378 possessionem
708 4305 802 4373 palatii
822 4305 1000 4374 solempniter
1017 4307 1236 4362 introduxerunt.

399 4388 525 4443 Ttalcic':
545 4389 624 4444 Mon.
644 4391 716 4444 civit.
736 4391 820 4461 Zaqr.
839 4391 889 4445 cni.
909 4393 933 4446 1.
952 4411 978 4463 p.
997 4397 1039 4446 67.

396 4547 616 4603 MCDLXXIII.
635 4550 771 4605 dederas.
790 4555 866 4606 1291.
886 4557 926 4605 le.
946 4552 1120 4624 Septembris.
1145 4555 1305 4611 Joderensis
1324 4519 1595 4613 communitas—con-

345 4633 432 4689 cludit
450 4635 478 4688 in
497 4653 547 4690 suo
566 4637 695 4692 consilio:
715 4637 787 4692 Cum
805 4647 893 4694 mater
911 4641 983 4710 regis
1004 4642 1168 4714 Hungariae
1193 4645 1339 4700 transitum
1363 4645 1453 4700 facere
1472 4647 1593 4702 intendit
