3376 5350
649 351 795 396 mosara
1282 347 1347 412 435

163 550 334 606 MDXXIII.
365 555 435 606 1293
459 555 503 608 23.
527 555 640 608 Martii.
665 555 762 610 Frater
784 555 957 626 vaylermus
975 564 1191 628 propraeceptor'
1212 559 1246 613 de
1273 561 1348 628 Bela,

108 655 205 706 gerens
225 641 298 694 vices
316 640 426 709 megisti
446 641 545 696 domus
569 641 715 712 hospitalia
734 661 756 698 s.
774 642 911 698 Jobannis
932 645 1180 700 Hierosolomitani
1199 663 1249 718 per
1267 647 1348 701 Hun-

107 728 210 794 gatiam
230 735 258 781 et
276 728 433 784 Slavoniam
452 731 597 800 significat,
616 732 690 800 quod
709 731 831 802 hospites
849 732 952 786 liberae
976 733 1057 788 villae
1082 733 1205 788 Chichau
1228 736 1348 788 universi

108 823 134 868 et
159 815 261 884 singuli
287 817 346 870 eius
374 817 538 872 accedentes
563 819 746 889 praesentiam
771 825 959 888 assenserunt,
987 821 1061 892 quod
1090 838 1151 876 cum
1184 821 1348 877 durantibus

107 903 230 956 articulis
248 905 368 974 inpacati
388 906 519 976 temporis
537 906 658 977 quodam
677 913 798 962 castrum
816 909 887 962 iuter
905 909 981 978 ipsos
1000 913 1197 976 constructum,
1212 911 1349 964 extitisset

107 991 290 1057 combustum,
317 999 345 1046 et
367 1009 431 1048 curn
459 993 507 1048 illo
525 1001 552 1048 et
570 995 744 1065 privilegium
763 997 854 1062 castri,
873 996 948 1066 qnod
966 1013 1015 1066 per
1034 997 1216 1051 venerabilem
1235 997 1348 1052 fratrem

107 1077 291 1132 Ilembaldum
310 1085 377 1134 tunc
396 1081 558 1150 magistrum
577 1099 627 1151 per
644 1082 820 1151 Hungariam
845 1089 873 1138 et
897 1082 1056 1139 slavoniam
1074 1101 1157 1154 super
1175 1085 1298 1154 ipsorum
1318 1085 1349 1137 li-

107 1166 212 1220 bertate
231 1182 394 1222 concessum
413 1167 512 1234 fuerat,
535 1170 607 1224 sicut
630 1171 714 1224 etiam
738 1186 773 1223 ex
797 1169 929 1223 relatione
953 1169 1134 1224 discretorum
1158 1173 1279 1225 virorum
1299 1171 1350 1225 fra-

108 1262 181 1307 trum
200 1253 329 1309 videlicet
348 1255 419 1326 Orys
441 1255 476 1310 dc
501 1257 625 1314 Chichan
650 1263 678 1312 et
691 1298 698 1311 .
712 1301 717 1312 .
732 1297 758 1312 ..
779 1257 813 1311 de
837 1257 958 1312 Pckrecz
982 1259 1168 1328 praeceptoris
1196 1258 1249 1314 hoc
1273 1259 1348 1314 idem

107 1343 230 1396 constitit
257 1343 424 1410 evindenter,
448 1345 588 1414 petierunt
610 1347 705 1416 itaque
730 1353 761 1400 nt
784 1347 908 1415 ipsorum
927 1345 1082 1402 libertatem
1100 1347 1194 1417 vigore
1218 1347 1278 1416 ejus
1296 1349 1350 1418 pn'·

105 1430 196 1500 vilegii
210 1431 340 1485 innovare
356 1437 384 1486 et
401 1433 563 1487 confirmare
587 1433 753 1502 dignaretur.
773 1433 900 1504 ipsorum
918 1433 1002 1504 igitur
1024 1433 1204 1502 petitionibus
1226 1451 1350 1488 annuens

106 1517 176 1572 banc
195 1517 351 1572 libertatem
370 1518 450 1574 duxit
469 1521 508 1574 eia
527 1519 749 1575 concedendam:
764 1519 883 1585 Quodsi
897 1537 979 1590 quem
995 1537 1030 1574 ex
1043 1520 1146 1574 eisdem
1160 1522 1220 1576 sinc
1232 1521 1350 1576 haerede

106 1604 240 1660 decedere
265 1607 422 1676 contIger-it,
448 1613 515 1661 tunc
540 1609 632 1662 omnia
661 1623 711 1662 sna
738 1609 812 1662 bona
839 1607 970 1662 fratribus
992 1607 1035 1662 vel
1059 1609 1199 1678 cognatis,
1223 1609 1266 1663 vel
1288 1609 1350 1662 aliis

105 1693 326 1764 quibuscumque
345 1695 472 1760 voluerit,
495 1695 647 1750 dummodo
664 1696 692 1748 in
712 1695 777 1750 villa
806 1695 930 1750 Ohichan
955 1697 1117 1750 commorari
1137 1683 1214 1764 velit,¹
1234 1696 1349 1752 liberam

104 1781 206 1835 habeat
224 1781 334 1850 le'gaudi
354 1782 397 1836 vel
416 1783 574 1838 conferendi
593 1783 762 1850 facultatem,
781 1800 833 1838 uec
851 1789 1014 1853 praeceptor
1033 1783 1123 1838 dictae
1135 1783 1216 1838 villae
1229 1782 1264 1838 ad
1277 1785 1350 1840 bona

104 1885 156 1922 sua
174 1886 273 1922 manus
292 1869 439 1924 extendere
458 1871 579 1926 audebit.
598 1871 670 1925 item
689 1872 711 1926 si
724 1871 824 1940 aliquis
837 1871 904 1924 civis
917 1869 1006 1926 dIctae
1020 1871 1101 1925 villae
1113 1887 1196 1924 suum
1209 1872 1349 1926 concivem

105 1955 282 2022 interfecerit,
302 1963 404 2010 extunc
422 1959 528 2011 occisor
546 1975 596 2028 pro
615 1957 765 2012 homicidIo
778 1958 914 2012 interfecti
934 1964 1046 2012 centum
1064 1961 1166 2027 pensas
1185 1958 1291 2012 solvere
1310 1965 1349 2014 te·

105 2042 224 2108 nebitur,
243 2045 415 2113 praeceptori
433 2051 528 2098 attunc
541 2046 690 2100 constituto
709 2062 744 2099 ex
762 2045 860 2099 eodem
878 2043 1029 2099 homicidio
1048 2045 1171 2114 quinque
1190 2061 1299 2115 pensas,
1318 2051 1346 2100 et

105 2129 221 2184 eandem
235 2147 335 2200 penam
354 2132 377 2184 si
396 2137 543 2186 extraneus
556 2133 754 2202 perpetraverit
765 2131 947 2186 homicidium
959 2131 1030 2185 iuter
1041 2131 1165 2200 hospites
1179 2138 1347 2188 memoratos

104 2218 233 2287 patietur.
252 2217 282 2271 Si
301 2234 365 2273 vero
384 2220 491 2273 occisor
509 2221 537 2274 ln
556 2219 707 2274 claustrum
727 2219 825 2274 domus
843 2217 989 2289 hospitaIIs
1007 2217 1153 2288 aufugerit,
1167 2220 1259 2288 Ipsum
1272 2236 1350 2290 prae-

105 2311 202 2375 ceptor
224 2305 261 2360 ad
285 2313 384 2360 manus
406 2307 581 2362 ininucorum
606 2325 720 2362 suorum
742 2307 778 2361 ad
806 2307 967 2360 effusionem
996 2305 1137 2376 sanguinis
1162 2305 1269 2360 trahere
1294 2323 1349 2360 non

105 2398 222 2460 tenetur,
242 2394 298 2446 imo
318 2411 381 2448 eum
407 2395 531 2450 tuebitur
554 2396 632 2448 iuxta
657 2411 745 2465 posse.
772 2393 856 2460 Quod
883 2395 906 2447 si
934 2399 1096 2464 praeceptor
1118 2393 1346 2464 compositionem

105 2477 232 2532 ordinare
249 2480 352 2550 'poterit
371 2481 440 2536 inter
458 2486 559 2551 partes,
579 2483 649 2536 bene
667 2481 788 2552 quidem,
806 2481 930 2550 alioquin
951 2479 1071 2533 etrndem
1091 2480 1241 2534 occisorem
1260 2481 1353 2544 mittet

106 2566 184 2620 abire
210 2566 286 2621 salva
311 2584 429 2638 persona
451 2586 509 2636 sua,
529 2577 639 2638 recepta
657 2569 692 2622 ab
710 2569 771 2638 ipso
789 2584 844 2621 nna
861 2583 962 2620 marca.
986 2566 1082 2620 ltledio
1106 2572 1199 2622 autem
1226 2573 1350 2636 tempore

105 2651 194 2706 donec
213 2669 276 2708 eum
294 2655 413 2708 inimicis
432 2655 618 2720 concordabit,
637 2655 731 2708 nullus
749 2654 785 2708 ad
802 2655 876 2709 bona
895 2671 946 2708 sua
963 2670 1061 2706 manus
1086 2652 1224 2720 extendet,
1248 2661 1276 2708 et
1300 2671 1351 2708 nec

103 2740 238 2796 haeredes
256 2741 315 2795 elus
333 2741 499 2796 molestabit.
518 2741 588 2796 Item
608 2741 720 2808 frrrtum,
734 2741 891 2796 incendium
905 2746 933 2794 et
945 2740 1105 2794 effimIonem
1119 2740 1261 2810 sanguinis
1273 2757 1350 2810 prae·

105 2833 203 2896 ceptor
221 2845 276 2882 una
295 2845 358 2883 cum
378 2828 458 2882 dictis
476 2829 633 2898 hospitibus
652 2829 791 2896 iudicabit,
811 2845 929 2898 quonam
950 2826 1088 2898 judicium
1113 2833 1178 2881 sunt
1202 2826 1349 2881 duodecim

105 2915 219 2982 denarii,
234 2915 268 2970 de
283 2918 384 2986 quibus
398 2916 469 2970 duae
487 2923 580 2986 partes
598 2916 769 2986 praeceptori
788 2916 868 2970 tertia
885 2931 950 2969 vero
969 2913 1060 2968 villico
1079 2913 1152 2970 dicte
1172 2915 1259 2969 villae.
1278 2914 1348 2968 Item

105 3003 224 3072 siugulis
242 3005 320 3057 annis
339 3003 440 3073 singuli
458 3003 583 3073 hospites
602 3010 729 3058 tenentur
749 3003 814 3057 dare
832 3019 948 3056 munera
967 3003 1137 3072 praeceptori
1151 3003 1179 3056 in
1192 3003 1279 3056 tribus
1297 3011 1350 3058 ter·

105 3091 190 3145 minis
208 3091 336 3146 videlicet
353 3092 381 3144 in
401 3092 543 3147 nativitate
561 3092 683 3156 Domini,
701 3092 729 3144 in
747 3090 836 3144 Pasce
854 3090 922 3144 etin
940 3090 1139 3159 Assrtmptione
1158 3089 1270 3159 vIrginia
1294 3090 1351 3159 glo

104 3181 204 3233 riosae.
224 3179 295 3232 Item
308 3180 336 3232 in
355 3179 472 3248 singulis
490 3179 663 3233 aniversariis
681 3183 809 3232 tenentur
831 3177 896 3232 dare
921 3193 1023 3246 magno
1047 3177 1179 3246 magistro
1203 3193 1287 3232 unam
1310 3178 1351 3232 iu·

103 3282 227 3334 vencam,
252 3265 293 3320 vel
323 3266 506 3336 quadragInta
530 3265 666 3332 denarios,
692 3272 748 3320 tres
772 3265 888 3319 cubulos
911 3265 976 3330 vini,
1000 3271 1112 3319 centum
1137 3280 1223 3334 panes
1247 3271 1275 3319 et
1303 3283 1351 3320 sex

104 3353 235 3424 gallinas.
256 3353 327 3408 Item
352 3355 374 3407 si
399 3354 499 3424 aliquis
526 3352 654 3408 recedere
672 3353 798 3420 voluerit,
823 3352 936 3406 liberam
956 3350 1092 3406 vendendi
1120 3350 1165 3406 die
1189 3352 1263 3406 claro
1286 3367 1350 3406 cum

103 3442 234 3496 omnibus
252 3441 331 3496 bonis
351 3442 408 3495 suis
426 3441 527 3496 babeat
545 3440 714 3508 facultatem,
740 3457 796 3494 rma
819 3455 906 3510 pensa
930 3445 1037 3493 tantum
1061 3439 1233 3508 praeceptori
1257 3456 1350 3510 perso·

102 3529 172 3582 luta.
191 3528 300 3582 Domus
318 3533 412 3582 autem
431 3528 566 3582 extraneis
586 3543 641 3582 non
660 3533 753 3597 potest
771 3526 930 3593 venundari,
949 3526 1002 3580 nisi
1025 3527 1054 3580 in
1079 3525 1175 3580 eadem
1200 3526 1254 3579 vila
1276 3543 1349 3582 com·

104 3616 287 3670 morantibus.
306 3615 377 3670 Item
396 3622 559 3686 praeceptor
577 3615 693 3684 quilibet
712 3631 790 3668 suam
809 3615 913 3668 citriam
932 3631 983 3684 pro
1005 3613 1124 3667 utilitate
1143 3612 1242 3666 domus
1260 3619 1351 3683 potest

102 3702 208 3758 habere
226 3704 254 3756 in
274 3703 338 3756 villa
357 3708 516 3756 memorata.
542 3702 612 3756 Item
636 3709 738 3755 terram
763 3701 968 3754 communitatis
991 3707 1099 3770 seperat
1122 3717 1139 3753 a
1163 3706 1235 3754 terra
1260 3701 1351 3755 curiae

102 3791 242 3860 quaedam
263 3793 308 3845 via
326 3807 396 3860 quae
415 3791 491 3845 venit
509 3789 543 3844 de
568 3788 652 3858 Selyn
677 3796 705 3843 et
730 3788 804 3842 vadit
828 3789 857 3841 in
885 3789 989 3842 curiam
1014 3793 1202 3842 memoratam.
1227 3787 1270 3840 Ex
1297 3787 1351 3841 alia

101 3885 185 3950 parte
204 3880 264 3934 viae
282 3896 299 3932 a
317 3885 395 3948 parte
408 3877 502 3948 sylvae
515 3883 579 3931 sunt
592 3877 663 3930 darae
677 3877 864 3945 possessiones
877 3875 913 3928 ad
926 3875 1041 3929 eandem
1055 3875 1160 3928 curiam
1172 3875 1350 3944 pertinentes.

101 3997 138 4008 —
158 3966 202 4021 Ne
221 3983 286 4036 ergo
305 3967 389 4020 series
409 3965 548 4036 praefatae
573 3964 709 4017 libertatis
728 3963 837 4017 valeant
856 3980 904 4032 per
928 3962 1085 4032 quempiam
1109 3962 1291 4031 Imposterum
1309 3979 1350 4016 re·

100 4055 224 4121 tractari,
242 4061 401 4124 praesentes
419 4053 535 4108 contulit
554 4053 658 4106 litteras
677 4051 760 4122 sigilli
779 4051 929 4105 mummius
948 4050 1099 4104 roboratas.

161 4141 226 4196 c'ou.
245 4141 315 4212 dipl.
334 4143 445 4213 patrius
468 4142 533 4194 VII.
552 4157 579 4210 p.
596 4144 658 4194 2:28.

157 4301 327 4357 lllDXXIV.
351 4301 475 4372 sperati.
496 4305 571 4352 1293.
597 4303 638 4354 12.
661 4300 746 4353 llaii.
764 4298 907 4353 Iohannes
926 4296 1097 4366 Spalatensis
1116 4295 1348 4364 archiepiscopus,

99 4392 191 4446 totius
209 4391 372 4456 Dalmatiae,
392 4389 509 4452 Oroatis,
529 4387 713 4457 Slavonieque
732 4387 835 4456 primas
854 4385 948 4438 scribit
966 4383 1002 4437 N.
1022 4383 1152 4453 episcopo
1166 4382 1348 4436 scardonensi

99 4495 169 4534 cum
188 4479 217 4532 in
235 4478 352 4533 concilio
370 4493 443 4531 anno
462 4476 609 4546 praeterito
627 4476 655 4529 in
675 4473 789 4544 Spaleto
813 4472 950 4526 celebrato
976 4470 1133 4524 ordinatum
1159 4469 1248 4537 fuerit,
1275 4468 1350 4538 quod

99 4566 199 4620 nullus
217 4565 406 4634 suffraganeus
424 4563 452 4616 in
471 4561 670 4633 praeiudicium
683 4560 796 4614 alteriue
810 4558 932 4613 Clericos
950 4557 1062 4612 alterius
1076 4557 1194 4612 diocesis
1207 4555 1243 4610 ad
1257 4541 1349 4610 sacros

101 4653 218 4709 ordines
231 4667 392 4722 promovere
410 4657 458 4704 aut
477 4649 531 4704 alia
549 4654 720 4703 sacramenta
745 4647 899 4701 ministrare
926 4651 1086 4716 praesumat
1108 4645 1161 4699 sub
1185 4660 1274 4714 poena
1298 4643 1351 4697 500
