3480 5356
274 347 339 410 300
721 369 723 372 ·
774 372 794 412 1.
815 357 1013 424 auxumam,

273 534 382 590 comitis
407 534 573 604 parochialis
590 533 626 590 de
643 530 737 602 Wllro,
754 534 783 588 in
801 533 904 604 quibus
927 523 1130 602 continebatur,
1155 533 1231 604 quod
1255 533 1421 610 Dominicns
1444 535 1518 590 tilius

274 620 422 688 Dominici‚
440 620 561 676 Michsel
580 621 654 675 lilius
672 621 763 688 Wros,
782 625 810 675 st
828 620 981 691 Gregorius
1003 620 1078 676 tilius
1095 621 1172 676 Pons
1195 619 1231 676 de
1255 620 1352 677 Dobra
1375 620 1411 676 ds
1434 623 1518 676 comi-

272 711 334 762 tatu
357 705 393 762 de
412 708 522 775 Wolko,
542 724 593 778 pro
611 707 754 762 meleficiis
775 707 835 761 suis
858 706 986 763 videlicet
1010 723 1062 778 pro
1089 707 1164 762 furto
1192 708 1267 778 quod
1295 708 1324 762 in
1351 708 1517 763 suffossione

273 793 374 850 domus
392 795 501 850 comitis
520 794 644 862 Raurici,
673 799 701 849 et
723 793 863 849 ablatione
887 811 988 862 rerum,
1012 795 1153 866 portiones
1179 810 1245 849 suas
1266 795 1294 850 in
1323 799 1395 850 terra
1421 794 1518 850 Dobra

272 880 368 936 ordine
386 881 529 936 iudiciario
548 881 714 936 amisissent.
727 881 821 948 Quam
838 885 940 936 terram
958 897 1022 937 cum
1041 881 1212 952 pertinentiis
1232 881 1291 936 suis
1312 882 1431 937 contulit
1442 898 1517 936 nune

272 967 341 1037 ipsis
358 967 484 1022 Henrieo
502 971 530 1022 et
548 966 666 1023 Nicolac
695 966 852 1023 comitibus.
878 967 1103 1023 contaminatur
1121 967 1190 1024 haec
1208 973 1281 1023 terra
1298 983 1316 1022 a
1333 972 1412 1040 parte
1430 968 1517 1024 crien-

273 1053 323 1107 tali
341 1069 405 1108 eum
423 1058 496 1108 terra
513 1053 596 1108 casui
615 1051 651 1108 de
674 1052 783 1121 Wolco,
810 1053 907 1108 Debre
928 1059 1034 1120 inmte,
1055 1054 1093 1108 ab
1115 1055 1247 1124 aquilone
1267 1070 1331 1110 cum
1352 1059 1425 1109 terra
1445 1054 1518 1110 Petri

273 1140 382 1194 comitis
401 1139 451 1194 filii
469 1139 597 1207 Dionisii,
616 1138 653 1194 eb
671 1139 814 1196 occidente
832 1156 896 1196 cum
914 1144 988 1195 terra
1005 1140 1142 1196 dictorum
1166 1140 1282 1196 Henriei
1307 1145 1335 1195 et
1359 1139 1476 1209 Nicolai,
1499 1157 1518 1196 a

274 1227 471 1297 septemtrione
498 1242 562 1282 cum
589 1230 662 1281 terra
688 1225 763 1282 Jalro
781 1227 890 1283 comitis
908 1226 944 1282 ds
962 1227 1105 1282 Pochinta.
1130 1229 1235 1282 Datum
1259 1243 1309 1298 per
1334 1243 1434 1282 manus
1457 1243 1515 1282 ma·

272 1313 352 1384 gistri
371 1313 505 1369 Demetrii
524 1313 676 1384 praepositi
693 1312 834 1380 albensis,
853 1314 934 1369 aulas
952 1313 1175 1370 vicecancellarii.

325 1419 401 1489 Orio.
428 1418 536 1472 memb.
564 1418 595 1472 ia
623 1419 695 1474 actis
720 1433 770 1487 per
796 1418 899 1473 basam
924 1417 1214 1488 nam-Hectorem
1241 1433 1275 1474 ea
1303 1418 1414 1476 arduae
1437 1419 1517 1488 noni

274 1505 377 1561 ιιιιιιιὶι
395 1507 429 1558 N.
448 1503 483 1560 R.
501 1504 535 1559 Δ.
555 1504 638 1560 Face.
656 1508 732 1560 1503.
751 1505 785 1560 N.
803 1510 828 1560 1.

323 1643 407 1700 MIV.
427 1647 505 1698 1270.
526 1644 601 1698 Ante
618 1659 734 1699 mamea
750 1644 878 1699 Juniam.
902 1643 970 1700 Bela
988 1643 1040 1700 IV.
1057 1661 1107 1699 rex
1132 1643 1168 1699 ad
1193 1643 1354 1715 petitionem
1379 1644 1464 1699 Gurei
1488 1649 1517 1700 et
1623 1673 1633 1685 ·
1704 1623 1718 1652 ⁴

271 1731 390 1787 fillorum
410 1732 469 1787 dus
481 1729 613 1802 Oompolt
631 1734 659 1786 et
675 1731 778 1788 Leonis
793 1731 899 1800 annuit,
919 1736 950 1786 ut
968 1737 1069 1786 terram
1082 1730 1158 1786 Petri
1171 1729 1249 1786 Oalvi
1259 1731 1419 1802 jebagionis
1431 1731 1514 1786 castri

270 1818 452 1888 Zaladiensis,
470 1835 535 1874 cnm
552 1817 682 1875 omnibus
701 1817 874 1888 pertinentiis
893 1819 950 1874 suis
969 1818 1098 1874 Dionisio
1112 1818 1239 1874 servienti
1253 1818 1382 1874 domines
1400 1819 1512 1887 reginae

270 1907 405 1963 consortis
424 1923 501 1976 suae,
518 1905 646 1960 familiari
663 1906 744 1975 regis,
767 1904 825 1960 filio
844 1905 986 1976 quondam
1003 1905 1113 1962 comitis
1131 1905 1255 1960 Thomas
1273 1905 1365 1960 fratris
1390 1905 1513 1977 Philippi

271 1993 471 2064 Strigoniansis
489 1992 692 2064 archiepiscopi
710 2008 763 2048 suo
782 1999 810 2047 et
828 1992 944 2048 fratrum
968 2009 1083 2049 suorum
1104 1991 1207 2048 ementi
1225 1991 1344 2048 vendere
1362 1996 1390 2048 et
1408 1991 1516 2046 madere

271 2083 386 2152 possint,
406 2079 598 2152 proquodam
622 2081 726 2152 palatio
744 2081 773 2134 ln
792 2079 912 2136 Worcsd
936 2080 1071 2136 existente
1095 2097 1160 2135 cum
1182 2081 1306 2152 quinque
1330 2080 1414 2135 curiis
1436 2077 1512 2134 adia-

269 2167 396 2222 centibus
414 2173 443 2222 et
460 2167 645 2238 quadraginta
663 2167 753 2222 tribus
769 2167 870 2222 mareis
888 2167 1004 2236 argenti.
1033 2167 1127 2222 hietas
1149 2171 1284 2222 terrarum
1303 2166 1417 2222 eaedem
1436 2167 1513 2221 utin

270 2253 437 2310 documento
455 2270 481 2310 a.
500 2255 576 2310 1261.
595 2254 709 2310 nomina
726 2253 874 2310 fluviorum
891 2252 1153 2323 Bndne‚Rednieha
1171 2253 1345 2326 (Bugniche),
1363 2252 1513 2322 Chnmiah,

272 2339 427 2411 (charues).

326 2427 712 2497 Maltamonenses
731 2428 805 2483 οιυῑι.
829 2427 947 2484 Varaed.
966 2427 1050 2483 Fare.
1069 2429 1108 2483 11.
1127 2431 1161 2484 N.
1183 2432 1200 2481 6
1217 2433 1244 2484 et
1264 2432 1289 2482 ⁷.

324 2565 391 2621 MV.
410 2569 489 2622 1270.
515 2567 590 2622 Ante
616 2582 731 2622 mensem
759 2567 886 2623 Iunium.
908 2567 977 2622 Bela
995 2565 1047 2623 IV.
1067 2583 1116 2622 rex
1133 2571 1232 2622 notum
1249 2567 1324 2636 iacit,
1341 2565 1417 2638 quod
1437 2571 1515 2638 pater

272 2653 463 2724 Thymctheus
477 2654 625 2726 episeopus
638 2653 833 2724 Zagrabieusis
846 2651 1002 2708 exhibuerit
1019 2655 1045 2710 si
1057 2654 1232 2725 privilegium
1243 2654 1358 2725 capituli
1370 2654 1512 2723 Quinque·

271 2739 446 2796 ecclesiensis
465 2757 549 2813 super
568 2742 708 2812 emptione
726 2747 815 2796 terrae
827 2741 934 2796 Vrbani
947 2740 997 2795 filii
1008 2740 1120 2796 Pobrad
1133 2741 1300 2810 confectum,
1309 2746 1407 2812 petens
1419 2741 1512 2812 ipsum

173 2825 178 2836 '
271 2828 436 2897 confirmari,
455 2829 530 2900 qnod
546 2835 575 2884 et
591 2846 641 2885 rex
658 2828 840 2884 confirmavit.

325 2916 452 2972 Thatae:
469 2919 544 2974 Mon.
562 2915 627 2973 bist.
648 2917 677 2972 T.
695 2915 720 2970 I.
736 2932 768 2986 p.
786 2919 842 2970 151.

324 3055 409 3113 uvi.
436 3059 518 3114 1270.
547 3061 590 3112 13.
617 3057 707 3112 tanti.
738 3055 898 3128 Stephanus
921 3054 956 3110 V.
986 3071 1034 3111 rex
1059 3053 1231 3124 manifestet,
1260 3054 1336 3125 quod
1367 3053 1512 3110 Rolandus

272 3143 361 3198 banus
379 3142 414 3198 ds
432 3159 533 3214 genere
550 3143 666 3199 Ratolth
685 3161 702 3199 a
721 3143 867 3214 primaevis
887 3143 1006 3214 puritiae
1024 3158 1092 3198 snae
1110 3142 1283 3214 temporibus
1302 3143 1421 3214 primum
1440 3141 1511 3213 patri

272 3231 333 3300 ejus
352 3235 381 3285 et
398 3229 577 3302 postmodum
605 3231 631 3286 ei
658 3231 752 3286 fidelia
780 3231 890 3286 servitia
917 3227 1083 3293 exhibuerit,
1111 3246 1183 3300 quae
1210 3230 1277 3300 quia
1303 3231 1418 3300 longum
1443 3233 1516 3283 esset

271 3333 382 3372 narrare
399 3317 537 3388 universa,
566 3317 660 3388 aliqua
684 3319 783 3374 saltem
805 3321 1011 3384 commemorat,
1035 3321 1064 3372 et
1088 3309 1209 3388 quidem,
1237 3317 1379 3387 quomodo
1406 3315 1453 3370 ille
1479 3330 1514 3369 so

271 3411 404 3476 tempore,
423 3404 535 3475 quando
554 3406 668 3478 pestifer
685 3406 805 3461 insultus
827 3406 1004 3463 Tartarorum
1028 3405 1056 3460 in
1081 3421 1199 3476 regnum
1221 3406 1354 3472 irruisset,
1373 3409 1401 3462 et
1418 3407 1515 3460 eontra

272 3497 379 3562 patrem
406 3492 467 3563 ejus
493 3492 552 3547 dux
579 3487 708 3549 Austria'e
736 3492 894 3548 Fridericus
917 3493 1051 3548 insultum
1079 3492 1191 3561 faciens,
1219 3493 1382 3548 calcaneum
1409 3491 1514 3560 erigere

272 3595 328 3634 non
347 3579 467 3650 expavit,
485 3578 604 3634 levando
622 3585 721 3636 eontra
738 3596 802 3635 eum
820 3579 1001 3635 fortissimum
1029 3580 1189 3650 exercitum,
1213 3578 1270 3635 duo
1294 3584 1387 3636 eastra
1403 3579 1432 3634 in
1450 3593 1514 3633 eon-

272 3665 339 3720 finio
363 3665 536 3722 Theutonlae
562 3671 721 3723 constructe
748 3667 901 3723 Paeonium
929 3671 957 3721 et
983 3665 1162 3738 Scpronium,
1190 3672 1285 3722 contus
1308 3664 1428 3722 eundem
1456 3663 1514 3718 Fri·

272 3751 395 3807 dericum
413 3751 487 3808 idem
506 3752 651 3809 Rotundus
670 3755 734 3810 forti
753 3753 867 3810 brachio
894 3753 1074 3810 confirmarit.
1099 3753 1165 3824 Ipse
1190 3754 1325 3808 sustinere
1344 3769 1401 3809 non
1418 3751 1514 3808 salens

271 3839 338 3910 quin
358 3855 506 3911 personam
524 3857 604 3896 suam
628 3841 742 3913 inipso
769 3857 920 3910 congressu
947 3841 1025 3911 regio
1051 3841 1131 3896 lateri
1158 3841 1284 3907 sociaret,
1312 3839 1427 3894 dimissa
1455 3841 1515 3893 tota

271 3926 377 3982 familia
395 3927 496 3983 domus
515 3944 591 3995 suae,
610 3945 674 3984 aum
692 3929 804 3984 armatis
831 3943 914 3998 quam
942 3927 1068 3998 plurimis
1085 3927 1114 3980 in
1132 3927 1229 3982 eastris
1248 3927 1361 3995 eisdem,
1380 3941 1512 3998 persona·

269 4014 385 4070 literati
404 4031 497 4086 regem
517 4022 545 4070 at
561 4016 656 4086 ipsum
676 4016 825 4071 exercitum
845 4031 875 4071 ss
894 4015 1044 4070 transtulit
1070 4014 1158 4069 Ouios
1176 4015 1238 4070 loeo
1256 4019 1285 4069 et
1302 4015 1361 4069 viee
1379 4014 1469 4068 maior
1487 4017 1514 4067 et

272 4101 371 4156 ductor
389 4103 475 4158 totius
493 4103 631 4158 exereitus
649 4104 716 4174 regii
742 4104 920 4171 constitutus,
939 4107 1077 4170 strenuus,
1103 4101 1222 4171 diligens
1246 4107 1275 4158 et
1297 4103 1514 4172 circumspectus

272 4188 370 4244 ductor
388 4189 480 4244 extitit
497 4195 526 4244 et
543 4191 645 4261 pariter
664 4190 815 4246 dimicatur.
840 4191 877 4244 Et
902 4190 966 4246 lieet
988 4189 1069 4244 multi
1092 4189 1128 4244 de
1155 4195 1234 4260 parta
1260 4189 1333 4260 regis
1361 4189 1388 4243 in
1416 4185 1514 4242 eedem

272 4292 337 4330 area
354 4275 525 4345 cecidissent,
544 4283 637 4333 tamen
659 4277 717 4332 dux
741 4277 801 4348 ipse
819 4277 848 4332 in
866 4277 928 4348 ipsa
951 4293 1015 4332 area
1037 4275 1142 4348 praelii,
1167 4275 1227 4332 dies
1251 4292 1318 4331 suos
1342 4276 1443 4330 clausit
1467 4289 1513 4328 ex-

271 4371 381 4419 tremos.
401 4393 434 4404 -
452 4363 524 4420 item
537 4366 638 4420 missus
657 4370 698 4420 est
716 4363 862 4420 Rolandus
875 4365 964 4420 banus
982 4366 1009 4418 in
1029 4363 1185 4418 subsidium
1203 4368 1299 4419 contra
1317 4364 1469 4418 Cumanos.
1482 4391 1515 4402 -

271 4451 374 4506 Postea
399 4467 464 4506 varo
492 4458 620 4523 parentes
648 4453 721 4522 regis
748 4448 883 4522 Stephani
902 4457 1042 4522 tamquam
1062 4453 1217 4522 promissae
1238 4450 1392 4506 dilectionis
1419 4451 1514 4505 imme·

271 4553 371 4606 mores,
389 4554 440 4609 pro
465 4553 499 4593 eo
524 4537 599 4609 quod
622 4537 767 4594 Rolandus
796 4537 895 4606 banus,
923 4555 1092 4610 quamquam
1120 4539 1198 4594 iuxta
1225 4538 1388 4595 mandatum
1416 4554 1513 4594 eorum

238 4685 244 4694 ‚
271 4630 350 4720 grata
369 4625 394 4680 ei
412 4624 578 4698 (Stephano)
599 4627 733 4700 obsequia
751 4626 881 4698 faciebat,
900 4643 949 4698 per
967 4627 1122 4684 emulorum
1140 4628 1274 4699 obloquia
1291 4627 1397 4684 dictum
1409 4627 1513 4684 benum
