3376 5350
660 408 806 450 undussa.
1296 403 1359 468 393

112 599 205 636 ensem
230 583 310 638 atriae
333 582 531 640 cancellarium
549 603 572 640 a.
593 587 669 641 1282.
695 589 854 654 extradatis,
878 596 998 660 peraeto.
1018 589 1099 655 Quod
1119 592 1292 661 privilegium
1311 610 1360 648 rex

112 670 264 724 confirmat
286 670 388 725 Datum
407 689 456 742 per
473 675 636 744 magistrum
655 675 906 744 Bartholomacum,
929 677 1116 748 praepositum
1142 695 1163 732 s.
1189 677 1303 734 Martini
1325 679 1360 736 de

113 757 216 828 Scepes
234 755 314 812 auiae
334 759 597 814 vicecancellarium.

165 845 213 898 Eu
230 845 302 898 ostia
321 862 369 916 per
388 847 491 900 bunum
510 847 795 917 Klarion-Hederodry
813 865 847 902 ex
866 849 976 902 ereinuc
995 851 1076 920 repat
1094 850 1205 906 ablotis.
1225 853 1262 906 N.
1275 853 1310 908 Il.
1324 853 1357 908 A.

112 932 195 987 Ferae.
215 933 290 986 1503.
311 934 347 988 N.
366 938 408 988 23.

165 1075 363 1130 nocosvn.
393 1079 469 1131 1233.
497 1075 659 1131 Elisabetha
687 1077 781 1147 regina
810 1077 895 1132 donat
918 1083 1020 1132 terram
1045 1077 1142 1132 Vrboa
1166 1095 1215 1132 seu
1240 1079 1358 1146 Orbova,

112 1179 194 1232 equam
213 1161 261 1216 illa
280 1163 345 1218 licet
362 1164 430 1218 alias
453 1165 576 1219 Thomas
595 1163 653 1218 filio
672 1164 792 1220 Cornelii
812 1171 840 1220 et
857 1165 960 1220 Joauni
984 1165 1041 1219 filio
1066 1165 1176 1222 Nicoiai
1201 1167 1235 1221 de
1259 1185 1359 1238 genere

113 1249 193 1304 Chal<
212 1251 381 1318 contulisset,
400 1259 497 1322 postca
522 1257 614 1307 tumen
641 1253 676 1306 ab
701 1253 734 1306 iis
759 1259 899 1323 receperat
921 1269 972 1322 pro
996 1255 1097 1308 comite
1125 1254 1275 1310 benedicto
1302 1255 1359 1310 filio

110 1337 216 1392 Joance
236 1345 264 1394 et
282 1339 340 1392 eius
358 1337 532 1406 haeredibus,
550 1349 610 1394 tum
628 1340 656 1394 in
676 1341 868 1394 concambium
893 1341 1074 1410 possessionis
1102 1341 1188 1410 ipsius
1212 1341 1358 1412 Podgorju,

112 1442 196 1494 quam
214 1444 231 1480 a
250 1425 358 1480 Mathia
377 1433 405 1480 et
423 1427 506 1481 Petro
532 1427 596 1482 filiis
616 1426 764 1482 Mortunus
787 1429 964 1497 comparavit,
984 1444 1047 1481 cum
1066 1427 1148 1482 etiam
1177 1445 1243 1499 erga
1266 1445 1359 1500 super-

111 1511 221 1566 additas
241 1519 268 1567 et
286 1515 313 1566 iu
333 1512 455 1567 Ludislai
479 1515 551 1583 regis
575 1514 623 1568 iiiii
651 1515 693 1568 sui
718 1533 733 1568 e
757 1515 931 1584 quonmdam
955 1515 1108 1569 infidelium
1136 1517 1295 1586 captivitate
1319 1535 1359 1572 re-

112 1599 299 1670 demptionem
319 1618 464 1655 conversas
483 1603 535 1654 ⁴200
555 1618 670 1667 nrarcas,
688 1603 748 1656 iure
767 1609 901 1672 perpetuo
927 1619 1080 1657 concessae.
1106 1605 1188 1658 Anno
1207 1621 1271 1658 vero
1291 1605 1359 1660 128³

111 1704 161 1756 per
179 1687 284 1741 dictum
303 1705 396 1758 regem
415 1687 576 1742 ladislaum
595 1706 645 1758 pro
664 1689 761 1743 eodem
780 1689 931 1744 Benedicto
950 1691 1135 1744 confirmatae.

165 1775 211 1828 En
230 1779 407 1844 trrmsunrpto
430 1775 550 1846 capitali
575 1777 597 1830 b.
626 1777 704 1830 Petri
723 1775 756 1830 de
773 1777 879 1844 Posepu
898 1791 948 1846 pro
967 1778 1079 1830 Jooane
1104 1777 1163 1844 fillo
1183 1777 1307 1832 Sirnorris
1326 1779 1359 1832 rie

115 1861 224 1916 Welilru
243 1873 268 1915 o.
289 1866 363 1917 1370.
384 1865 513 1930 consecto.
534 1863 582 1928 Eae
600 1863 711 1918 arabico
730 1864 810 1932 repat
831 1863 875 1918 Or.
894 1865 1058 1932 perbonam
1072 1865 1358 1935 Kianen-Huolerodry

111 1949 216 2004 ablato.

164 2071 375 2126 MOCOLVIII.
396 2076 472 2126 1283.
492 2072 589 2130 Frater
607 2073 778 2142 Dominicus,
803 2075 935 2144 magister
952 2075 1098 2144 hospitalis
1131 2081 1159 2130 et
1187 2081 1263 2129 totus
1295 2093 1359 2130 con-

111 2169 209 2215 ventus
229 2161 433 2215 cruciferorum
446 2179 467 2215 s.
481 2161 553 2232 regis
572 2161 704 2234 Stephani
724 2160 758 2216 de
778 2161 919 2232 Strigonio
934 2163 1085 2227 notificant,
1104 2161 1178 2232 qnod
1198 2163 1300 2216 nobilis
1319 2165 1359 2217 vir

111 2249 242 2316 uregister
260 2247 380 2301 Thomas
398 2248 472 2302 filius
497 2247 571 2302 Petri
596 2247 631 2302 de
655 2265 755 2318 genere
779 2249 899 2316 Baccha,
925 2265 1011 2320 nepos
1035 2249 1170 2320 Stephani
1194 2249 1357 2316 (luminatis,

111 2334 223 2390 nomine
248 2351 299 2390 suo
318 2341 345 2388 et
365 2335 475 2389 discreti
500 2336 549 2390 viri
575 2334 676 2389 Vrbazi
702 2336 851 2406 praepositi
879 2336 1012 2391 eeclesiae
1037 2355 1057 2391 a.
1081 2337 1156 2392 Petri
1185 2338 1220 2392 de
1247 2337 1357 2410 Posega

110 2421 202 2476 fratris
220 2423 262 2476 sui
282 2422 424 2476 consessus
447 2423 483 2476 sit
501 2429 589 2476 terras
608 2429 635 2476 et
653 2424 841 2492 possessiones
860 2439 925 2478 siras
944 2423 1055 2478 Furnad
1070 2432 1189 2492 vocatas,
1210 2426 1355 2496 partimin

111 2509 245 2564 consituto
264 2509 438 2564 Borsodiensi
457 2510 558 2580 partim
579 2509 759 2579 strigoniensi
784 2512 899 2565 situatas
920 2511 1028 2566 dedisse
1047 2513 1074 2566 in
1094 2513 1286 2568 concambium
1306 2512 1357 2566 Lu

111 2597 235 2651 domerio
253 2597 461 2667 archiepiscopo
480 2597 660 2666 strigoniensi
679 2613 729 2666 pro
749 2599 828 2652 terris
846 2598 873 2651 in
892 2597 983 2664 Susoi,
1000 2599 1112 2654 Loveha
1125 2605 1152 2654 et
1165 2599 1356 2654 Poroatohrnk.

171 2683 293 2738 Wenael:
315 2683 380 2738 Cod.
400 2683 469 2754 dipl.
488 2685 558 2752 Arp.
578 2683 633 2737 IX.
652 2686 711 2738 368.

164 2821 346 2877 Mecomx.
367 2823 425 2877 Sub
444 2829 534 2876 castro
553 2823 716 2879 Perastian.
736 2827 812 2876 1284.
831 2827 856 2877 o‘.
876 2823 1032 2877 Februarii.
1050 2823 1196 2878 ladislaus
1212 2839 1260 2877 rex
1275 2825 1358 2892 signi·

108 2911 181 2978 licat,
198 2911 273 2980 quod
291 2909 432 2980 Stephano
456 2917 484 2966 et
507 2909 636 2965 iratribus
663 2911 729 2975 suis,
753 2910 817 2964 tiliis
839 2911 946 2965 comitis
971 2911 1060 2980 Opoy‚
1088 2911 1159 2964 haue
1188 2910 1267 2964 duxit
1288 2928 1350 2980 gru-

110 3000 177 3053 tiam
196 2997 359 3065 iaciendum,
380 2998 455 3068 qnod
473 2998 495 3053 si
516 2999 621 3052 dictum
638 2999 770 3052 comitem
793 2998 882 3068 Opoy‚
907 2997 1019 3052 fratrem
1042 3015 1147 3063 eorum,
1171 2997 1357 3068 possessiones

110 3101 176 3140 suas
195 3085 390 3156 qualicumque
408 3084 492 3138 modo
511 3085 630 3140 alienare
650 3087 804 3155 contigerit,
824 3086 915 3155 portio
935 3084 1086 3140 eorundem
1105 3085 1225 3139 filiorum
1243 3101 1357 3138 suerum

109 3191 219 3244 semper
237 3172 313 3227 salva
335 3179 495 3242 permaneat
513 3180 541 3227 et
558 3173 662 3227 illaesa.

166 3261 241 3331 (irin.
260 3261 291 3314 a'n
310 3277 400 3330 porea
419 3260 530 3314 cortule
548 3277 622 3330 perp.
641 3261 673 3314 in
694 3277 752 3313 meu
772 3257 936 3314 collectione.

163 3417 330 3472 MOCOLX.
357 3417 538 3476 maioma.
565 3421 643 3474 1284.
667 3421 708 3472 11.
731 3415 890 3472 Februarii.
915 3416 1075 3486 Capitulum
1094 3415 1166 3469 cath.
1191 3415 1307 3470 ecclesia
1331 3417 1356 3470 b.

109 3507 149 3560 lii.
170 3506 283 3574 virginis
302 3506 336 3560 de
355 3505 482 3560 Sardoas
505 3505 650 3574 significat,
674 3504 749 3575 quod
773 3504 879 3558 nobiles
898 3505 946 3558 viri
966 3504 1085 3557 civitatis
1108 3503 1265 3556 Scardonae
1284 3503 1358 3556 vide

108 3595 189 3648 iicet:
209 3593 339 3648 Lubavac
357 3594 430 3648 filius
449 3591 567 3647 condam
586 3590 771 3658 Bartodruzzi,
791 3591 905 3645 Cosmus
925 3599 952 3645 et
969 3590 1090 3644 Miuhuel
1103 3591 1152 3643 iiiii
1165 3589 1282 3644 condam
1301 3591 1358 3644 Do·

110 3681 195 3734 irrosii
214 3688 401 3751 cognomento
420 3680 575 3746 Tvardouh‚
594 3679 724 3733 Pribinus
737 3686 764 3733 et
777 3680 910 3746 Bosanus,
924 3678 1088 3744 Berislavus,
1102 3677 1273 3743 Dominicus,
1285 3677 1357 3730 Lau-

109 3769 216 3822 rentius
234 3775 262 3822 et
279 3769 357 3822 Zone
375 3785 425 3838 pro
445 3777 522 3838 parte
541 3784 591 3820 arra
617 3774 644 3821 ct
667 3769 791 3820 omnium
814 3767 916 3822 civium
940 3765 1181 3832 Scardoneneium
1204 3781 1255 3834 pro
1280 3771 1357 3833 parte

109 3873 174 3910 vero
192 3855 278 3909 altera
296 3855 402 3909 nobiles
421 3855 471 3908 viri
490 3855 603 3910 Parthia
623 3855 740 3910 condam
767 3854 935 3910 Stressimeri
954 3856 982 3907 in
1002 3869 1120 3923 persona
1139 3851 1164 3905 d.
1184 3851 1254 3904 Bani
1277 3851 1356 3904 Pauli

108 3948 251 4012 tamquam
270 3959 319 4012 per
337 3950 448 4012 paetum
467 3959 518 4012 pro
537 3959 569 3997 eo
588 3943 664 4012 quod
684 3943 772 3997 dietae
791 3941 908 3995 civitatis
927 3941 1000 3995 cives
1012 3940 1177 3994 tenebantur
1189 3939 1223 3991 ad
1237 3945 1357 3990 castrum

109 4028 267 4084 Scardonae
295 4029 323 4083 in
351 4029 515 4098 quibusdam
549 4031 674 4094 servitiis,
703 4029 830 4082 videlicet
857 4028 965 4097 vigiliam
997 4043 1045 4080 seu
1074 4023 1214 4079 custodias
1242 4041 1356 4088 servare,

109 4117 203 4170 vineas
222 4124 249 4170 et
267 4124 355 4172 terras
374 4117 470 4181 colere,
490 4124 517 4171 et
535 4133 637 4186 asprum
660 4123 776 4186 portare,
800 4115 899 4168 itinera
917 4121 945 4168 et
963 4114 1016 4167 alia
1035 4112 1145 4166 servitia
1170 4117 1300 4165 consueta
1318 4111 1356 4163 sa-

110 4221 180 4270 ccre,
199 4204 242 4258 his
261 4211 289 4259 et
306 4205 367 4258 aliis
381 4205 526 4274 cupientes
544 4203 649 4258 absolvi
672 4210 699 4256 et
721 4219 781 4256 esse
800 4201 877 4256 liberi
905 4208 933 4255 et
952 4199 1004 4253 frui
1027 4199 1200 4252 libertatibus
1222 4196 1356 4262 civilibus,

112 4293 291 4346 convenerint
316 4308 379 4345 cum
404 4292 475 4345 bano
502 4298 576 4344 etse
600 4290 782 4359 obligaverint
810 4289 899 4342 eidem
924 4287 1067 4342 annuatim
1090 4291 1118 4339 et
1139 4285 1168 4338 in
1194 4290 1357 4353 perpetuum

110 4379 218 4434 solvere
238 4379 292 4433 duo
312 4379 399 4432 miliia
416 4379 555 4442 librarum,
580 4384 608 4431 et
633 4394 684 4447 pro
708 4376 826 4446 pedagio
849 4383 991 4444 portarurn
1013 4373 1140 4437 civitatis,
1159 4387 1208 4440 pro
1233 4371 1358 4439 piscaria,

110 4485 161 4539 pro
180 4467 296 4522 macello
316 4475 343 4520 et
361 4483 410 4536 pro
428 4465 572 4534 arboragio
591 4472 688 4535 portua
701 4473 729 4518 et
741 4480 791 4533 pro
810 4464 926 4516 transitu
943 4459 1190 4524 barchaneilibres
1209 4458 1261 4511 600
1279 4473 1357 4510 vene-

110 4563 204 4610 torum
223 4569 378 4622 parvorum.
403 4552 474 4606 Item
493 4551 576 4604 iidem
603 4551 785 4618 obligaverint
804 4567 833 4602 se
852 4549 879 4602 in
898 4553 1062 4618 perpetuum
1090 4545 1179 4600 iacere
1202 4543 1356 4598 conducere

110 4642 318 4695 monasterius.
338 4638 773 4703 Elisabethaesautimoniaiium‚
799 4637 845 4690 ubi
866 4635 947 4704 deget
966 4635 991 4688 d.
1012 4633 1166 4688 Stanislavu
1189 4647 1267 4684 soror
1291 4630 1357 4684 dicti

112 4729 137 4784 d.
164 4726 244 4782 Pauli
269 4727 341 4793 bani,
365 4733 392 4780 et
416 4725 469 4779 hoc
495 4741 544 4795 pro
569 4725 732 4779 necessitate
755 4723 891 4778 dictarum
914 4721 1087 4777 dominarum
1105 4727 1133 4774 et
1152 4718 1357 4790 capellanorum
