3480 5356
728 445 874 490 euenere
1354 429 1416 495 371

180 609 311 669 omnibus
329 609 556 684 expeditionibus
574 611 652 684 regni
674 608 867 679 exbibuerunt,
888 611 983 668 eximit
1001 612 1115 670 eosdem
1134 613 1241 671 nobiles
1266 617 1422 690 specialiter

180 705 274 759 autem
291 701 406 757 Petrum
425 701 513 756 lilium
530 699 661 756 aneohk
678 699 855 770 jobagionem
872 701 956 756 castri
968 700 1003 756 de
1016 699 1132 772 Ryucbe
1144 708 1172 758 et
1190 703 1315 760 eusdem
1328 712 1422 777 poste·

182 793 277 850 ritates
295 809 313 848 a
328 789 465 864 judicatu,
479 788 595 862 judicio,
610 787 803 859 jurisdictione
821 793 849 844 et
866 793 1005 860 potestate
1023 789 1089 845 bani
1107 789 1223 847 Hennci
1240 791 1290 849 lilii
1311 791 1421 852 Nicolai

179 879 322 952 quondam
339 879 448 936 comitis
467 878 503 934 de
521 876 636 949 Ryuebe
653 880 682 932 st
699 875 817 932 aliorum
840 875 973 932 comitum
992 893 1043 949 pro
1062 882 1187 950 tempere
1207 881 1420 938 constitutorum

180 967 338 1040 etquidem
356 971 500 1040 tamquam
518 980 599 1021 ueros
616 969 645 1020 et
663 963 805 1020 naturales
823 963 974 1020 servientes
997 963 1106 1036 regales
1123 966 1197 1022 ultre
1214 965 1337 1024 Dravem
1354 987 1419 1026 con·

181 1056 300 1124 stitutus,
317 1057 401 1128 juxte
417 1054 574 1110 libertatem
591 1050 742 1110 eorundem
758 1051 902 1109 nobilium.
927 1053 1033 1108 Datum
1056 1069 1106 1125 per
1117 1070 1218 1110 manns
1229 1057 1355 1127 magistri
1367 1057 1417 1114 Ni·

180 1145 253 1202 colsi
270 1144 352 1200 aulas
370 1141 594 1200 vicecancellarii.

231 1233 281 1288 Ee
305 1233 376 1289 actis
399 1248 418 1288 o
442 1231 515 1288 bono
539 1227 816 1298 Kissa-Hectoreum
839 1242 873 1282 ec
897 1227 1010 1284 arctico
1028 1229 1107 1300 repsi
1124 1229 1235 1288 ablatis.
1260 1231 1298 1288 N.
1322 1232 1358 1289 R.
1383 1235 1418 1290 A.

179 1322 259 1378 Fero.
279 1323 340 1374 562.
360 1321 393 1376 N.
412 1322 454 1375 36.
475 1315 539 1375 θοὰ.
558 1316 628 1386 dipl.
642 1315 758 1386 patrius
780 1313 844 1370 1⁷11.
859 1331 890 1386 p.
908 1319 972 1372 172.

235 1459 453 1516 noonxxvl.
471 1463 550 1514 12⁷9.
568 1457 694 1514 Joannes
711 1455 939 1528 archiepiscopus
963 1457 1137 1530 spalatensis
1162 1460 1281 1518 insultes
1308 1462 1416 1520 Sibeni·

182 1549 308 1606 censium
326 1553 439 1622 propter
456 1565 512 1605 aon
530 1544 765 1604 consecrationem
780 1543 860 1600 electi
878 1561 928 1618 per
946 1561 995 1601 eos
1009 1548 1116 1614 (contra
1131 1547 1254 1606 ordinem
1273 1555 1300 1606 et
1317 1551 1418 1622 legem)

180 1638 287 1710 Ungari
304 1637 386 1695 Pauli
404 1638 433 1692 in
451 1637 622 1708 episcopum,
641 1641 669 1692 et
686 1653 735 1710 per
752 1637 806 1692 boe
832 1636 930 1694 ridens
952 1637 1105 1710 periculum
1129 1656 1186 1695 non
1213 1643 1301 1694 tantm
1326 1656 1418 1696 rerum

179 1743 293 1781 enarum
319 1725 368 1782 sed
396 1724 472 1796 quod
498 1725 610 1795 gravim
634 1729 677 1779 est
699 1740 835 1796 personae
861 1740 937 1792 enee,
963 1725 1083 1782 eundem
1107 1721 1221 1782 coactius
1238 1727 1418 1784 consecravit

179 1813 325 1885 Philippus
342 1817 435 1868 tamen
458 1812 607 1884 episcopus
631 1811 764 1867 firmanus
782 1816 810 1867 et
827 1829 871 1884 ap.
891 1809 965 1868 sedis
989 1813 1106 1883 legatus,
1132 1813 1249 1870 eendsm
1275 1831 1418 1872 conseera-

177 1901 283 1956 tionem
301 1917 351 1972 per
368 1916 433 1956 eum
450 1915 507 1955 une
524 1915 589 1954 cum
606 1899 728 1956 Tiniensi
746 1903 775 1974 et
792 1899 820 1954 N
821 1900 919 1956 cnensi
937 1900 1075 1974 episcopis
1093 1906 1234 1973 peractam
1254 1899 1374 1958 amavit
1391 1907 1419 1958 et

178 1987 281 2044 mitam
300 1987 481 2060 proclamavit
498 2003 555 2058 qua
572 1985 694 2042 indebite
712 1986 821 2054 factem
840 1987 1013 2060 praecipiens
1030 1988 1119 2044 Paulo
1138 1990 1191 2046 sub
1207 2006 1298 2062 poena
1310 2007 1419 2047 excom·

178 2075 380 2146 manicationis,
399 2081 431 2131 ut
448 2073 521 2130 ultra
538 2091 594 2130 non
612 2075 716 2130 electus
735 2073 783 2130 sed
802 2073 907 2131 Paulus
925 2075 1085 2148 simpliciter
1101 2082 1254 2134 vocaretur.

229 2163 358 2220 Farlote':
377 2163 458 2234 Ilipa
475 2177 546 2220 saer.
567 2161 596 2220 T.
614 2161 668 2219 IV.
682 2179 714 2234 p.
736 2164 796 2218 355.

232 2303 465 2362 MOGLXXVH.
483 2304 654 2376 Inprobius„
674 2305 753 2359 1279.
771 2301 906 2358 Nicolaus
925 2302 1015 2358 banus
1027 2305 1113 2361 totins
1125 2305 1273 2364 Slavoniae
1284 2309 1417 2381 notificat,

180 2394 357 2466 quodPetro
376 2391 542 2448 lilioBorcb
560 2391 713 2463 degenere
731 2391 814 2461 Aghe
831 2407 866 2447 ex
886 2407 942 2447 nna
959 2397 1038 2464 parte
1062 2397 1090 2448 et
1112 2396 1245 2464 magistro
1269 2397 1417 2454 Manfredo

178 2481 374 2538 archidiacono
390 2479 427 2535 de
445 2479 553 2536 Gercbe
571 2479 678 2536 decano
696 2479 828 2535 eeclesiae
846 2479 964 2550 Zagrab.
983 2480 1042 2536 vice
1065 2485 1093 2538 et
1115 2483 1226 2540 nomine
1250 2485 1364 2556 capituli
1382 2502 1417 2542 ex

178 2571 265 2626 altera
292 2567 473 2640 personaliter
498 2567 663 2635 constitutis,
688 2565 762 2622 idem
785 2566 884 2622 Petrus
908 2565 1052 2622 confessus
1080 2569 1125 2640 sit,
1148 2569 1224 2640 quod
1248 2587 1313 2626 eum
1336 2571 1418 2628 famis

178 2655 270 2714 inedia
294 2662 323 2712 et
346 2656 469 2728 periculo
493 2661 606 2728 propter
629 2655 778 2710 instantem
802 2654 934 2725 temporis
960 2655 1131 2710 sterilitatem
1155 2656 1301 2723 laboraret,
1316 2663 1417 2716 terram

178 2761 261 2802 sunm
288 2741 628 2804 haereditariamconolin
647 2747 781 2810 vocatam,
805 2741 834 2795 in
859 2740 1001 2796 montibus
1025 2758 1110 2813 super
1137 2743 1230 2800 Caene
1254 2746 1418 2802 existentem

177 2847 266 2905 prope
290 2832 435 2888 ecclesiam
462 2831 536 2887 besti
563 2830 687 2886 Matbaei
714 2845 776 2884 sum
800 2828 929 2884 omnibus
951 2829 1122 2900 pertinentiis
1146 2831 1271 2902 praefato
1295 2834 1418 2906 capitulo

178 2937 229 2992 pro
256 2921 353 2992 viginti
370 2935 420 2974 sex
438 2919 538 2974 marcis
555 2917 730 2974 decanorum
754 2915 989 2986 Zagrabiensium‚
1008 2933 1127 2988 quornm
1151 2919 1276 2989 singulae
1294 2922 1418 2992 quinque

177 3024 280 3080 pensae
297 3023 419 3062 mercam
436 3012 503 3062 tnnc
522 3007 654 3077 temporis
679 3003 825 3071 faciebant,
848 3002 1014 3071 tradidisset,
1036 3004 1192 3061 astantibus
1213 3007 1297 3062 etiam
1317 3009 1417 3065 Potola

178 3101 206 3152 et
222 3095 314 3152 Boroh
332 3093 463 3150 trabibus
487 3092 554 3150 dicti
576 3092 659 3160 Petri,
683 3091 789 3148 Ditriec
814 3096 841 3146 et
864 3091 997 3162 Beryalao
1019 3091 1103 3148 fratre
1127 3093 1251 3164 ejusdem
1274 3095 1309 3152 de
1333 3112 1415 3168 gene·

177 3185 284 3238 ratione
306 3181 371 3237 dicti
393 3181 467 3238 Petri
491 3179 688 3237 commeteneis
711 3178 842 3236 eiusdem.
866 3179 960 3234 Motae
984 3185 1078 3236 autem
1096 3186 1185 3238 terrae
1208 3188 1274 3238 sunt
1296 3200 1314 3238 a
1338 3188 1416 3256 parte

177 3269 349 3326 meridionali
368 3275 440 3324 terra
459 3267 664 3326 Oruciierorum
683 3267 718 3324 de
736 3265 853 3323 Planina
870 3267 898 3322 in
917 3283 973 3322 une
991 3267 1063 3323 ualle
1080 3283 1152 3338 qnae
1170 3267 1246 3324 vadit
1267 3277 1317 3342 per
1329 3270 1417 3342 potok

177 3357 288 3428 Ropotb
306 3363 334 3412 et
350 3357 426 3412 venit
443 3373 554 3412 sursum
572 3355 608 3412 ed
631 3361 718 3412 terras
742 3355 841 3412 Ditrici
868 3360 896 3412 et
921 3355 1038 3410 Berialai
1062 3356 1147 3427 patris
1166 3357 1290 3413 eiusdem
1314 3364 1342 3414 ct
1367 3375 1416 3432 per

176 3446 267 3502 varim
284 3449 373 3500 metas
391 3444 521 3500 arboreas
539 3449 568 3500 et
585 3449 688 3500 terreas
711 3441 886 3499 ascendendo
911 3443 938 3498 in
961 3449 1084 3500 montem
1110 3444 1185 3498 venit
1208 3443 1244 3500 ad
1269 3445 1341 3501 viam
1365 3463 1416 3518 pu-

176 3531 277 3588 blicam
295 3549 446 3604 perquam
465 3533 520 3588 itur
537 3531 573 3588 ad
591 3529 711 3588 Vorosd.
730 3531 784 3587 Per
802 3531 907 3586 bonum
925 3531 1045 3604 spatium
1062 3531 1190 3604 jungitur
1207 3537 1295 3588 terrae
1313 3533 1416 3590 Potula

176 3625 205 3675 et
223 3636 272 3692 per
289 3621 380 3674 varias
398 3624 487 3675 metes
505 3620 580 3674 venit
603 3617 639 3674 ad
665 3620 736 3674 viem
761 3636 832 3690 quae
850 3619 927 3675 vadit
948 3619 985 3675 ad
1010 3619 1204 3688 Glannicbam
1230 3627 1258 3676 et
1281 3622 1356 3678 venit
1378 3621 1415 3677 ad

176 3713 298 3764 montem
316 3705 365 3763 nbi
389 3708 524 3764 vicinatur
541 3713 630 3763 terrae
648 3707 789 3778 Vychech‚
815 3713 843 3764 et
866 3709 990 3781 pervenit
1013 3708 1049 3764 ad
1075 3709 1216 3780 quandam
1241 3714 1415 3780 reperturam

176 3793 299 3868 (iarbae,
319 3801 347 3851 et
363 3795 489 3851 escendit
506 3794 542 3850 ad
560 3795 743 3851 monticulum
758 3795 908 3868 Ouoehegb
927 3795 1114 3868 (Kneabergi)
1133 3801 1160 3852 et
1178 3796 1354 3868 procedendo
1366 3813 1415 3868 per

175 3883 274 3939 vallem
292 3883 328 3940 ed
346 3884 464 3955 primam
482 3889 586 3939 metam
609 3881 726 3955 Zapoth.

230 3971 355 4027 il'lraldr'd:
372 3974 446 4028 lton.
465 3971 548 4042 episc.
566 3972 684 4041 Zoprob.
702 3971 726 4026 L

227 4093 477 4152 MOOLXXVIII.
494 4093 666 4166 zaprebiae.
685 4097 763 4150 1279.
782 4093 942 4166 Capitulum
967 4092 1099 4148 eeclesiae
1120 4091 1313 4164 Zagrabiensis
1332 4093 1414 4164 signi·

89 4175 95 4194 ⁸
174 4183 247 4250 licet,
260 4182 335 4254 quod
348 4182 431 4238 fratre
442 4182 462 4237 J
463 4182 573 4239 ohanne
586 4184 676 4256 priore
689 4181 723 4238 de
735 4181 879 4254 Thoplice,
891 4197 942 4252 pro
954 4178 1103 4236 venerabili
1116 4181 1175 4237 siro
1187 4180 1270 4236 fratre
1283 4179 1414 4236 Matbseo

175 4269 275 4325 abbate
293 4268 329 4325 de
346 4269 443 4324 eadem
462 4269 597 4342 Tboplica
615 4275 643 4326 et
664 4275 802 4326 conventu
825 4267 950 4341 ejusdem
974 4267 1133 4324 monasterii
1157 4285 1175 4322 a
1199 4273 1276 4339 perte
1304 4285 1367 4334 una,
1386 4273 1415 4324 et

173 4355 324 4428 Redyrlao,
342 4356 453 4424 descen,
473 4357 634 4424 Gordomel,
654 4357 748 4414 Senko
767 4357 831 4412 filiis
857 4357 923 4412 Isau
948 4356 983 4411 de
1007 4371 1108 4426 genere
1132 4355 1241 4426 Rethey
1265 4355 1301 4410 eb
1327 4355 1414 4410 altera

174 4444 357 4516 personaliter
375 4444 541 4511 constitutis,
559 4443 632 4500 idem
658 4444 816 4518 Radyaleus
840 4450 868 4502 et
890 4445 989 4500 fratres
1014 4444 1058 4498 'sui
1081 4443 1202 4498 confessi
1230 4447 1294 4497 eunt
1312 4446 1413 4498 terrem

175 4549 254 4587 suam
272 4532 300 4586 in
319 4531 416 4604 Kyrba
434 4531 552 4587 vicinam
570 4537 657 4588 terrae
675 4533 800 4591 eiusdem
817 4531 926 4588 obbatis
945 4529 1145 4586 Gbememiobe
1169 4533 1303 4596 vocatam,
1322 4528 1413 4585 eidem

175 4619 268 4675 abbati
287 4624 316 4676 et
338 4621 506 4676 monasterio
531 4619 567 4676 de
594 4620 729 4694 Tboplioa
753 4618 910 4676 vendidisse
934 4634 985 4690 pro
1010 4617 1106 4688 viginti
1132 4633 1232 4672 novem
1259 4616 1358 4672 mercis
1385 4621 1413 4673 et

174 4706 288 4762 dimidie
306 4705 482 4763 denariorum
501 4707 650 4776 bonolium,
672 4723 790 4778 quornm
815 4707 941 4778 singulae
962 4705 1087 4776 quinque·
1107 4721 1211 4778 pensae
1232 4721 1316 4760 unam
1342 4720 1413 4760 mar·

177 4810 239 4850 cam
258 4793 404 4851 iaciebant
430 4793 524 4852 Prima
541 4801 616 4851 meta
633 4795 724 4851 dietae
742 4799 831 4850 terrae
854 4795 951 4865 incipit
968 4793 996 4849 in
1014 4793 1134 4850 confinio
1152 4799 1240 4850 terrae
1257 4809 1361 4864 grange
1378 4791 1413 4848 de
