3488 5380
671 446 818 496 naemu
1342 423 1407 496 269

164 613 308 684 umquam
326 608 386 668 οἱιιι
404 605 520 684 legitimi
546 615 655 686 pauonl
680 613 823 670 ecclesiam
842 615 929 671 sancti
947 613 1037 684 Pauli,
1059 631 1134 686 quae
1156 620 1199 672 est
1222 614 1302 672 iuxts
1325 615 1410 673 eccle-

165 699 235 754 siam
262 699 350 756 sancti
376 699 535 772 Tryphonis
553 700 748 768 cathedralem,
779 718 864 772 quam
887 702 1005 774 propriis
1033 703 1164 774 expensis
1187 702 1410 772 aedificaverunt,

164 791 258 843 tamen
276 803 340 842 cum
357 787 418 842 sine
435 787 554 843 haercsh
579 793 674 844 ament
697 789 809 854 carnali,
832 788 886 843 sibi
909 805 960 860 pro
984 789 1047 844 filiis
1071 788 1275 860 adoptaverunt
1293 789 1337 846 Fr.
1356 791 1410 846 Mi·

164 873 288 930 chaclem
316 873 437 946 priorem
464 873 491 929 ff.
520 873 578 930 ord.
602 873 829 932 Praedicatorum
853 873 888 930 de
912 873 1037 946 Ragusio
1061 881 1089 932 et
1113 875 1235 932 (luthero
1260 881 1288 932 et
1310 875 1408 932 fratres

164 960 334 1028 Florianum,
357 959 535 1034 Tryphonem
559 967 586 1016 et
613 961 742 1018 Marcum
765 963 863 1018 fratres
888 967 1041 1022 conventus
1065 962 1209 1034 Ragnsini,
1234 964 1293 1020 vice
1317 963 1409 1019 fratris

163 1047 310 1104 Michaelis
328 1047 465 1120 generalis
482 1049 607 1119 magistri
631 1047 756 1105 eiusdem
773 1048 887 1118 ordinis,
905 1055 937 1104 ut
954 1049 1015 1121 ipse
1034 1049 1103 1106 ordo
1122 1055 1150 1106 et
1168 1051 1266 1112 frsues
1285 1049 1410 1124 posside·

163 1139 226 1190 rent
243 1135 334 1206 ipsam
352 1135 498 1190 ecclesiam
517 1134 545 1192 S.
563 1135 644 1190 Pauli
663 1151 727 1191 cum
745 1135 830 1193 domo
848 1143 877 1192 et
895 1137 957 1194 allis
981 1137 1153 1208 pertinentiis
1177 1137 1235 1192 suis
1258 1137 1286 1191 in
1311 1153 1409 1209 perpe·

163 1227 252 1278 tuum.
276 1221 491 1277 Postulaverunt
514 1221 599 1292 igitur
623 1221 660 1277 ab
687 1223 820 1294 episcopo
844 1229 876 1278 ut
898 1224 1023 1295 ipsorum
1045 1225 1296 1296 praesentationem
1320 1229 1408 1280 utam

162 1308 278 1364 haberet
295 1312 323 1364 st
341 1307 516 1364 confirmaret
533 1309 581 1362 tali
599 1307 772 1364 conditione:
790 1309 866 1379 quod
885 1311 909 1364 si
926 1310 979 1381 ipsi
992 1310 1090 1366 boues
1108 1310 1144 1366 de
1162 1310 1287 1382 Ragosio
1306 1315 1334 1366 et
1352 1309 1405 1366 Os·

162 1395 243 1452 tharo
259 1393 426 1462 recederent,
437 1393 513 1450 dicta
526 1395 642 1452 ecclesia
653 1394 749 1452 redcat
761 1395 797 1451 sd
814 1395 1004 1468 supradictum
1015 1397 1135 1452 Paulum
1148 1401 1176 1451 et
1189 1412 1304 1452 uxorem
1316 1413 1408 1466 suam,

162 1487 364 1554 postquorum
386 1487 503 1538 monem
521 1481 568 1552 jus
592 1487 756 1553 patronatus
777 1483 906 1538 transibit
930 1483 965 1538 ad
990 1484 1211 1554 oonsmgvineos
1236 1485 1408 1555 proximores

162 1584 267 1626 eorum.
286 1569 379 1637 Quam
396 1567 609 1638 dispositionem
627 1569 776 1640 episcopus
789 1569 962 1624 confirmavit
980 1586 1074 1624 coram
1086 1569 1204 1626 testibus
1216 1569 1322 1625 Basilio
1333 1570 1404 1624 Drs-

164 1655 245 1726 goni·
260 1655 355 1726 jurato
370 1653 474 1726 judice,
496 1655 592 1712 Marco
610 1653 762 1712 Laurentio
780 1655 890 1724 Basilis,
904 1656 1118 1713 Bartholomaeo
1132 1657 1190 1713 filio
1208 1657 1329 1722 Boscae3
1348 1655 1405 1711 dia·

163 1757 252 1800 conus
270 1741 367 1798 Micha
383 1755 482 1798 comm
501 1741 626 1800 notarius
644 1742 761 1813 scripsit.

216 1829 344 1886 Forloti:
364 1828 447 1899 illyr.
466 1829 546 1886 socr.
568 1831 596 1882 T.
621 1827 669 1884 VI:
681 1845 714 1898 p.
733 1832 776 1884 44.
794 1845 822 1898 p.
846 1831 905 1883 441.

214 1967 324 2024 OhssX.
336 1969 460 2040 spaloti
478 1971 556 2024 lece.
575 1971 619 2023 14.
638 1967 754 2036 Aprilis
772 1967 918 2037 Regnsute
936 1967 1003 2022 ilels
1015 1965 1066 2023 IV.
1079 1984 1152 2038 rege,
1165 1966 1337 2039 temporibus
1349 1967 1407 2024 Ro·

160 2057 230 2127 gerii
248 2055 354 2128 Spalat-
371 2054 580 2126 archiepiscopi,
592 2053 713 2109 &laudi
724 2055 810 2110 totisu
823 2053 971 2110 Slavoniae
985 2053 1049 2108 bani
1062 2061 1090 2110 et
1100 2055 1209 2111 comitis
1221 2054 1405 2126 spalatensis,

160 2143 272 2200 nichae
289 2141 385 2206 Medii.
404 2141 492 2198 Dohri
509 2141 647 2197 Dliscizae
664 2147 693 2196 et
711 2141 853 2198 &marcii
874 2141 950 2196 Petri
964 2140 1111 2210 iudicum
1128 2141 1244 2212 Drsgan
1262 2141 1406 2197 Radomiri

159 2230 269 2301 accepit
286 2228 322 2286 sd
341 2227 538 2300 pastinandam
557 2244 574 2281 a
591 2228 704 2298 Duymo
722 2227 848 2282 Kassarii
867 2231 967 2282 terram
986 2243 1067 2283 susm
1078 2228 1107 2284 in
1118 2228 1223 2296 Dilato,
1241 2229 1405 2300 promittens

160 2317 236 2374 omni
260 2332 334 2370 anno
358 2319 501 2370 vreoenum
525 2329 612 2370 uuum
634 2318 720 2384 atque
744 2312 889 2370 dimidium
913 2313 1045 2384 plantare,
1071 2319 1100 2370 et
1123 2313 1278 2371 secuudum
1302 2315 1405 2370 bonam

160 2401 389 2462 comvsndinon
413 2401 532 2458 οὶιίιιιιίιι
560 2399 734 2472 Spalatensis
757 2399 892 2467 laborare,
916 2401 1026 2456 tertiam
1047 2405 1154 2472 partem
1181 2401 1288 2458 fructus
1313 2402 1403 2458 eidem

160 2491 274 2562 Dnymo
301 2486 484 2559 assignanda
514 2505 530 2544 e
556 2493 652 2544 contra
670 2487 797 2558 promisit
814 2487 840 2542 ei
857 2489 987 2558 Duymus
1005 2505 1056 2558 pro
1075 2488 1200 2559 quolibet
1226 2493 1338 2544 metune
1366 2489 1405 2544 vi·

160 2577 231 2634 ilum
255 2591 340 2647 quem
365 2575 552 2648 pastinarent,
577 2579 726 2645 antequam
743 2573 835 2646 ipsum
859 2574 974 2646 incipiat
996 2575 1135 2646 pastinare
1159 2575 1265 2632 solidos
1287 2575 1405 2646 quadra·

159 2666 238 2736 ginta
255 2664 432 2721 denariorum
450 2679 606 2734 parvorum.
633 2664 735 2718 Actum
753 2661 781 2718 in
800 2661 885 2718 domo
908 2662 1016 2728 notari,
1041 2662 1234 2732 praesentibus
1258 2660 1405 2718 Leonardo

159 2751 314 2823 Drscsany,
342 2750 486 2822 Stephano
509 2749 594 2818 Jueti,
618 2747 723 2805 Stanco
747 2747 860 2818 Dragcs
883 2748 1010 2815 testibus,
1033 2747 1158 2804 Jscobus
1177 2748 1253 2803 Patri
1277 2750 1406 2804 conscius

161 2839 338 2907 sambucis,
356 2838 489 2908 magister
507 2836 674 2892 Fraociscus
692 2836 758 2906 imp.
777 2835 903 2890 notarius
922 2834 1029 2905 Spalat.
1048 2834 1166 2904 scripsit

215 2927 260 2982 Ec
277 2925 391 2983 orclss'co
409 2925 502 2982 aulico
525 2923 738 2979 Vindoboccssi.
759 2921 888 2978 Collectio
907 2927 962 2978 oct.
981 2919 1091 2990 Spem
1110 2921 1141 2975 X
1147 2920 1191 2976 Vl.
1211 2924 1234 2975 1.
1253 2925 1296 2975 68.

215 3065 310 3122 OMX.
327 3064 462 3122 viterbii.
482 3067 558 3118 1266.
587 3067 625 3117 13.
644 3063 735 3119 «ΙιιιιιϊΙ
761 3060 890 3116 Clemens
914 3059 966 3115 IV.
995 3075 1069 3132 pspa
1092 3075 1219 3114 annuens
1243 3058 1410 3130 postulatio·

161 3153 244 3210 nibus
272 3151 440 3210 columbani
465 3151 589 3222 episcopi
616 3149 809 3220 Traguriensis
835 3147 952 3220 suscipit
977 3147 1006 3202 in
1033 3146 1233 3217 protectionem
1260 3145 1406 3201 ecclesiam

162 3241 224 3297 eius
242 3245 271 3297 et
289 3241 386 3297 statuit
403 3245 435 3294 ut
448 3253 638 3310 quascumque
658 3235 850 3307 possessiones
869 3233 965 3290 sudem
983 3233 1099 3290 ecclesia
1121 3234 1198 3302 juste
1222 3237 1251 3287 et
1272 3232 1405 3288 canonice

159 3325 305 3400 possideat
315 3327 340 3382 ei
353 3331 380 3382 et
392 3323 599 3382 successoribus
618 3323 678 3379 eius
695 3321 817 3377 illibatae
830 3326 1017 3392 permaneant
1034 3321 1072 3375 Et
1083 3319 1196 3390 quidem
1207 3319 1301 3375 locum
1312 3319 1407 3390 ipsum

159 3416 188 3471 in
207 3431 264 3486 quo
282 3413 357 3470 (licta
374 3411 492 3468 ecclesis
510 3411 563 3466 sita
581 3416 632 3477 est,
651 3409 850 3466 monasterium
869 3409 896 3464 S.
916 3407 1033 3472 Nicolai
1053 3407 1082 3464 S.
1101 3405 1247 3462 Michaelis
1266 3421 1299 3461 ac
1317 3404 1346 3461 fl.
1358 3405 1407 3460 Ja-

158 3501 231 3569 cobi,
257 3499 373 3557 ecclesia
398 3499 427 3554 in
444 3503 535 3553 cosmo
563 3497 597 3553 de
626 3495 762 3553 Sebenico
786 3513 850 3552 cum
874 3494 997 3562 decimis,
1021 3493 1158 3566 parochiis
1181 3498 1210 3548 et
1234 3492 1406 3564 pertinentis

161 3589 229 3657 susis,
253 3588 316 3644 locs
332 3585 411 3654 Drid,
431 3584 572 3640 Gustema
589 3591 617 3640 et
635 3584 808 3650 Dubrovam,
821 3581 1014 3653 possessiones
1033 3585 1060 3636 et
1078 3580 1200 3636 decimas
1222 3579 1250 3634 in
1275 3578 1348 3634 villis
1371 3577 1406 3634 de

158 3677 288 3744 Necesse,
306 3671 456 3742 Rudosich,
483 3671 604 3739 Gradae,
632 3670 759 3736 Ostroeh,
785 3669 900 3740 Spellan
918 3673 946 3724 et
963 3667 991 3724 S.
1010 3668 1092 3724 Petri.
1115 3667 1153 3722 Et
1175 3665 1311 3738 quidquid
1332 3665 1405 3736 juris

158 3763 267 3821 obtinet
287 3761 316 3816 in
341 3760 476 3817 comitatu
502 3759 640 3829 Zagorise
663 3763 691 3812 et
714 3755 807 3811 omniu
829 3756 884 3810 alis
904 3756 969 3825 jura
990 3755 1184 3826 praerogative
1207 3759 1235 3808 et
1258 3752 1404 3824 privilegia

158 3849 299 3908 ecclesiae
318 3838 562 3918 subscripserunt}
571 3845 700 3900 Clemens
711 3859 792 3914 paps,
806 3841 868 3898 Odo
881 3842 1057 3898 Tusculanus
1069 3841 1226 3914 episcopus,
1240 3838 1400 3911 Stephanus

157 3937 338 3994 Prensstinus
356 3951 400 4006 ep.
418 3933 451 3988 ir.
470 3933 595 3992 Jounncs
613 3931 688 3986 Port.
707 3935 735 3984 et
753 3929 783 4006 S.
802 3929 920 3984 Rufinae
939 3945 982 3999 ep.
1002 3929 1142 3985 Henricus
1155 3929 1285 3986 ostiensis
1305 3932 1334 3982 et
1351 3925 1405 3981 val·

157 4025 285 4082 letrensis
303 4039 346 4094 ep.
365 4021 510 4091 bouherus
528 4019 582 4074 'lit
600 4017 629 4074 S.
648 4015 782 4072 Praxedis
802 4015 895 4087 presb.
913 4013 987 4071 card.
1015 4013 1172 4072 Guilelmus
1190 4014 1243 4070 Tit
1264 4012 1293 4069 S.
1314 4013 1404 4068 Marci

157 4111 250 4184 presb.
268 4109 426 4176 cardinalis,
449 4106 576 4164 Ricardis
603 4105 632 4161 S.
658 4104 759 4174 Angeli
784 4103 919 4159 discoous
944 4101 1018 4158 eard.
1042 4100 1168 4157 Jacobus
1192 4100 1220 4156 S.
1244 4101 1351 4160 Mariae
1375 4101 1404 4153 ia

158 4197 309 4256 Oosmedin
328 4195 401 4253 diac.
425 4194 500 4252 card.
524 4191 700 4250 (lettifredus
725 4191 754 4247 S.
780 4190 893 4260 Georgii
917 4188 953 4244 ad
976 4189 1068 4244 velum
1091 4203 1207 4242 aureum
1231 4186 1301 4242 diac.
1328 4185 1404 4242 card.

20 4254 33 4268 .
156 4287 282 4346 Uberius
301 4283 331 4341 Β.
349 4281 495 4338 Eustachii
514 4280 584 4337 diac.
602 4277 677 4336 card.
696 4279 750 4334 Per
766 4293 881 4334 manum
899 4276 1024 4346 magistri
1042 4274 1188 4331 Michaelis
1202 4274 1230 4330 S.
1243 4273 1323 4330 Rom.
1336 4273 1400 4330 eccl.

156 4371 381 4432 vicecancellarii.

209 4459 338 4516 Forloti:
356 4457 439 4530 illyr.
458 4473 530 4513 socr.
552 4459 581 4512 T.
599 4457 618 4512 1
622 4455 648 4512 V
659 4473 688 4526 p.
708 4459 769 4511 350.

209 4597 320 4656 cuxI.
337 4597 472 4655 viterbii.
491 4599 568 4654 1266.
591 4599 636 4651 20.
660 4595 752 4651 Junii.
778 4594 908 4650 clemens
933 4591 983 4649 IV.
1009 4605 1084 4662 papa
1107 4587 1143 4646 ad
1168 4587 1401 4660 supplicationem

155 4685 265 4743 Mariae
289 4683 402 4755 regim
424 4681 596 4754 Hungariae,
612 4681 791 4738 donahonem
814 4695 940 4736 comem
967 4677 1133 4749 Syrmlsnsis
1161 4681 1189 4732 st
1217 4671 1402 4746 quarumdam

1259 4779 1296 4836 20
