3488 5380
333 369 398 438 216
559 391 564 399 ’
832 392 853 432 r.
876 376 1075 451 summme,

332 558 394 613 uim
411 554 535 612 escendit
558 555 586 610 iu
608 558 731 610 montem
760 552 795 609 ed
820 555 893 609 viem
917 569 990 625 quse
1015 552 1118 610 dicitur
1146 553 1283 620 Petrinus,
1310 569 1407 609 versus
1433 554 1573 612 meridien

334 643 424 700 tendit
441 641 543 698 directe
561 641 598 698 ed
616 640 730 697 domum
756 639 867 697 Nicolei
890 639 926 696 de
943 639 1067 696 Viuodol
1085 640 1113 694 iu
1133 639 1254 696 Oeliche.
1271 640 1318 696 Ad
1335 641 1478 697 meridiem
1495 641 1525 696 in
1538 641 1573 694 ri·

336 727 434 784 nulum
452 729 501 800 qui
519 732 562 783 est
580 728 608 781 iu
626 726 698 781 velle
716 731 745 781 st
763 743 813 798 per
830 741 894 782 eum
918 726 1043 782 escendit
1061 743 1110 798 per
1128 727 1234 782 sontem
1258 725 1405 784 Oleuovez.
1425 727 1481 782 Per
1503 729 1574 782 viem

333 815 466 872 Petriuue
493 813 581 870 tendit
598 812 635 870 ud
653 817 779 868 ausuum
798 817 826 868 et
843 812 916 867 ultre
938 818 1061 868 montem
1084 813 1204 882 (thudin,
1233 812 1333 869 deiude
1359 815 1387 870 iu
1414 813 1512 870 vellem
1538 812 1573 868 ud

327 907 453 961 montem
471 901 583 958 Ohudiu
601 900 780 973 pervenitad
799 905 902 955 terrem
921 899 1055 972 episcopi.

385 989 513 1046 creme:
531 991 605 1044 Mon.
622 988 686 1044 bist.
707 989 736 1044 T.
755 989 778 1044 Ι.
794 991 902 1057 p.135.

387 1127 587 1184 cmxxvm.
606 1131 685 1184 1267.
705 1131 747 1182 23.
766 1127 926 1183 Februarii.
944 1125 1012 1182 Bele
1029 1126 1081 1181 IV.
1106 1143 1154 1180 rex
1181 1126 1312 1194 nobilest,
1328 1127 1405 1198 quod
1428 1127 1502 1184 ciret
1526 1141 1576 1182 seu

330 1217 456 1287 hospites
474 1216 503 1270 iu
521 1229 595 1270 novo
619 1219 711 1270 cestro
730 1229 779 1286 per
797 1229 862 1270 cum
879 1215 908 1268 iu
925 1219 1022 1268 moute
1040 1213 1132 1268 Grcch
1156 1218 1324 1281 constructo,
1341 1214 1463 1270 revetere
1479 1227 1578 1284 procu·

333 1307 451 1370 rement,
472 1301 547 1372 quod
566 1317 629 1357 cum
647 1302 702 1372 ipsi
719 1302 747 1356 iu
767 1300 887 1356 confinio
904 1301 984 1369 regui
1001 1301 1029 1354 iu
1048 1299 1174 1370 pertibus
1196 1299 1345 1356 Slsvouice
1363 1301 1419 1355 siut
1434 1300 1578 1356 constituti

331 1397 360 1446 et
376 1395 490 1460 propter
513 1387 622 1444 diesne
638 1387 743 1442 tribute
761 1393 789 1442 et
806 1387 959 1442 tricesimus
976 1402 1040 1442 cum
1059 1387 1117 1442 suis
1135 1387 1320 1442 mercimoniis
1332 1393 1462 1457 questum
1472 1385 1579 1442 hebere

332 1493 388 1532 non
411 1475 529 1547 possint,
548 1475 678 1545 quocirca
700 1474 877 1545 postularunt
895 1479 926 1528 ut
944 1488 992 1528 eos
1016 1473 1053 1527 cb
1077 1473 1138 1528 letis
1164 1473 1275 1528 tributis
1300 1480 1328 1528 et
1351 1473 1495 1529 tricesimie
1517 1471 1580 1529 red·

332 1561 414 1619 deret
432 1566 585 1632 exemptos:
604 1561 665 1616 Rex
683 1576 750 1630 crgo
768 1561 808 1616 eis
826 1559 861 1615 de
881 1575 1020 1615 consensu
1043 1561 1156 1630 regines
1180 1576 1213 1615 ec
1237 1561 1361 1616 omnium
1387 1560 1525 1616 berouum
1552 1566 1580 1614 et

331 1648 467 1704 nobilium
488 1647 683 1716 usidencium,
706 1649 779 1703 benc
803 1647 951 1718 specialem
969 1645 1050 1701 duxit
1067 1645 1221 1702 faciendum
1237 1647 1363 1716 gretiam,
1382 1651 1413 1702 ut
1431 1647 1485 1717 ipsi
1503 1646 1579 1701 cives

331 1735 404 1792 infra
430 1735 563 1792 terminos
586 1736 664 1805 regui
682 1734 795 1804 eliquod
813 1734 949 1788 tributum
966 1737 1023 1788 tum
1041 1733 1070 1787 iu
1088 1734 1177 1804 equis,
1197 1749 1281 1804 quem
1299 1734 1327 1788 iu
1346 1734 1426 1788 terris
1448 1748 1500 1788 uec
1528 1732 1577 1788 eli·

331 1837 417 1892 quem
434 1822 600 1878 tricesimum
629 1823 657 1876 in
675 1821 754 1876 uullo
771 1821 833 1876 loco
852 1821 958 1876 solvere
975 1825 1130 1876 tencantur.

387 1925 513 1984 mauu:
531 1926 610 1982 Most.
628 1925 706 1982 cinit.
727 1925 811 1994 Zeor.
831 1927 853 1980 1.
873 1925 941 1980 Dec.
961 1928 1005 1980 50.

393 2083 563 2140 cmm.
581 2083 753 2155 bombice.
778 2085 857 2136 12⁶⁷.
875 2087 919 2137 12.
938 2083 1049 2138 Martii.
1068 2082 1213 2138 Bolsudus
1231 2081 1322 2137 benus
1333 2083 1420 2138 totius
1431 2081 1581 2139 Slssouise

339 2171 470 2240 declurst,
489 2171 647 2241 quodcum
665 2171 797 2241 magister
815 2170 915 2226 Petrus
933 2169 1025 2224 dictus
1038 2169 1157 2226 Pulcher
1175 2167 1297 2224 decenus
1321 2169 1454 2230 ecclesiae
1478 2169 1582 2240 Zegre-

341 2259 445 2314 bleusis
464 2259 608 2316 universos
626 2258 752 2328 hospites
771 2257 798 2310 in
818 2256 901 2312 Seleu
920 2255 956 2310 nd
977 2256 1111 2312 baustum
1128 2257 1297 2327 pertinentes
1316 2271 1400 2328 super
1417 2256 1491 2313 fecto
1508 2256 1582 2314 deci-

336 2361 446 2400 merum
464 2349 616 2412 evocasset,
635 2343 827 2414 proponendo,
845 2343 920 2414 quod
938 2343 1060 2398 decimes
1083 2359 1148 2398 sues
1170 2359 1235 2399 cum
1258 2345 1377 2415 especiie
1401 2344 1430 2398 iu
1452 2343 1582 2414 frugibus

335 2438 365 2488 et
381 2432 438 2488 elie
455 2431 564 2486 minute
581 2430 731 2486 earundem
750 2431 779 2485 iu
798 2431 857 2486 suis
882 2431 1035 2502 speciebus,
1060 2430 1109 2484 sed
1128 2431 1155 2484 iu
1175 2430 1295 2486 deueriie
1318 2430 1467 2486 solvissent
1489 2445 1581 2501 usque

341 2517 534 2584 medeburun
552 2523 646 2572 sutem
664 2534 720 2572 une
737 2532 801 2572 cum
819 2517 959 2572 nobilibus
976 2518 1054 2588 regui
1071 2517 1220 2575 Slevouiee
1230 2517 1406 2585 udiudicevit,
1417 2516 1495 2588 quod
1506 2515 1582 2573 idem

341 2605 472 2675 magister
490 2605 590 2659 Petrus
607 2602 732 2660 decenum
750 2618 814 2660 cum
831 2604 966 2674 magistro
984 2603 1067 2660 Petro
1085 2603 1280 2660 erchidiscouo
1304 2603 1423 2674 Zegreb.
1447 2604 1581 2674 magistro

339 2691 424 2748 Petro
448 2691 608 2761 praeposito
633 2689 798 2745 Chermeusi
816 2695 844 2744 et
861 2691 994 2760 magistro
1022 2689 1172 2745 Benedicto
1195 2689 1389 2747 archidiacono
1412 2689 1449 2746 de
1472 2689 1581 2746 Gercbe

337 2779 366 2834 iu
385 2777 553 2834 monasterio
574 2776 604 2832 S.
622 2775 757 2848 Stephani
779 2777 853 2846 regis
878 2781 1050 2848 preestureut
1073 2781 1277 2832 recrementum
1295 2792 1380 2848 super
1406 2778 1464 2833 suis
1491 2776 1581 2834 dictis.

338 2863 512 2920 Advenieute
530 2863 648 2918 termino
665 2863 791 2932 megistri
809 2863 946 2934 prenotati
965 2864 1113 2920 voluerunt
1131 2870 1272 2934 preestero
1301 2868 1513 2934 recrementum,
1531 2879 1582 2935 po-

341 2951 401 3024 puli
419 2956 513 3006 sutem
531 2949 567 3006 de
585 2949 668 3005 Seleu
689 2953 893 3004 sacramentum
905 2962 1001 3005 eorum
1013 2951 1134 3020 recipere
1147 2949 1305 3018 noluerunt,
1316 2956 1491 3006 assumentes
1503 2967 1582 3022 pree-

339 3037 464 3094 seutibus
483 3038 549 3093 inus
577 3035 757 3106 Zegrsbiensi
784 3041 812 3090 et
835 3035 972 3091 Miclreele
989 3035 1026 3090 de
1130 3036 1287 3104 comitibus,
1311 3035 1432 3092 decimes
1456 3053 1523 3093 sues
1546 3035 1583 3094 dc

337 3131 446 3183 caetero
464 3125 493 3179 in
510 3123 630 3194 cepeciis
649 3128 676 3178 et
693 3123 803 3178 minute
819 3124 847 3178 in
866 3122 1014 3193 speciebus
1032 3123 1172 3178 soluturos
1190 3123 1322 3194 capitulo.

393 3211 521 3268 stultit.-
539 3211 618 3266 Mos.
635 3209 698 3266 bisc
720 3211 748 3265 Τ.
768 3212 790 3264 l.
809 3225 873 3279 pop.
891 3214 951 3292 1311.

395 3349 549 3406 OMXXX.
567 3348 690 3407 Vlterbi.
715 3353 796 3402 1267.
822 3353 864 3405 25.
890 3350 1000 3404 Martii.
1025 3348 1154 3404 Clemens
1178 3347 1230 3406 IV.
1258 3367 1333 3422 pepe
1359 3350 1395 3406 ed
1420 3352 1584 3422 petitionem

344 3437 461 3493 ficuum
479 3433 706 3492 Preedicutorum
725 3435 949 3504 Regusieusium,
970 3435 1045 3505 quod
1063 3435 1206 3504 quondum
1226 3435 1359 3492 Jscobizs
1373 3437 1430 3492 filie
1447 3437 1508 3494 Viti
1530 3439 1584 3496 Oe·

343 3523 471 3596 piteseldi
490 3522 525 3578 de
543 3521 670 3592 Rugusio
687 3527 754 3576 tuuc
772 3522 856 3576 vidue
874 3521 1015 3592 quendum
1032 3522 1147 3578 domum
1160 3539 1240 3578 suem
1252 3523 1281 3578 in
1295 3523 1419 3594 Regusio
1432 3525 1486 3581 sub
1497 3525 1584 3584 domo

339 3610 459 3666 Josuuis
478 3609 613 3666 corcissii
632 3607 713 3662 sitem
732 3608 772 3662 eie
791 3608 991 3679 possidendum
1008 3611 1037 3664 in
1055 3610 1153 3664 ultime
1171 3609 1313 3668 voluntate
1328 3611 1438 3682 legerit,
1452 3612 1505 3668 sub
1517 3629 1585 3670 con·

341 3695 445 3752 ditione
464 3701 495 3750 nt
510 3684 537 3749 ¹ui
556 3709 605 3750 eos
623 3694 777 3764 contigeret
793 3695 829 3750 ds
848 3695 958 3752 civitate
983 3697 1127 3767 Regusius
1151 3695 1301 3766 discedere,
1318 3695 1420 3753 domus
1447 3699 1510 3770 ipse
1535 3701 1585 3757 de·

342 3785 421 3840 beret
439 3781 474 3837 cd
493 3781 638 3838 ecclesiam
658 3780 687 3837 S.
707 3783 813 3838 Murice
830 3783 944 3854 majoris
962 3781 1099 3852 devenire,
1118 3800 1181 3840 curu
1199 3789 1293 3839 eutem
1311 3785 1366 3856 ipsi
1387 3785 1486 3843 fratres
1507 3803 1584 3844 esse·

340 3875 456 3925 ruerunt
473 3868 576 3925 dictam
594 3869 733 3924 civitatem
751 3885 895 3940 uunquam
913 3869 1079 3936 deserturos,
1093 3871 1191 3926 anuuit
1203 3872 1243 3926 eis
1253 3871 1371 3928 eeudem
1388 3873 1504 3930 domum
1515 3892 1583 3932 veu-

342 3955 434 4014 deudi.

393 4041 521 4098 Fcrlotiz
540 4041 623 4112 illyr.
642 4041 720 4098 Scor.
739 4045 772 4098 F.
792 4041 838 4097 Vl.
856 4059 884 4112 p.
903 4045 962 4098 110.

397 4181 563 4237 OMXXXI.
581 4182 754 4253 Μηδία.
773 4186 850 4238 1267.
871 4187 895 4239 9.
915 4183 1034 4252 Aprilis.
1054 4183 1200 4240 Roluudus
1218 4186 1308 4242 benus
1326 4188 1412 4243 totius
1431 4188 1584 4247 Slerouiee

346 4269 479 4337 declaret,
499 4267 575 4340 qnod
601 4268 766 4326 secedentes
790 4269 825 4324 sd
849 4271 911 4340 ejus
935 4271 1120 4342 praesentium
1144 4272 1192 4328 filii
1217 4272 1335 4330 Endrei:
1359 4273 1483 4344 Luksch,
1501 4275 1585 4348 wyu,

343 4357 492 4414 Metheeus
510 4361 538 4410 et
555 4355 654 4412 Petrus
676 4356 810 4426 petissent
828 4356 864 4410 sb
888 4357 936 4412 illo
961 4357 1067 4412 litteras
1091 4359 1199 4414 comitis
1220 4359 1414 4429 Zegrsbiensis
1434 4361 1515 4431 que,
1539 4381 1586 4421 so-

345 4448 444 4499 nantes
463 4449 665 4514 superterram
685 4443 828 4498 (lonchem
847 4443 985 4509 (Koubam
1011 4461 1061 4500 seu
1086 4445 1171 4515 Otok)
1196 4451 1292 4502 contre
1310 4447 1478 4518 jobngiones
1500 4455 1586 4508 cestui

345 4530 464 4600 Zegreb.
486 4529 650 4600 confirmari,
668 4531 696 4584 iu
715 4529 818 4601 quibus
843 4529 915 4586 idem
939 4531 1009 4587 Inus
1032 4533 1176 4604 significet,
1202 4531 1276 4604 quod
1300 4533 1384 4592 iidem
1408 4535 1456 4590 filii
1479 4535 1585 4594 Endrei

345 4620 507 4674 evocassent
525 4613 694 4684 Minislsum,
714 4617 867 4672 Mertinum
886 4623 1053 4688 sentuosum,
1072 4619 1183 4676 Viduch
1196 4621 1283 4676 filium
1295 4621 1428 4686 eusdem.
1446 4621 1585 4682 Deuleum
