3544 5344
278 363 320 430 28
774 389 795 428 1.
818 375 1015 447 1111110101ιὸ,
1080 419 1088 433 .

275 553 411 611 1010110011
427 570 460 608 ac
478 553 596 624 propriis
613 552 742 608 manibus
759 569 868 608 crucem
885 551 913 606 iu
931 551 1030 607 arbore
1042 553 1143 620 incidit,
1156 553 1234 608 iuxta
1246 569 1329 624 quem
1343 553 1435 610 locum
1447 560 1513 610 sunt

276 648 331 697 tres
348 645 438 696 metae
456 639 504 694 filii
523 640 612 708 Marii,
631 645 660 695 et
677 639 782 696 ducunt
805 639 840 694 ad
858 639 971 707 fontem,
995 639 1074 694 euius
1092 640 1196 696 rivulus
1214 641 1373 698 Bacenicha
1390 649 1511 698 vocatur.

276 728 420 784 Gonoessit
436 728 520 782 etiam
537 727 590 782 illis
608 744 657 782 rex
674 733 783 794 terram,
801 743 887 798 quam
905 725 1005 783 Odells
1022 743 1110 798 nepos
1128 727 1246 783 Berichii
1265 728 1330 782 bani
1347 745 1410 784 cum
1428 729 1512 785 eccle·

275 815 316 870 sia
339 831 360 870 s.
388 815 493 870 Mariae
519 814 558 870 ibi
584 814 700 870 fundata
726 815 856 870 fratribus
883 814 981 869 domus
1009 814 1104 885 templi
1122 813 1242 869 donavit.
1270 815 1384 870 Terram
1401 833 1512 886 quoque

275 901 410 958 Wodicba
428 919 512 973 quam
529 902 680 973 templariis
699 900 857 973 Stephanus
870 901 989 957 condam
1001 917 1093 956 comes
1106 901 1141 956 de
1153 900 1254 957 Geriza
1265 901 1386 958 donavit.
1399 903 1512 958 Terram

274 1006 397 1060 quoque,
425 1005 509 1059 quam
536 989 576 1044 eis
602 988 757 1044 Damnldus
784 1004 876 1044 comes
903 989 932 1042 in
959 988 1090 1044 comitatu
1116 987 1152 1044 de
1183 987 1283 1044 Goriaa
1311 1006 1361 1060 pro
1391 990 1511 1045 remedie

274 1077 382 1131 animae
405 1075 564 1132 donaverat.
590 1075 724 1131 Concedit
747 1077 830 1131 etiam
857 1091 905 1130 rex
929 1073 964 1130 ad
990 1076 1108 1146 pretium
1131 1075 1223 1130 fratris
1248 1075 1370 1132 Cononis
1388 1077 1511 1147 magistri

275 1163 414 1219 servitium
431 1163 575 1219 homiuum
592 1163 708 1220 Velislai
726 1169 754 1219 et
772 1162 923 1230 Ghudialai,
936 1163 984 1233 qui
995 1163 1053 1234 regi
1071 1168 1099 1218 et
1111 1163 1163 1218 soli
1174 1162 1247 1220 bano
1261 1179 1277 1218 a
1290 1163 1511 1234 progenitoribus

275 1252 332 1306 suis
351 1251 451 1306 servire
467 1251 639 1306 tenebantur.

332 1337 451 1392 Wenael:
472 1338 562 1393 (ledea
580 1337 649 1407 dipl.
667 1337 777 1407 Arpad
797 1337 826 1393 Τ.
845 1337 908 1406 XI,
923 1353 953 1406 p.
969 1341 1029 1392 105.

325 1442 489 1498 LXXXIV.
508 1444 626 1501 Romae.
644 1443 794 1512 Laterani,
813 1445 856 1494 22.
874 1441 1013 1498 Ianuarii
1032 1445 1104 1496 1211.
1122 1442 1300 1498 Innocentius
1319 1443 1365 1498 ΠΙ
1384 1461 1457 1515 papa
1475 1444 1511 1500 ad

274 1530 434 1600 petitionem
451 1529 543 1584 Pontii
560 1529 685 1600 magistri
703 1535 731 1585 et
747 1529 864 1584 fratrum
881 1529 994 1584 militiae
1010 1529 1105 1600 templi
1116 1530 1145 1584 in
1157 1529 1281 1600 Ungaria
1293 1529 1407 1602 praebet
1419 1547 1511 1586 assen-

274 1633 343 1685 sum,
368 1621 400 1672 ut
422 1617 667 1672 commutationem
690 1618 760 1672 inter
785 1633 833 1672 eos
857 1623 885 1672 01
909 1613 1102 1686 (Gothardum)
1126 1617 1289 1688 episcopum
1306 1618 1512 1688 zagrabiensem

274 1720 358 1774 super
375 1703 542 1773 quibusdam
558 1703 671 1760 decimis
690 1704 795 1758 0101111
813 1703 896 1758 rebus
914 1703 982 1758 inire
1000 1703 1115 1774 possint.

326 1808 459 1863 Kalena:
477 1809 554 1863 Hist.
573 1808 635 1864 crit.
657 1807 689 1877 V,
707 1811 765 1864 123.
783 1807 876 1876 Feles:
897 1807 962 1864 Occi.
981 1808 1058 1876 Dipl.
1076 1809 1117 1878 II,
1134 1825 1163 1878 p.
1181 1813 1240 1864 104.

326 1921 476 1976 LXXXV.
494 1922 622 1992 Vigiliis,
648 1927 672 1977 6.
696 1922 779 1978 ranis·
802 1925 875 1976 1211.
902 1921 969 1976 Vita
991 1923 1135 1976 nauclerus
1160 1923 1225 1978 civis
1243 1923 1398 1993 ragusinus,
1418 1939 1511 1979 coram

273 2009 305 2064 B.
324 2009 456 2081 episeopo
479 2009 615 2078 vigiliensi
639 2015 666 2064 et
689 2009 823 2080 imperiali
847 2010 994 2064 secretario
1017 2027 1187 2080 comparens,
1214 2010 1328 2080 deponit
1354 2012 1511 2080 quaerelam

274 2102 370 2152 contra
387 2096 495 2166 aliquos
513 2097 586 2152 cives
605 2097 770 2167 vigilienses,
789 2097 836 2166 qui
861 2097 1046 2151 astrinxerunt
1070 2113 1133 2151 enm
1151 2097 1257 2152 solvere
1275 2097 1310 2152 de
1328 2098 1510 2166 anchoratico,

274 2183 447 2238 arboraticho
465 2201 498 2238 ac
517 2183 690 2254 plateaticho‚
715 2183 816 2250 diceus,
841 2183 897 2237 iam
920 2199 955 2238 ex
979 2183 1093 2253 antiquo
1116 2183 1188 2238 cives
1207 2185 1322 2254 Ragusii
1340 2185 1511 2256 applicantes

274 2271 354 2325 litora
372 2270 488 2326 civitatis
512 2269 661 2340 vigiliensis
686 2270 753 2324 nihil
777 2270 892 2325 solvisse
910 2269 945 2324 de
963 2269 1042 2324 dictis
1061 2269 1169 2324 tributis
1190 2275 1239 2324 aut
1256 2271 1392 2326 mercibus
1412 2273 1511 2343 emptis

274 2363 323 2412 aut
340 2357 465 2423 venditis,
484 2359 556 2412 sicut
572 2375 624 2413 nec
642 2357 797 2427 vigilienses
816 2358 930 2412 solvisse
947 2357 1072 2427 Regusii.
1088 2358 1143 2412 Pro
1155 2360 1362 2414 conservatione
1374 2359 1510 2414 bonorum

273 2462 382 2499 morum
400 2445 618 2501 introductorum
635 2450 760 2515 tempore
778 2443 909 2500 Frideriei
926 2445 999 2514 regis
1018 2451 1045 2500 et
1057 2461 1171 2500 suorum
1184 2446 1434 2516 praedeeessorum,
1447 2464 1511 2502 cum

273 2549 369 2587 revera
387 2537 461 2587 extet
478 2538 591 2603 pactum
609 2549 672 2586 cum
689 2531 823 2601 Ragusio,
841 2531 1013 2587 declararamt
1027 2531 1135 2602 judices
1148 2533 1299 2604 supradicti
1316 2533 1432 2588 liberum
1450 2550 1511 2589 esse

273 2619 368 2674 Vitam
395 2626 423 2674 et
449 2635 639 2690 quoscumque
666 2618 739 2674 cives
757 2619 902 2688 ragusinus
921 2619 1060 2674 venientes
1078 2620 1195 2690 Vigilias
1214 2619 1249 2674 ab
1268 2621 1342 2675 omni
1360 2621 1510 2675 exactione.

273 2708 424 2778 Propterea
441 2705 596 2760 ordinatum
615 2711 657 2761 est
674 2706 867 2762 Bartolomaeo
884 2707 991 2761 11010110
1003 2707 1165 2773 communis,
1179 2712 1210 2762 ut
1221 2707 1303 2761 istam
1314 2707 1511 2763 resolutionem

274 2799 361 2866 ponat
377 2794 404 2848 iu
424 2793 540 2864 scriptis.
1030 2865 1033 2872 Ι

325 2881 437 2948 ajebat.-
456 2883 530 2937 Moa.
547 2879 611 2936 frist.
630 2879 705 2936 Siue.
724 2879 818 2934 merid.
836 2881 867 2947 1,
883 2894 913 2948 p.
933 2882 976 2934 27.

326 2984 489 3040 LXXXVI.
516 2989 588 3039 1211.
616 2983 742 3039 Andreas
770 2983 800 3038 11
818 2999 867 3038 rex
884 2982 1086 3038 manifestando
1113 2985 1228 3055 probata
1252 2986 1281 3040 in
1300 3002 1363 3040 cum
1381 2987 1511 3042 creatoris

274 3073 479 3142 benignitatem,
502 3072 583 3142 cujus
608 3069 794 3126 misericordia
819 3087 836 3125 a
860 3075 900 3125 tot
918 3076 945 3126 et
962 3072 1045 3125 tantis
1064 3071 1116 3126 fuit
1136 3071 1264 3143 periculis
1281 3071 1413 3127 liberabis
1431 3079 1459 3128 01
1476 3072 1511 3129 de

274 3159 356 3214 exilio
374 3159 409 3214 ad
433 3175 557 3229 regnum,
584 3159 620 3214 de
646 3175 755 3214 carcere
781 3155 817 3212 ed
845 3157 953 3225 solium,
972 3157 1132 3213 mirabiliter
1158 3159 1330 3226 sublimatus,
1357 3159 1510 3216 devotionis

274 3251 338 3302 voto
356 3245 492 3313 inductus,
511 3246 710 3301 monasterium
733 3243 768 3299 ad
791 3244 925 3299 honorem
947 3245 1044 3300 beatae
1062 3245 1107 3300 dei
1129 3247 1267 3316 genitricis
1288 3247 1394 3302 Mariae
1411 3248 1439 3302 iu
1457 3249 1510 3302 To·

274 3332 346 3406 plica
363 3333 443 3388 duxit
468 3333 691 3400 cousuuendum,
718 3332 902 3401 fratribusque
929 3333 1130 3388 clarevallensis
1154 3332 1261 3402 domus,
1289 3333 1391 3388 ordinis
1410 3341 1510 3406 cyster-

274 3422 380 3488 ciensis,
398 3419 472 3476 idem
489 3421 687 3475 monasterium
704 3435 768 3474 cum
786 3418 914 3474 omnibus
933 3420 1154 3490 possessionibus
1172 3427 1200 3475 01
1217 3421 1396 3488 libertatibus,
1409 3422 1509 3492 quibus

273 3507 341 3562 illud
360 3507 472 3574 dotavit,
491 3507 613 3562 contulit.
632 3506 717 3560 Dedit
734 3523 799 3561 vero
817 3505 842 3560 ei
859 3507 888 3559 iu
906 3505 1000 3562 dotem
1018 3513 1107 3562 totum
1125 3509 1285 3562 comitatum
1304 3525 1450 3577 gorensern
1465 3509 1509 3577 (de

274 3594 359 3663 Gora)
377 3611 441 3648 cum
459 3591 588 3649 omnibus
606 3593 784 3664 pertinentiis,
809 3598 917 3662 praeter
935 3595 1112 3664 pertinentias
1133 3595 1339 3666 templariorum
1357 3601 1385 3650 et
1403 3601 1510 3666 praeter

275 3698 324 3736 sex
341 3681 532 3751 generationes
555 3697 619 3735 cum
642 3681 752 3747 tenutis,
777 3697 846 3750 quas
865 3679 901 3734 ad
924 3680 1139 3737 iurisdictionem
1161 3682 1243 3736 castri
1262 3682 1348 3736 voluit
1367 3683 1508 3753 pertinere.

275 3769 377 3824 Statuit
395 3785 477 3838 porro
496 3774 526 3821 ut
544 3767 659 3822 ecclesia
676 3768 706 3821 B.
725 3767 761 3822 V.
781 3767 818 3821 M.
838 3767 873 3822 de
896 3769 1011 3838 Toplica
1029 3768 1122 3823 omnia
1139 3769 1200 3822 iura
1218 3769 1364 3822 comitatus
1381 3769 1416 3823 de
1434 3770 1509 3825 Gora

274 3855 422 3926 possideat,
441 3871 512 3924 quae
530 3853 614 3910 duces
633 3854 779 3911 Slavoniae
797 3871 847 3909 seu
865 3857 979 3910 comites
997 3854 1032 3910 de
1050 3853 1125 3910 Gora
1144 3862 1225 3910 antea
1244 3856 1433 3926 possederunt.
1453 3857 1510 3912 No·

274 3943 348 3996 mina
372 3943 572 4013 piscaturarum
595 3943 664 3997 haec
688 3946 764 3996 sunt:
790 3943 919 4008 Ilovcuie,
946 3941 1161 4012 Bratchevyclia,
1189 3943 1288 4009 Lubiu,
1316 3943 1508 4014 Vnstiloygne,

275 4029 420 4095 Cherueth,
439 4029 587 4095 Terdeche,
606 4029 740 4084 Bulsovia.
759 4028 927 4098 Principales
951 4033 1045 4083 autem
1062 4034 1165 4083 metae:
1187 4029 1309 4099 'replica
1329 4027 1437 4098 (lolius,
1457 4031 1509 4086 Bo-

277 4116 356 4171 uicba
379 4122 407 4170 et
430 4115 557 4185 Podegas
582 4116 653 4170 ultra
676 4115 790 4170 fluvium
815 4115 950 4185 Ouppam,
976 4115 1012 4170 ab
1030 4132 1063 4171 00
1081 4117 1143 4170 1000
1162 4115 1210 4170 ubi
1232 4116 1330 4171 fluvius
1350 4115 1509 4172 Orauaucha
1577 4123 1581 4131 '

274 4203 348 4258 cadit
366 4195 393 4256 in
412 4203 541 4273 Cuppam
559 4219 647 4272 usque
665 4202 701 4256 ad
720 4202 850 4257 terminos
868 4203 1030 4272 Pesceuyce,
1052 4218 1124 4272 quae
1143 4208 1184 4256 est
1202 4203 1266 4257 villa
1283 4202 1398 4258 fratrum
1415 4203 1508 4275 hospi-

274 4291 345 4356 talis,
372 4289 436 4346 dein
463 4289 596 4356 Hothina‚
621 4289 744 4360 Strysov,
762 4289 888 4355 Dossice,
917 4289 1069 4356 Maladece,
1096 4289 1211 4356 Brestet‚
1236 4289 1400 4360 Crustevyae
1425 4306 1509 4361 super

275 4377 384 4442 Suram,
395 4375 813 4446 liloschenyzeetterraStrepia,
824 4375 934 4430 Baohus
946 4393 1064 4445 quoque,
1077 4376 1175 4442 Peche,
1189 4375 1303 4442 Stanlro,
1318 4381 1390 4431 terra
1402 4376 1508 4445 Reddo,

277 4479 350 4534 qnae
370 4467 412 4518 est
430 4477 514 4533 super
532 4461 650 4529 Glinam,
669 4462 742 4519 Obet
760 4479 823 4516 cum
835 4463 893 4516 0010
905 4463 992 4530 metis,
1005 4467 1077 4516 terra
1089 4462 1202 4532 Mogou,
1215 4462 1311 4516 Berlris
1323 4467 1352 4519 01
1364 4463 1509 4534 Obultych,

276 4550 424 4619 ltlelinoga,
443 4549 595 4620 Stresyche,
615 4549 729 4617 Visula,
747 4555 820 4604 terra
842 4548 936 4603 Rados
956 4555 983 4602 et
1000 4549 1145 4603 Graduner
1163 4547 1328 4618 (Gradimir),
1344 4549 1507 4617 Jalsevuiaa,

275 4636 375 4704 Marta,
403 4635 574 4703 Brebroviza,
600 4637 725 4705 anlslro,
751 4636 891 4704 Gradissa‚
919 4641 991 4692 terra
1014 4636 1151 4707 Provinja‚
1171 4636 1308 4704 Ohavche,
1330 4653 1426 4692 omues
1444 4654 1508 4692 oum
