3376 5350
367 435 432 502 440
865 443 884 484 r.
903 429 1112 494 nunnrarrvrc,

368 624 576 680 reambularunt
593 623 645 678 hae
664 631 740 678 sunt:
760 641 833 694 aqua
852 621 1008 678 Berzenohe
1027 623 1073 676 ubi
1087 621 1202 675 caditis
1216 637 1277 674 earn
1291 637 1364 690 aqua
1378 619 1488 690 Achyn,
1502 619 1621 674 tendens

368 712 404 766 ad
424 713 649 784 septemtrionem
669 712 697 766 ln
716 729 816 782 magno
835 713 934 781 spatio,
954 711 1029 765 uenit
1047 710 1083 764 ad
1101 721 1231 780 magnam
1244 709 1324 774 viam,
1343 715 1371 762 et
1389 708 1467 763 cadit
1483 709 1515 760 in
1537 709 1621 778 potet

368 799 473 854 Kaeha.
493 799 546 853 Per
565 800 654 852 varias
672 807 760 853 metas
779 799 906 852 arboreas
925 805 953 852 et
971 802 1075 851 terreas
1094 797 1185 850 eundo
1205 797 1279 852 eadit
1297 798 1326 850 in
1345 813 1445 866 squam
1468 796 1621 850 Hadinech

368 895 396 942 et
414 905 463 958 per
482 905 543 941 earn
562 887 590 940 in
609 903 709 956 aquam
729 885 872 940 Zumolch.
891 887 922 938 In
942 901 1043 954 magno
1062 885 1152 954 spatio
1171 901 1266 938 versus
1285 885 1419 938 orientem
1439 885 1499 938 exit
1520 884 1550 937 in
1571 883 1621 936 Bo

367 974 555 1042 horchcheret,
580 974 700 1028 venitin
720 973 827 1028 Virilck
846 981 873 1027 et
891 973 919 1026 in
938 989 1039 1042 aquam
1067 971 1214 1042 Trynoich.
1234 971 1304 1026 Iade
1326 972 1405 1026 iuxta
1423 971 1554 1025 Tumbul
1574 989 1621 1040 per

368 1064 457 1116 varias
477 1067 566 1116 metas
585 1061 619 1116 ad
645 1079 744 1132 aquam
770 1061 933 1118 Berzerrche.
957 1061 1062 1115 Datum
1089 1077 1138 1130 per
1161 1077 1260 1123 manua
1285 1059 1409 1130 magistri
1435 1058 1551 1130 Gogani
1579 1075 1621 1112 ca·

369 1151 459 1204 nonici
479 1159 507 1204 et
525 1150 675 1220 prenotarii
695 1150 817 1220 episcopi

424 1237 553 1292 Tlalc'ir:
575 1237 651 1290 liora.
671 1237 747 1290 Hist.
771 1237 799 1290 T.
819 1237 843 1289 I.
860 1253 889 1304 p.
907 1239 967 1290 231.

422 1393 556 1450 MDXLI.
576 1395 718 1451 venetiis·
738 1398 813 1448 1294.
829 1399 868 1448 14.
882 1393 1028 1448 ‚sarmaria
1048 1395 1119 1448 Cum
1140 1393 1261 1464 Ragusei
1284 1401 1430 1447 teneantur
1441 1409 1493 1464 per
1506 1401 1624 1462 pactum

369 1499 474 1536 armare
492 1483 597 1552 liguum
618 1499 702 1536 unrrm
723 1498 785 1536 oum
804 1481 964 1536 hominibus
983 1489 1093 1536 centum
1107 1481 1308 1551 quinquaginta
1327 1487 1423 1534 contra
1443 1481 1625 1534 Almiseanos

370 1571 426 1624 sive
445 1569 576 1624 Cacithos
600 1569 712 1640 qnando
736 1569 835 1623 Veneti
864 1576 972 1624 armant
996 1575 1092 1622 contra
1116 1569 1281 1638 praedictos,
1307 1575 1334 1622 et
1357 1568 1410 1637 ipsi
1436 1584 1486 1638 per
1504 1567 1624 1638 aliquod

369 1665 479 1728 tempus
498 1665 672 1712 armaverunt
692 1657 806 1727 dignum
825 1656 932 1725 lignum
952 1663 978 1710 et
998 1673 1047 1726 per
1065 1655 1178 1725 aliquod
1203 1673 1257 1710 non
1283 1661 1466 1720 armaverunt,
1493 1655 1532 1708 ad
1559 1673 1625 1727 sup·

371 1739 546 1814 plicationem
567 1761 662 1798 eorsum
681 1752 762 1813 capta
781 1743 833 1796 luit
852 1761 916 1814 pars
935 1744 962 1796 in
981 1743 1077 1796 maiori
1091 1743 1206 1801 consilio
1219 1744 1292 1814 qnod
1306 1745 1358 1814 ipsi
1372 1743 1493 1813 Ragusei
1514 1744 1625 1798 solvere

371 1832 490 1886 debeant
510 1833 652 1901 pecuniam
665 1849 714 1899 pro
728 1839 851 1900 tempore
864 1847 920 1900 quo
933 1847 986 1884 non
1000 1837 1183 1896 armaverunt,
1197 1831 1271 1884 etde
1284 1838 1455 1884 armamento
1469 1829 1541 1885 dicti
1555 1831 1626 1901 ligni

370 1919 583 1990 supersedeatur
602 1919 637 1972 ad
656 1935 786 1987 praesens
804 1935 893 1987 usque
911 1917 946 1970 ad
966 1917 1034 1971 illud
1048 1925 1165 1988 tempus,
1179 1918 1254 1988 quod
1268 1917 1401 1988 placuerit
1415 1917 1533 1972 domino
1549 1919 1626 1974 duci.

421 2008 538 2074 Ljubis‘:
556 2009 635 2060 Μοη.
654 2009 678 2060 Ι.
698 2010 756 2058 1⁸0.

424 2165 574 2219 MDXLll.
593 2169 667 2219 1294.
698 2170 739 2218 18.
768 2166 912 2218 ‚lrurrsorii
934 2165 1059 2218 Andreas
1078 2164 1127 2218 Ill.
1148 2179 1195 2217 rex
1208 2163 1339 2223 notificat.
1359 2162 1434 2232 qrrod
1452 2163 1520 2217 licet
1535 2165 1626 2219 fideli-

371 2260 440 2307 tates
460 2254 568 2306 conatis
588 2254 709 2308 Abraam
728 2254 776 2306 filii
796 2252 920 2305 lienoldi
940 2253 1064 2306 notoriae
1083 2254 1145 2320 sint,
1164 2259 1255 2305 tamen
1275 2257 1306 2304 ut
1324 2252 1411 2321 ipsius
1430 2250 1524 2305 ismae
1545 2269 1626 2322 prae-

372 2342 483 2394 conium
501 2341 575 2409 apud
595 2347 720 2410 posteros
739 2341 846 2394 celebre
865 2340 1006 2404 habeatur,
1026 2341 1132 2409 aliquos
1151 2356 1185 2392 ex
1204 2341 1261 2393 suis
1274 2339 1382 2392 actibus
1398 2339 1457 2392 vult
1470 2339 1626 2408 explicare.

371 2428 436 2496 Ipse
456 2427 593 2496 siquidem
603 2434 725 2496 tempore
740 2428 830 2480 adhuc
844 2427 970 2480 Ducntus
983 2427 1025 2480 sui
1040 2427 1067 2492 (i.
1080 2443 1104 2480 e.
1116 2427 1198 2496 regis)
1212 2425 1307 2480 fideles
1320 2426 1445 2480 exhibuit
1456 2427 1626 2494 famulatus

372 2515 493 2568 Demum
512 2531 576 2568 oum
596 2515 714 2568 confinia
732 2515 808 2584 regni
828 2531 876 2585 per
901 2515 1067 2568 Teutonicos
1095 2521 1175 2584 capta
1199 2521 1299 2582 essent,
1324 2515 1452 2568 omnibus
1476 2517 1626 2572 nobilibus

372 2603 447 2656 illius
465 2604 551 2671 partis
569 2602 784 2656 Teutonicornm
802 2603 934 2656 subiectis
953 2602 1059 2667 ditioni,
1077 2601 1151 2655 idem
1170 2618 1262 2656 comes
1281 2601 1425 2655 rebellasit
1444 2601 1530 2656 dictis
1550 2606 1626 2658 Teu-

372 2689 471 2743 ionicis
492 2705 670 2760 perseverane
689 2690 717 2742 in
737 2689 829 2744 debita
848 2689 902 2744 fide
921 2691 1012 2758 regiae
1031 2705 1156 2742 coronae.
1175 2689 1245 2742 item
1264 2705 1327 2742 cum
1346 2697 1409 2759 post
1429 2695 1551 2745 mortem
1573 2693 1626 2746 Ln-

373 2776 452 2830 dislai
473 2779 546 2846 regis
566 2777 655 2830 fratria
674 2777 733 2830 elus
752 2778 882 2846 patruelis
896 2779 984 2832 eidem
998 2777 1176 2830 successisset
1192 2776 1221 2828 in
1240 2781 1316 2847 regni
1330 2778 1438 2843 solium,
1452 2778 1513 2848 ipae
1529 2797 1627 2834 come<

370 2866 491 2919 Abraam
506 2881 569 2919 cram
589 2867 711 2918 exercitu
732 2865 836 2919 Alberti
856 2865 934 2918 diruis
953 2867 1083 2920 rlustriae
1102 2871 1129 2917 et
1148 2863 1255 2930 Stiriae,
1275 2871 1341 2918 tuno
1359 2865 1463 2918 inimici
1489 2868 1554 2934 ejus
1582 2886 1629 2922 ea·

369 2953 478 3022 patalis,
499 2954 576 3006 iuxta
595 2954 733 3006 civitatem
753 2953 954 3022 Tymavensem
969 2953 1080 3005 viriliter
1093 2951 1240 3018 dimicavit,
1254 2959 1281 3006 et
1293 2953 1386 3024 plures
1405 2970 1439 3006 ex
1457 2953 1629 3009 Teutonicis

369 3039 519 3108 captivavit-
540 3047 567 3094 et
587 3040 688 3092 vexilla
705 3039 825 3092 hostium
846 3041 870 3094 ei
890 3039 1047 3092 transmisit.
1067 3039 1195 3092 Castrum
1215 3041 1296 3092 etiam
1323 3039 1422 3094 Sessar
1447 3047 1629 3112 expugnavit

369 3129 483 3197 regique
503 3125 630 3180 reddidit.
651 3127 721 3180 (lum
741 3128 823 3180 etiam
842 3127 877 3180 ad
896 3125 1112 3196 expugnandum
1132 3132 1252 3180 castrum
1272 3127 1440 3181 Posonienae
1453 3127 1628 3186 Mat-haeum

369 3216 533 3284 magistrum
557 3217 720 3284 Agaronum
739 3231 786 3267 rex
806 3215 931 3280 misisset,
951 3215 1010 3284 ipse
1036 3230 1128 3267 comes
1153 3215 1274 3268 Abraam
1299 3214 1334 3268 ad
1358 3225 1480 3270 castrum
1505 3219 1631 3275 viriliter

374 3301 522 3368 dimicavit,
544 3302 590 3354 ubl
611 3303 692 3354 etiam
712 3301 845 3355 laetaliter
864 3302 954 3355 extitit
971 3302 1131 3354 vulneratus
1144 3303 1203 3354 eius
1219 3303 1401 3357 servientibus
1412 3303 1471 3358 lere
1484 3307 1630 3378 quinqua-

371 3392 448 3459 ginta
467 3390 606 3442 sauciatis.
625 3389 679 3441 Pro
699 3389 800 3458 quibus
820 3389 935 3442 servitiis
954 3391 977 3442 ei
998 3406 1045 3441 rex
1065 3397 1163 3442 terram
1183 3389 1320 3458 quandam
1336 3391 1416 3444 castri
1430 3393 1473 3445 sui
1489 3393 1630 3465 Golgouh

373 3478 451 3530 iuxta
469 3475 584 3528 flurium
603 3476 674 3543 Vag‚
694 3477 722 3528 iu
742 3493 797 3544 quo
816 3482 935 3528 castrum
955 3476 1095 3544 <larundam
1115 3485 1303 3530 constructum
1321 3477 1419 3546 suerat,
1439 3482 1571 3536 contulit.

433 3563 470 3616 W
468 3562 557 3616 erenei:
579 3563 644 3616 Coa.
664 3562 731 3628 dipl.
752 3565 819 3629 rtrp.
841 3563 876 3616 Χ.
893 3579 921 3630 p.
943 3565 998 3614 135.

423 3703 724 3757 ituresnimium.
746 3705 901 3758 Fetus-mii.
928 3703 1052 3758 Andreas
1076 3701 1127 3758 ΙΙΙ.
1151 3723 1199 3759 rex
1223 3706 1309 3760 donat
1332 3709 1465 3777 magistro
1484 3708 1630 3770 Ivankae.

372 3793 428 3846 filio
448 3792 557 3844 comitis
571 3791 706 3856 Andreae,
722 3797 807 3844 terras
820 3794 901 3844 castri
916 3791 1062 3845 Nitriensis
1079 3793 1262 3862 Terantelelry
1280 3803 1307 3848 et
1322 3794 1422 3862 Kuiha,
1440 3799 1633 3854 considerans

372 3879 527 3947 specialiter
546 3878 667 3931 eiusdem
688 3880 810 3946 magistri
830 3880 994 3932 afllictiones
1014 3897 1083 3949 quas
1102 3897 1150 3950 per
1168 3883 1331 3950 magistrum
1349 3881 1508 3938 dohannem
1530 3887 1628 3942 tilium

372 3965 486 4018 Hemioi
506 3965 569 4018 bani
589 3975 701 4035 propter
720 3966 880 4020 fidelitatem
899 3985 976 4020 saram
1003 3976 1101 4036 eaptus
1120 3985 1175 4022 una
1193 3986 1256 4022 cunr
1275 3986 1339 4040 rege
1358 3972 1432 4024 etin
1450 3974 1632 4042 captivitatis

373 4053 513 4120 ergastulo
533 4069 581 4122 per
600 4054 661 4106 anni
683 4054 815 4106 circulum
835 4054 962 4108 detentus
981 4072 1030 4124 per
1049 4055 1175 4122 eundern,
1195 4063 1237 4110 eat
1254 4075 1409 4128 perpessus.

423 4141 524 4206 Pejor:
547 4141 610 4193 (aa
631 4141 698 4209 dipl.
722 4143 750 4195 Τ.
774 4142 822 4195 VI.
841 4142 890 4194 tol.
912 4143 936 4195 Ι.
953 4160 980 4209 p.
1000 4146 1060 4195 stou.

424 4299 587 4352 MDXLIV.
607 4301 739 4354 Obrovac
768 4304 841 4354 last,
860 4305 902 4354 2⁵¹.
924 4303 1033 4353 linrtti.
1052 4301 1189 4368 Gernpius
1208 4317 1301 4355 comes
1317 4303 1506 4360 Breberiensis
1520 4309 1631 4365 solem-

372 4387 442 4440 niter
460 4388 546 4453 inivit,
572 4388 636 4440 feeit
655 4395 682 4440 et
701 4387 818 4441 firmavit
843 4407 890 4458 pro
914 4406 942 4441 se
972 4390 1040 4458 ipso,
1064 4395 1091 4440 et
1115 4396 1196 4458 gente
1222 4407 1281 4456 arra,
1305 4407 1336 4444 ac
1362 4389 1482 4446 subditis
1510 4398 1575 4451 suis
1605 4413 1633 4452 et

373 4476 484 4528 nomiae
505 4476 659 4528 communis
679 4485 704 4528 et
723 4476 864 4529 hominum
884 4479 1017 4529 alannae
1036 4493 1137 4529 meram
1158 4485 1184 4530 et
1204 4478 1310 4530 firmam
1329 4485 1455 4548 treugam
1474 4496 1572 4552 usque
1595 4488 1634 4539 ad

373 4562 467 4615 decem
488 4581 576 4615 aturrus
596 4565 740 4616 reatinam
760 4581 822 4616 earm
843 4564 962 4632 lingerio
982 4565 1151 4616 lllauroceno
1169 4563 1296 4618 Jalrensi
1312 4566 1412 4620 comite
1424 4575 1454 4620 et·
1467 4569 1530 4623 vice
1547 4571 1634 4627 ducis

376 4650 557 4702 venetiarum
579 4669 605 4703 er
624 4651 766 4704 hominum
785 4653 902 4705 civitatis
922 4652 1052 4704 ciusdem.

424 4737 544 4804 Ljrrts'c:
563 4739 641 4792 illua.
663 4740 686 4791 l.
703 4755 731 4806 p.
753 4744 810 4790 lul.
