<?xml version="1.0" encoding="UTF-8"?>
<!DOCTYPE html PUBLIC "-//W3C//DTD XHTML 1.0 Transitional//EN"
    "http://www.w3.org/TR/xhtml1/DTD/xhtml1-transitional.dtd">
<html xmlns="http://www.w3.org/1999/xhtml" xml:lang="en" lang="en">
 <head>
  <title>
</title>
<meta http-equiv="Content-Type" content="text/html;charset=utf-8" />
  <meta name='ocr-system' content='tesseract 3.04.00' />
  <meta name='ocr-capabilities' content='ocr_page ocr_carea ocr_par ocr_line ocrx_word'/>
</head>
<body>
  <div class='ocr_page' id='page_1' title='image "./regestadocument00sakcgoog_0074.png"; bbox 0 0 3544 5344; ppageno 0'>
   <div class='ocr_carea' id='block_1_1' title="bbox 352 473 1098 548">
    <p class='ocr_par' dir='ltr' id='par_1_1' title="bbox 352 473 1098 548">
     <span class='ocr_line' id='line_1_1' title="bbox 352 473 1098 548; baseline -0.003 -10"><span class='ocrx_word' id='word_1_1' title='bbox 352 473 394 538; x_wconf 85' lang='grc'><strong>68</strong></span> <span class='ocrx_word' id='word_1_2' title='bbox 850 495 870 533; x_wconf 88' lang='lat' dir='ltr'><strong>r.</strong></span> <span class='ocrx_word' id='word_1_3' title='bbox 896 482 1098 548; x_wconf 73' lang='lat' dir='ltr'><strong>auxumam,</strong></span> 
     </span>
    </p>
   </div>
   <div class='ocr_carea' id='block_1_2' title="bbox 351 658 1600 1690">
    <p class='ocr_par' dir='ltr' id='par_1_2' title="bbox 351 658 1599 978">
     <span class='ocr_line' id='line_1_2' title="bbox 351 658 1598 733; baseline 0.002 -17"><span class='ocrx_word' id='word_1_4' title='bbox 351 679 435 733; x_wconf 90' lang='lat' dir='ltr'><strong>quem</strong></span> <span class='ocrx_word' id='word_1_5' title='bbox 453 665 529 716; x_wconf 89' lang='lat' dir='ltr'><strong>tenet</strong></span> <span class='ocrx_word' id='word_1_6' title='bbox 546 659 659 729; x_wconf 80' lang='lat' dir='ltr'><strong>Ragaaa</strong></span> <span class='ocrx_word' id='word_1_7' title='bbox 676 675 740 716; x_wconf 87' lang='lat' dir='ltr'><strong>cum</strong></span> <span class='ocrx_word' id='word_1_8' title='bbox 758 659 891 730; x_wconf 87' lang='lat' dir='ltr'><strong>episcopo</strong></span> <span class='ocrx_word' id='word_1_9' title='bbox 904 658 1015 714; x_wconf 83' lang='lat' dir='ltr'><strong>Andrea</strong></span> <span class='ocrx_word' id='word_1_10' title='bbox 1027 665 1055 714; x_wconf 90' lang='lat' dir='ltr'><strong>et</strong></span> <span class='ocrx_word' id='word_1_11' title='bbox 1067 676 1128 714; x_wconf 89' lang='lat' dir='ltr'><strong>cum</strong></span> <span class='ocrx_word' id='word_1_12' title='bbox 1143 659 1284 729; x_wconf 77' lang='lat' dir='ltr'><strong>Brugnola</strong></span> <span class='ocrx_word' id='word_1_13' title='bbox 1297 659 1438 730; x_wconf 83' lang='lat' dir='ltr'><strong>quondam</strong></span> <span class='ocrx_word' id='word_1_14' title='bbox 1458 663 1598 732; x_wconf 89' lang='lat' dir='ltr'><strong>quartario</strong></span> 
     </span>
     <span class='ocr_line' id='line_1_3' title="bbox 352 744 1598 819; baseline 0 -15"><span class='ocrx_word' id='word_1_15' title='bbox 352 757 380 804; x_wconf 91' lang='lat' dir='ltr'><strong>et</strong></span> <span class='ocrx_word' id='word_1_16' title='bbox 397 749 494 804; x_wconf 80' lang='lat' dir='ltr'><strong>vineae</strong></span> <span class='ocrx_word' id='word_1_17' title='bbox 512 747 599 802; x_wconf 85' lang='lat' dir='ltr'><strong>Madii</strong></span> <span class='ocrx_word' id='word_1_18' title='bbox 621 745 744 800; x_wconf 86' lang='lat' dir='ltr'><strong>Bertaldi</strong></span> <span class='ocrx_word' id='word_1_19' title='bbox 768 751 796 800; x_wconf 85' lang='lat' dir='ltr'><strong>et</strong></span> <span class='ocrx_word' id='word_1_20' title='bbox 820 744 960 800; x_wconf 80' lang='lat' dir='ltr'><strong>Calendae</strong></span> <span class='ocrx_word' id='word_1_21' title='bbox 984 753 1012 802; x_wconf 88' lang='lat' dir='ltr'><strong>st</strong></span> <span class='ocrx_word' id='word_1_22' title='bbox 1030 747 1170 818; x_wconf 76' lang='lat' dir='ltr'><strong>pastinum</strong></span> <span class='ocrx_word' id='word_1_23' title='bbox 1198 747 1287 802; x_wconf 87' lang='lat' dir='ltr'><strong>orient</strong></span> <span class='ocrx_word' id='word_1_24' title='bbox 1314 754 1342 803; x_wconf 87' lang='lat' dir='ltr'><strong>et</strong></span> <span class='ocrx_word' id='word_1_25' title='bbox 1359 749 1440 806; x_wconf 86' lang='lat' dir='ltr'><strong>vinea</strong></span> <span class='ocrx_word' id='word_1_26' title='bbox 1458 749 1598 819; x_wconf 79' lang='lat' dir='ltr'><strong>Designae</strong></span> 
     </span>
     <span class='ocr_line' id='line_1_4' title="bbox 352 832 1599 904; baseline 0 -14"><span class='ocrx_word' id='word_1_27' title='bbox 352 836 424 890; x_wconf 83' lang='lat' dir='ltr'><strong>Vilni</strong></span> <span class='ocrx_word' id='word_1_28' title='bbox 443 842 471 891; x_wconf 91' lang='lat' dir='ltr'><strong>et</strong></span> <span class='ocrx_word' id='word_1_29' title='bbox 489 836 607 890; x_wconf 89' lang='lat' dir='ltr'><strong>filiorum</strong></span> <span class='ocrx_word' id='word_1_30' title='bbox 626 832 779 904; x_wconf 85' lang='lat' dir='ltr'><strong>Lampridii</strong></span> <span class='ocrx_word' id='word_1_31' title='bbox 798 833 949 898; x_wconf 84' lang='lat' dir='ltr'><strong>Costizzae,</strong></span> <span class='ocrx_word' id='word_1_32' title='bbox 968 851 1040 904; x_wconf 87' lang='lat' dir='ltr'><strong>quae</strong></span> <span class='ocrx_word' id='word_1_33' title='bbox 1058 850 1154 888; x_wconf 88' lang='lat' dir='ltr'><strong>omnes</strong></span> <span class='ocrx_word' id='word_1_34' title='bbox 1174 836 1284 890; x_wconf 90' lang='lat' dir='ltr'><strong>suntin</strong></span> <span class='ocrx_word' id='word_1_35' title='bbox 1303 835 1431 890; x_wconf 85' lang='lat' dir='ltr'><strong>Galbano</strong></span> <span class='ocrx_word' id='word_1_36' title='bbox 1448 843 1476 890; x_wconf 91' lang='lat' dir='ltr'><strong>et</strong></span> <span class='ocrx_word' id='word_1_37' title='bbox 1487 837 1599 891; x_wconf 87' lang='lat' dir='ltr'><strong>fuerunt</strong></span> 
     </span>
     <span class='ocr_line' id='line_1_5' title="bbox 351 921 802 978; baseline -0.009 0"><span class='ocrx_word' id='word_1_38' title='bbox 351 925 380 978; x_wconf 87' lang='lat' dir='ltr'><strong>iu</strong></span> <span class='ocrx_word' id='word_1_39' title='bbox 398 923 477 978; x_wconf 86' lang='lat' dir='ltr'><strong>terris</strong></span> <span class='ocrx_word' id='word_1_40' title='bbox 496 922 628 978; x_wconf 86' lang='lat' dir='ltr'><strong>ecclesiae</strong></span> <span class='ocrx_word' id='word_1_41' title='bbox 647 939 668 975; x_wconf 91' lang='lat' dir='ltr'><strong>s.</strong></span> <span class='ocrx_word' id='word_1_42' title='bbox 687 921 802 976; x_wconf 83' lang='lat' dir='ltr'><strong>Mariae.</strong></span> 
     </span>
    </p>

    <p class='ocr_par' dir='ltr' id='par_1_3' title="bbox 351 1007 1600 1588">
     <span class='ocr_line' id='line_1_6' title="bbox 405 1007 1599 1081; baseline 0.001 -17"><span class='ocrx_word' id='word_1_43' title='bbox 405 1010 551 1081; x_wconf 81' lang='lat' dir='ltr'>Philippus</span> <span class='ocrx_word' id='word_1_44' title='bbox 567 1008 656 1080; x_wconf 84' lang='lat' dir='ltr'><strong>judex</strong></span> <span class='ocrx_word' id='word_1_45' title='bbox 673 1008 783 1078; x_wconf 84' lang='lat' dir='ltr'><strong>juravit,</strong></span> <span class='ocrx_word' id='word_1_46' title='bbox 803 1025 833 1062; x_wconf 91' lang='lat' dir='ltr'><strong>se</strong></span> <span class='ocrx_word' id='word_1_47' title='bbox 846 1026 863 1063; x_wconf 89' lang='lat' dir='ltr'><strong>a</strong></span> <span class='ocrx_word' id='word_1_48' title='bbox 875 1015 953 1079; x_wconf 91' lang='lat' dir='ltr'><strong>patre</strong></span> <span class='ocrx_word' id='word_1_49' title='bbox 966 1025 1018 1064; x_wconf 91' lang='lat' dir='ltr'><strong>suo</strong></span> <span class='ocrx_word' id='word_1_50' title='bbox 1031 1009 1177 1076; x_wconf 84' lang='lat' dir='ltr'><strong>audivisse,</strong></span> <span class='ocrx_word' id='word_1_51' title='bbox 1189 1007 1264 1080; x_wconf 94' lang='lat' dir='ltr'><strong>quod</strong></span> <span class='ocrx_word' id='word_1_52' title='bbox 1283 1010 1365 1076; x_wconf 86' lang='lat' dir='ltr'><strong>avia,</strong></span> <span class='ocrx_word' id='word_1_53' title='bbox 1383 1027 1439 1080; x_wconf 77' lang='lat' dir='ltr'><strong>qus</strong></span> <span class='ocrx_word' id='word_1_54' title='bbox 1457 1011 1565 1065; x_wconf 86' lang='lat' dir='ltr'><strong>venitur</strong></span> <span class='ocrx_word' id='word_1_55' title='bbox 1582 1029 1599 1065; x_wconf 85' lang='lat' dir='ltr'><strong>a</strong></span> 
     </span>
     <span class='ocr_line' id='line_1_7' title="bbox 353 1094 1598 1168; baseline 0.002 -18"><span class='ocrx_word' id='word_1_56' title='bbox 353 1102 447 1152; x_wconf 90' lang='lat' dir='ltr'><strong>monte</strong></span> <span class='ocrx_word' id='word_1_57' title='bbox 466 1113 486 1150; x_wconf 81' lang='lat' dir='ltr'><strong>a</strong></span> <span class='ocrx_word' id='word_1_58' title='bbox 506 1096 636 1150; x_wconf 86' lang='lat' dir='ltr'><strong>Damiani</strong></span> <span class='ocrx_word' id='word_1_59' title='bbox 655 1113 744 1165; x_wconf 90' lang='lat' dir='ltr'><strong>usque</strong></span> <span class='ocrx_word' id='word_1_60' title='bbox 768 1094 804 1150; x_wconf 89' lang='lat' dir='ltr'><strong>ad</strong></span> <span class='ocrx_word' id='word_1_61' title='bbox 827 1095 900 1150; x_wconf 89' lang='lat' dir='ltr'><strong>viam</strong></span> <span class='ocrx_word' id='word_1_62' title='bbox 925 1095 1063 1166; x_wconf 75' lang='lat' dir='ltr'><strong>publicam</strong></span> <span class='ocrx_word' id='word_1_63' title='bbox 1089 1102 1117 1150; x_wconf 90' lang='lat' dir='ltr'><strong>et</strong></span> <span class='ocrx_word' id='word_1_64' title='bbox 1140 1095 1232 1151; x_wconf 93' lang='lat' dir='ltr'><strong>eundo</strong></span> <span class='ocrx_word' id='word_1_65' title='bbox 1252 1113 1346 1151; x_wconf 90' lang='lat' dir='ltr'><strong>versus</strong></span> <span class='ocrx_word' id='word_1_66' title='bbox 1365 1103 1490 1152; x_wconf 76' lang='lat' dir='ltr'><strong>austrum</strong></span> <span class='ocrx_word' id='word_1_67' title='bbox 1508 1113 1598 1168; x_wconf 90' lang='lat' dir='ltr'><strong>usque</strong></span> 
     </span>
     <span class='ocr_line' id='line_1_8' title="bbox 353 1181 1599 1254; baseline 0.002 -17"><span class='ocrx_word' id='word_1_68' title='bbox 353 1181 390 1240; x_wconf 89' lang='lat' dir='ltr'><strong>ad</strong></span> <span class='ocrx_word' id='word_1_69' title='bbox 409 1184 517 1238; x_wconf 88' lang='lat' dir='ltr'><strong>vineam</strong></span> <span class='ocrx_word' id='word_1_70' title='bbox 537 1199 557 1236; x_wconf 87' lang='lat' dir='ltr'><strong>s.</strong></span> <span class='ocrx_word' id='word_1_71' title='bbox 577 1183 649 1238; x_wconf 87' lang='lat' dir='ltr'><strong>Petri</strong></span> <span class='ocrx_word' id='word_1_72' title='bbox 669 1190 696 1238; x_wconf 92' lang='lat' dir='ltr'><strong>et</strong></span> <span class='ocrx_word' id='word_1_73' title='bbox 721 1182 910 1254; x_wconf 84' lang='lat' dir='ltr'><strong>Ootopagnae,</strong></span> <span class='ocrx_word' id='word_1_74' title='bbox 937 1189 1027 1238; x_wconf 91' lang='lat' dir='ltr'><strong>totum</strong></span> <span class='ocrx_word' id='word_1_75' title='bbox 1052 1183 1104 1239; x_wconf 84' lang='lat' dir='ltr'><strong>fuit</strong></span> <span class='ocrx_word' id='word_1_76' title='bbox 1128 1183 1162 1239; x_wconf 92' lang='lat' dir='ltr'><strong>de</strong></span> <span class='ocrx_word' id='word_1_77' title='bbox 1189 1189 1289 1254; x_wconf 86' lang='lat' dir='ltr'><strong>quarto</strong></span> <span class='ocrx_word' id='word_1_78' title='bbox 1311 1191 1338 1240; x_wconf 91' lang='lat' dir='ltr'><strong>et</strong></span> <span class='ocrx_word' id='word_1_79' title='bbox 1355 1186 1436 1240; x_wconf 83' lang='lat' dir='ltr'><strong>vinea</strong></span> <span class='ocrx_word' id='word_1_80' title='bbox 1454 1186 1552 1241; x_wconf 84' lang='lat' dir='ltr'><strong>Veaoli</strong></span> <span class='ocrx_word' id='word_1_81' title='bbox 1571 1191 1599 1240; x_wconf 90' lang='lat' dir='ltr'><strong>et</strong></span> 
     </span>
     <span class='ocr_line' id='line_1_9' title="bbox 352 1269 1599 1342; baseline 0.002 -18"><span class='ocrx_word' id='word_1_82' title='bbox 352 1271 433 1325; x_wconf 83' lang='lat' dir='ltr'><strong>vinea</strong></span> <span class='ocrx_word' id='word_1_83' title='bbox 460 1270 554 1328; x_wconf 86' lang='lat' dir='ltr'><strong>uxoris</strong></span> <span class='ocrx_word' id='word_1_84' title='bbox 582 1269 733 1341; x_wconf 87' lang='lat' dir='ltr'><strong>Lampridii</strong></span> <span class='ocrx_word' id='word_1_85' title='bbox 758 1274 786 1324; x_wconf 90' lang='lat' dir='ltr'><strong>et</strong></span> <span class='ocrx_word' id='word_1_86' title='bbox 811 1269 947 1340; x_wconf 79' lang='lat' dir='ltr'><strong>Gurgium</strong></span> <span class='ocrx_word' id='word_1_87' title='bbox 971 1270 1137 1338; x_wconf 84' lang='lat' dir='ltr'><strong>Vaaatrichi,</strong></span> <span class='ocrx_word' id='word_1_88' title='bbox 1166 1271 1241 1342; x_wconf 92' lang='lat' dir='ltr'><strong>quod</strong></span> <span class='ocrx_word' id='word_1_89' title='bbox 1269 1279 1344 1328; x_wconf 91' lang='lat' dir='ltr'><strong>tenet</strong></span> <span class='ocrx_word' id='word_1_90' title='bbox 1361 1273 1445 1327; x_wconf 90' lang='lat' dir='ltr'><strong>Vitus</strong></span> <span class='ocrx_word' id='word_1_91' title='bbox 1464 1271 1599 1338; x_wconf 84' lang='lat' dir='ltr'><strong>Zadolini,</strong></span> 
     </span>
     <span class='ocr_line' id='line_1_10' title="bbox 353 1357 1600 1429; baseline 0.001 -16"><span class='ocrx_word' id='word_1_92' title='bbox 353 1365 431 1414; x_wconf 86' lang='lat' dir='ltr'><strong>erant</strong></span> <span class='ocrx_word' id='word_1_93' title='bbox 450 1358 582 1412; x_wconf 88' lang='lat' dir='ltr'><strong>ecclesiae</strong></span> <span class='ocrx_word' id='word_1_94' title='bbox 600 1373 621 1410; x_wconf 91' lang='lat' dir='ltr'><strong>s.</strong></span> <span class='ocrx_word' id='word_1_95' title='bbox 642 1358 756 1412; x_wconf 87' lang='lat' dir='ltr'><strong>Mariae.</strong></span> <span class='ocrx_word' id='word_1_96' title='bbox 776 1357 846 1412; x_wconf 87' lang='lat' dir='ltr'><strong>Item</strong></span> <span class='ocrx_word' id='word_1_97' title='bbox 871 1357 983 1412; x_wconf 76' lang='lat' dir='ltr'>Salinae</span> <span class='ocrx_word' id='word_1_98' title='bbox 1001 1359 1028 1412; x_wconf 91' lang='lat' dir='ltr'><strong>in</strong></span> <span class='ocrx_word' id='word_1_99' title='bbox 1053 1359 1144 1429; x_wconf 91' lang='lat' dir='ltr'><strong>capite</strong></span> <span class='ocrx_word' id='word_1_100' title='bbox 1172 1359 1340 1414; x_wconf 89' lang='lat' dir='ltr'><strong>Comorcarii</strong></span> <span class='ocrx_word' id='word_1_101' title='bbox 1365 1367 1392 1414; x_wconf 91' lang='lat' dir='ltr'><strong>et</strong></span> <span class='ocrx_word' id='word_1_102' title='bbox 1409 1359 1600 1414; x_wconf 84' lang='lat' dir='ltr'><strong>molendinum</strong></span> 
     </span>
     <span class='ocr_line' id='line_1_11' title="bbox 351 1445 1600 1518; baseline 0.001 -18"><span class='ocrx_word' id='word_1_103' title='bbox 351 1463 439 1518; x_wconf 85' lang='lat' dir='ltr'><strong>prope</strong></span> <span class='ocrx_word' id='word_1_104' title='bbox 466 1445 664 1500; x_wconf 87' lang='lat' dir='ltr'><strong>monasterium</strong></span> <span class='ocrx_word' id='word_1_105' title='bbox 691 1461 713 1498; x_wconf 90' lang='lat' dir='ltr'><strong>s.</strong></span> <span class='ocrx_word' id='word_1_106' title='bbox 741 1445 816 1498; x_wconf 88' lang='lat' dir='ltr'><strong>Petri</strong></span> <span class='ocrx_word' id='word_1_107' title='bbox 844 1451 871 1499; x_wconf 90' lang='lat' dir='ltr'><strong>et</strong></span> <span class='ocrx_word' id='word_1_108' title='bbox 898 1451 970 1498; x_wconf 88' lang='lat' dir='ltr'><strong>terra</strong></span> <span class='ocrx_word' id='word_1_109' title='bbox 997 1445 1025 1498; x_wconf 93' lang='lat' dir='ltr'><strong>in</strong></span> <span class='ocrx_word' id='word_1_110' title='bbox 1054 1446 1179 1499; x_wconf 86' lang='lat' dir='ltr'><strong>Marano.</strong></span> <span class='ocrx_word' id='word_1_111' title='bbox 1207 1446 1298 1500; x_wconf 85' lang='lat' dir='ltr'><strong>Testis</strong></span> <span class='ocrx_word' id='word_1_112' title='bbox 1325 1445 1485 1516; x_wconf 75' lang='lat' dir='ltr'><strong>Stephanus</strong></span> <span class='ocrx_word' id='word_1_113' title='bbox 1512 1447 1600 1501; x_wconf 88' lang='lat' dir='ltr'><strong>archi-</strong></span> 
     </span>
     <span class='ocr_line' id='line_1_12' title="bbox 354 1532 560 1588; baseline -0.01 -2"><span class='ocrx_word' id='word_1_114' title='bbox 354 1532 488 1588; x_wconf 83' lang='lat' dir='ltr'><strong>diaconus</strong></span> <span class='ocrx_word' id='word_1_115' title='bbox 510 1539 560 1588; x_wconf 89' lang='lat' dir='ltr'><strong>etc.</strong></span> 
     </span>
    </p>

    <p class='ocr_par' dir='ltr' id='par_1_4' title="bbox 404 1619 860 1690">
     <span class='ocr_line' id='line_1_13' title="bbox 404 1619 860 1690; baseline -0.007 -17"><span class='ocrx_word' id='word_1_116' title='bbox 404 1621 535 1676; x_wconf 76' lang='lat' dir='ltr'><strong>Furlats&#39;:</strong></span> <span class='ocrx_word' id='word_1_117' title='bbox 554 1620 636 1690; x_wconf 76' lang='lat' dir='ltr'><strong>Illpr.</strong></span> <span class='ocrx_word' id='word_1_118' title='bbox 654 1635 725 1675; x_wconf 82' lang='lat' dir='ltr'><strong>sacr.</strong></span> <span class='ocrx_word' id='word_1_119' title='bbox 749 1619 779 1674; x_wconf 88' lang='lat' dir='ltr'><strong>V.</strong></span> <span class='ocrx_word' id='word_1_120' title='bbox 799 1623 860 1674; x_wconf 74' lang='grc'><em>246.</em></span> 
     </span>
    </p>
   </div>
   <div class='ocr_carea' id='block_1_3' title="bbox 354 1741 1603 3300">
    <p class='ocr_par' dir='ltr' id='par_1_5' title="bbox 354 1741 1603 3214">
     <span class='ocr_line' id='line_1_14' title="bbox 406 1741 1600 1814; baseline 0.001 -17"><span class='ocrx_word' id='word_1_121' title='bbox 406 1741 598 1798; x_wconf 82' lang='lat' dir='ltr'>CCXXXIII.</span> <span class='ocrx_word' id='word_1_122' title='bbox 617 1743 741 1810; x_wconf 78' lang='lat' dir='ltr'><strong>Potasti,</strong></span> <span class='ocrx_word' id='word_1_123' title='bbox 761 1746 785 1798; x_wconf 87' lang='lat'><strong>3.</strong></span> <span class='ocrx_word' id='word_1_124' title='bbox 805 1743 909 1796; x_wconf 84' lang='lat' dir='ltr'><strong>Martii</strong></span> <span class='ocrx_word' id='word_1_125' title='bbox 922 1746 999 1798; x_wconf 84' lang='lat'><em>1229.</em></span> <span class='ocrx_word' id='word_1_126' title='bbox 1019 1742 1172 1813; x_wconf 79' lang='lat' dir='ltr'><strong>Gregorius</strong></span> <span class='ocrx_word' id='word_1_127' title='bbox 1184 1743 1228 1798; x_wconf 92' lang='lat' dir='ltr'><strong>IX</strong></span> <span class='ocrx_word' id='word_1_128' title='bbox 1242 1759 1316 1814; x_wconf 86' lang='lat' dir='ltr'><strong>papa</strong></span> <span class='ocrx_word' id='word_1_129' title='bbox 1328 1743 1423 1798; x_wconf 84' lang='lat' dir='ltr'><strong>scribit</strong></span> <span class='ocrx_word' id='word_1_130' title='bbox 1434 1743 1527 1812; x_wconf 79' lang='lat' dir='ltr'><strong>legato</strong></span> <span class='ocrx_word' id='word_1_131' title='bbox 1547 1759 1600 1798; x_wconf 87' lang='lat' dir='ltr'><strong>suo</strong></span> 
     </span>
     <span class='ocr_line' id='line_1_15' title="bbox 354 1829 1601 1902; baseline -0.002 -16"><span class='ocrx_word' id='word_1_132' title='bbox 354 1831 455 1901; x_wconf 82' lang='lat' dir='ltr'><strong>Egidio</strong></span> <span class='ocrx_word' id='word_1_133' title='bbox 468 1829 641 1885; x_wconf 90' lang='lat' dir='ltr'><strong>subdiacono</strong></span> <span class='ocrx_word' id='word_1_134' title='bbox 660 1837 687 1884; x_wconf 89' lang='lat' dir='ltr'><strong>et</strong></span> <span class='ocrx_word' id='word_1_135' title='bbox 699 1829 851 1902; x_wconf 86' lang='lat' dir='ltr'><strong>capellano,</strong></span> <span class='ocrx_word' id='word_1_136' title='bbox 861 1829 1003 1899; x_wconf 88' lang='lat' dir='ltr'><strong>quomodo</strong></span> <span class='ocrx_word' id='word_1_137' title='bbox 1013 1830 1165 1885; x_wconf 90' lang='lat' dir='ltr'><strong>colocensis</strong></span> <span class='ocrx_word' id='word_1_138' title='bbox 1175 1829 1399 1901; x_wconf 79' lang='lat' dir='ltr'><strong>archiepiscopus</strong></span> <span class='ocrx_word' id='word_1_139' title='bbox 1415 1831 1441 1884; x_wconf 93' lang='lat' dir='ltr'><strong>in</strong></span> <span class='ocrx_word' id='word_1_140' title='bbox 1459 1847 1507 1886; x_wconf 90' lang='lat' dir='ltr'><strong>sus</strong></span> <span class='ocrx_word' id='word_1_141' title='bbox 1523 1847 1601 1902; x_wconf 90' lang='lat' dir='ltr'><strong>prae-</strong></span> 
     </span>
     <span class='ocr_line' id='line_1_16' title="bbox 354 1917 1600 1988; baseline 0.002 -16"><span class='ocrx_word' id='word_1_142' title='bbox 354 1920 443 1974; x_wconf 88' lang='lat' dir='ltr'><strong>sentia</strong></span> <span class='ocrx_word' id='word_1_143' title='bbox 455 1919 550 1974; x_wconf 85' lang='lat' dir='ltr'><strong>feccrit</strong></span> <span class='ocrx_word' id='word_1_144' title='bbox 559 1919 673 1984; x_wconf 86' lang='lat' dir='ltr'><strong>recitari,</strong></span> <span class='ocrx_word' id='word_1_145' title='bbox 684 1917 759 1988; x_wconf 91' lang='lat' dir='ltr'><strong>quod</strong></span> <span class='ocrx_word' id='word_1_146' title='bbox 770 1917 870 1973; x_wconf 91' lang='lat' dir='ltr'><strong>nobilis</strong></span> <span class='ocrx_word' id='word_1_147' title='bbox 880 1918 977 1973; x_wconf 90' lang='lat' dir='ltr'><strong>mulier</strong></span> <span class='ocrx_word' id='word_1_148' title='bbox 990 1957 996 1972; x_wconf 91' lang='lat'><strong>.</strong></span> <span class='ocrx_word' id='word_1_149' title='bbox 1010 1959 1016 1972; x_wconf 93' lang='lat'><em>.</em></span> <span class='ocrx_word' id='word_1_150' title='bbox 1033 1935 1111 1974; x_wconf 89' lang='lat' dir='ltr'><strong>soror</strong></span> <span class='ocrx_word' id='word_1_151' title='bbox 1123 1919 1195 1988; x_wconf 84' lang='lat' dir='ltr'><strong>regis</strong></span> <span class='ocrx_word' id='word_1_152' title='bbox 1208 1918 1348 1986; x_wconf 85' lang='lat' dir='ltr'><strong>Ungariae</strong></span> <span class='ocrx_word' id='word_1_153' title='bbox 1358 1917 1534 1988; x_wconf 82' lang='lat' dir='ltr'><strong>acquisiverit</strong></span> <span class='ocrx_word' id='word_1_154' title='bbox 1548 1925 1600 1974; x_wconf 90' lang='lat' dir='ltr'><strong>ter·</strong></span> 
     </span>
     <span class='ocr_line' id='line_1_17' title="bbox 354 2003 1600 2076; baseline -0.001 -16"><span class='ocrx_word' id='word_1_155' title='bbox 354 2023 414 2060; x_wconf 87' lang='lat' dir='ltr'><strong>ram</strong></span> <span class='ocrx_word' id='word_1_156' title='bbox 424 2005 582 2062; x_wconf 86' lang='lat' dir='ltr'><strong>ulteriorem</strong></span> <span class='ocrx_word' id='word_1_157' title='bbox 592 2003 729 2072; x_wconf 81' lang='lat' dir='ltr'><strong>Sirmium,</strong></span> <span class='ocrx_word' id='word_1_158' title='bbox 740 2005 847 2060; x_wconf 88' lang='lat' dir='ltr'><strong>ratione</strong></span> <span class='ocrx_word' id='word_1_159' title='bbox 856 2005 942 2076; x_wconf 86' lang='lat' dir='ltr'><strong>partis</strong></span> <span class='ocrx_word' id='word_1_160' title='bbox 954 2005 1093 2075; x_wconf 80' lang='lat' dir='ltr'><strong>Ungariae</strong></span> <span class='ocrx_word' id='word_1_161' title='bbox 1102 2023 1174 2075; x_wconf 88' lang='lat' dir='ltr'><strong>quae</strong></span> <span class='ocrx_word' id='word_1_162' title='bbox 1187 2005 1296 2060; x_wconf 88' lang='lat' dir='ltr'><strong>citerior</strong></span> <span class='ocrx_word' id='word_1_163' title='bbox 1306 2005 1406 2060; x_wconf 85' lang='lat' dir='ltr'><strong>Sirmis</strong></span> <span class='ocrx_word' id='word_1_164' title='bbox 1415 2011 1600 2076; x_wconf 87' lang='lat' dir='ltr'><strong>nuncupatur,</strong></span> 
     </span>
     <span class='ocr_line' id='line_1_18' title="bbox 355 2091 1600 2164; baseline -0.003 -16"><span class='ocrx_word' id='word_1_165' title='bbox 355 2110 427 2164; x_wconf 90' lang='lat' dir='ltr'><strong>quae</strong></span> <span class='ocrx_word' id='word_1_166' title='bbox 445 2091 481 2147; x_wconf 92' lang='lat' dir='ltr'><strong>ad</strong></span> <span class='ocrx_word' id='word_1_167' title='bbox 500 2099 599 2148; x_wconf 89' lang='lat' dir='ltr'><strong>nutum</strong></span> <span class='ocrx_word' id='word_1_168' title='bbox 625 2092 715 2148; x_wconf 88' lang='lat' dir='ltr'><strong>dictae</strong></span> <span class='ocrx_word' id='word_1_169' title='bbox 742 2093 845 2147; x_wconf 90' lang='lat' dir='ltr'><strong>sororis</strong></span> <span class='ocrx_word' id='word_1_170' title='bbox 872 2093 944 2162; x_wconf 84' lang='lat' dir='ltr'><strong>regis</strong></span> <span class='ocrx_word' id='word_1_171' title='bbox 972 2093 1076 2162; x_wconf 80' lang='lat' dir='ltr'><strong>regitur</strong></span> <span class='ocrx_word' id='word_1_172' title='bbox 1102 2093 1181 2158; x_wconf 88' lang='lat' dir='ltr'><strong>adeo,</strong></span> <span class='ocrx_word' id='word_1_173' title='bbox 1209 2091 1283 2162; x_wconf 91' lang='lat' dir='ltr'><strong>quod</strong></span> <span class='ocrx_word' id='word_1_174' title='bbox 1310 2091 1422 2161; x_wconf 87' lang='lat' dir='ltr'><strong>quidam</strong></span> <span class='ocrx_word' id='word_1_175' title='bbox 1441 2092 1475 2147; x_wconf 90' lang='lat' dir='ltr'><strong>de</strong></span> <span class='ocrx_word' id='word_1_176' title='bbox 1494 2092 1600 2147; x_wconf 88' lang='lat' dir='ltr'><strong>clericis</strong></span> 
     </span>
     <span class='ocr_line' id='line_1_19' title="bbox 355 2179 1600 2252; baseline -0.002 -18"><span class='ocrx_word' id='word_1_177' title='bbox 355 2179 563 2252; x_wconf 86' lang='lat' dir='ltr'><strong>archiepiscopo</strong></span> <span class='ocrx_word' id='word_1_178' title='bbox 590 2181 644 2252; x_wconf 93' lang='lat' dir='ltr'><strong>ipsi</strong></span> <span class='ocrx_word' id='word_1_179' title='bbox 671 2180 811 2252; x_wconf 78' lang='lat' dir='ltr'><strong>subJectls,</strong></span> <span class='ocrx_word' id='word_1_180' title='bbox 839 2197 889 2250; x_wconf 91' lang='lat' dir='ltr'><strong>per</strong></span> <span class='ocrx_word' id='word_1_181' title='bbox 915 2197 977 2234; x_wconf 88' lang='lat' dir='ltr'><strong>eam</strong></span> <span class='ocrx_word' id='word_1_182' title='bbox 1004 2180 1032 2234; x_wconf 91' lang='lat' dir='ltr'><strong>in</strong></span> <span class='ocrx_word' id='word_1_183' title='bbox 1059 2180 1156 2234; x_wconf 89' lang='lat' dir='ltr'><strong>maiori</strong></span> <span class='ocrx_word' id='word_1_184' title='bbox 1175 2179 1298 2244; x_wconf 88' lang='lat' dir='ltr'><strong>ecclesia,</strong></span> <span class='ocrx_word' id='word_1_185' title='bbox 1317 2197 1402 2249; x_wconf 91' lang='lat' dir='ltr'><strong>quam</strong></span> <span class='ocrx_word' id='word_1_186' title='bbox 1420 2186 1509 2234; x_wconf 87' lang='lat' dir='ltr'><strong>terrae</strong></span> <span class='ocrx_word' id='word_1_187' title='bbox 1527 2179 1600 2232; x_wconf 91' lang='lat' dir='ltr'><strong>illius</strong></span> 
     </span>
     <span class='ocr_line' id='line_1_20' title="bbox 355 2264 1600 2338; baseline -0.001 -17"><span class='ocrx_word' id='word_1_188' title='bbox 355 2267 481 2323; x_wconf 88' lang='lat' dir='ltr'><strong>homines</strong></span> <span class='ocrx_word' id='word_1_189' title='bbox 499 2267 685 2338; x_wconf 85' lang='lat' dir='ltr'><strong>episcopalem</strong></span> <span class='ocrx_word' id='word_1_190' title='bbox 704 2267 855 2334; x_wconf 89' lang='lat' dir='ltr'><strong>nominant,</strong></span> <span class='ocrx_word' id='word_1_191' title='bbox 874 2268 1000 2338; x_wconf 85' lang='lat' dir='ltr'><strong>provisor</strong></span> <span class='ocrx_word' id='word_1_192' title='bbox 1028 2267 1063 2320; x_wconf 90' lang='lat' dir='ltr'><strong>sit</strong></span> <span class='ocrx_word' id='word_1_193' title='bbox 1081 2265 1231 2336; x_wconf 89' lang='lat' dir='ltr'><strong>deputatus</strong></span> <span class='ocrx_word' id='word_1_194' title='bbox 1250 2265 1285 2320; x_wconf 90' lang='lat' dir='ltr'><strong>ad</strong></span> <span class='ocrx_word' id='word_1_195' title='bbox 1304 2271 1423 2337; x_wconf 90' lang='lat' dir='ltr'><strong>tempus,</strong></span> <span class='ocrx_word' id='word_1_196' title='bbox 1451 2265 1541 2320; x_wconf 88' lang='lat' dir='ltr'><strong>donec</strong></span> <span class='ocrx_word' id='word_1_197' title='bbox 1566 2264 1600 2320; x_wconf 93' lang='lat' dir='ltr'><strong>de</strong></span> 
     </span>
     <span class='ocr_line' id='line_1_21' title="bbox 355 2351 1601 2425; baseline -0.003 -17"><span class='ocrx_word' id='word_1_198' title='bbox 355 2355 425 2425; x_wconf 87' lang='lat' dir='ltr'><strong>ipsa,</strong></span> <span class='ocrx_word' id='word_1_199' title='bbox 444 2371 517 2424; x_wconf 87' lang='lat' dir='ltr'><strong>quae</strong></span> <span class='ocrx_word' id='word_1_200' title='bbox 535 2355 705 2410; x_wconf 85' lang='lat' dir='ltr'><strong>Graecorum</strong></span> <span class='ocrx_word' id='word_1_201' title='bbox 723 2355 806 2410; x_wconf 90' lang='lat' dir='ltr'><strong>ritum</strong></span> <span class='ocrx_word' id='word_1_202' title='bbox 824 2360 900 2408; x_wconf 87' lang='lat' dir='ltr'><strong>tenet</strong></span> <span class='ocrx_word' id='word_1_203' title='bbox 923 2361 950 2409; x_wconf 91' lang='lat' dir='ltr'><strong>et</strong></span> <span class='ocrx_word' id='word_1_204' title='bbox 975 2353 1099 2408; x_wconf 91' lang='lat' dir='ltr'><strong>nondum</strong></span> <span class='ocrx_word' id='word_1_205' title='bbox 1123 2352 1182 2408; x_wconf 89' lang='lat' dir='ltr'><strong>sedi</strong></span> <span class='ocrx_word' id='word_1_206' title='bbox 1201 2353 1370 2424; x_wconf 87' lang='lat' dir='ltr'><strong>apostolicae</strong></span> <span class='ocrx_word' id='word_1_207' title='bbox 1389 2351 1520 2418; x_wconf 90' lang='lat' dir='ltr'><strong>obediuit,</strong></span> <span class='ocrx_word' id='word_1_208' title='bbox 1539 2353 1601 2424; x_wconf 87' lang='lat' dir='ltr'><strong>ipsa</strong></span> 
     </span>
     <span class='ocr_line' id='line_1_22' title="bbox 356 2439 1601 2514; baseline -0.003 -18"><span class='ocrx_word' id='word_1_209' title='bbox 356 2441 436 2498; x_wconf 87' lang='lat' dir='ltr'><strong>sedes</strong></span> <span class='ocrx_word' id='word_1_210' title='bbox 454 2442 592 2514; x_wconf 89' lang='lat' dir='ltr'><strong>disponet.</strong></span> <span class='ocrx_word' id='word_1_211' title='bbox 620 2443 714 2510; x_wconf 79' lang='lat' dir='ltr'><strong>Quare</strong></span> <span class='ocrx_word' id='word_1_212' title='bbox 740 2442 964 2512; x_wconf 79' lang='lat' dir='ltr'><strong>archiepiscopus</strong></span> <span class='ocrx_word' id='word_1_213' title='bbox 992 2441 1165 2512; x_wconf 86' lang='lat' dir='ltr'><strong>supplicavit,</strong></span> <span class='ocrx_word' id='word_1_214' title='bbox 1194 2446 1225 2494; x_wconf 90' lang='lat' dir='ltr'><strong>ut</strong></span> <span class='ocrx_word' id='word_1_215' title='bbox 1251 2457 1314 2494; x_wconf 90' lang='lat' dir='ltr'><strong>cum</strong></span> <span class='ocrx_word' id='word_1_216' title='bbox 1342 2440 1467 2510; x_wconf 86' lang='lat' dir='ltr'><strong>praefata</strong></span> <span class='ocrx_word' id='word_1_217' title='bbox 1485 2439 1601 2493; x_wconf 87' lang='lat' dir='ltr'><strong>ecclesia</strong></span> 
     </span>
     <span class='ocr_line' id='line_1_23' title="bbox 356 2525 1601 2598; baseline -0.006 -13"><span class='ocrx_word' id='word_1_218' title='bbox 356 2531 509 2586; x_wconf 90' lang='lat' dir='ltr'><strong>colocensis</strong></span> <span class='ocrx_word' id='word_1_219' title='bbox 528 2530 641 2585; x_wconf 88' lang='lat' dir='ltr'><strong>vicinior</strong></span> <span class='ocrx_word' id='word_1_220' title='bbox 659 2536 687 2584; x_wconf 88' lang='lat' dir='ltr'><strong>et</strong></span> <span class='ocrx_word' id='word_1_221' title='bbox 704 2529 904 2585; x_wconf 86' lang='lat' dir='ltr'><strong>conterminata</strong></span> <span class='ocrx_word' id='word_1_222' title='bbox 922 2545 983 2584; x_wconf 88' lang='lat' dir='ltr'><strong>esse</strong></span> <span class='ocrx_word' id='word_1_223' title='bbox 1002 2534 1141 2594; x_wconf 88' lang='lat' dir='ltr'><strong>noscatur,</strong></span> <span class='ocrx_word' id='word_1_224' title='bbox 1160 2529 1250 2598; x_wconf 89' lang='lat' dir='ltr'><strong>ipsam</strong></span> <span class='ocrx_word' id='word_1_225' title='bbox 1268 2545 1341 2582; x_wconf 82' lang='lat' dir='ltr'><strong>novo</strong></span> <span class='ocrx_word' id='word_1_226' title='bbox 1354 2527 1534 2598; x_wconf 86' lang='lat' dir='ltr'><strong>episcopatui,</strong></span> <span class='ocrx_word' id='word_1_227' title='bbox 1553 2525 1601 2596; x_wconf 91' lang='lat' dir='ltr'><strong>qui</strong></span> 
     </span>
     <span class='ocr_line' id='line_1_24' title="bbox 356 2615 1602 2689; baseline -0.003 -16"><span class='ocrx_word' id='word_1_228' title='bbox 356 2617 391 2673; x_wconf 93' lang='lat' dir='ltr'><strong>de</strong></span> <span class='ocrx_word' id='word_1_229' title='bbox 410 2617 520 2674; x_wconf 86' lang='lat' dir='ltr'><strong>licentia</strong></span> <span class='ocrx_word' id='word_1_230' title='bbox 538 2617 675 2689; x_wconf 88' lang='lat' dir='ltr'><strong>pontificis</strong></span> <span class='ocrx_word' id='word_1_231' title='bbox 704 2617 732 2671; x_wconf 93' lang='lat' dir='ltr'><strong>in</strong></span> <span class='ocrx_word' id='word_1_232' title='bbox 759 2617 876 2672; x_wconf 88' lang='lat' dir='ltr'><strong>citeriori</strong></span> <span class='ocrx_word' id='word_1_233' title='bbox 905 2617 1005 2672; x_wconf 84' lang='lat' dir='ltr'><strong>Sirmia</strong></span> <span class='ocrx_word' id='word_1_234' title='bbox 1031 2615 1115 2671; x_wconf 91' lang='lat' dir='ltr'><strong>debet</strong></span> <span class='ocrx_word' id='word_1_235' title='bbox 1142 2615 1235 2682; x_wconf 87' lang='lat' dir='ltr'><strong>creari,</strong></span> <span class='ocrx_word' id='word_1_236' title='bbox 1263 2632 1313 2686; x_wconf 91' lang='lat' dir='ltr'><strong>per</strong></span> <span class='ocrx_word' id='word_1_237' title='bbox 1339 2615 1431 2685; x_wconf 91' lang='lat' dir='ltr'><strong>ipsum</strong></span> <span class='ocrx_word' id='word_1_238' title='bbox 1456 2619 1602 2670; x_wconf 81' lang='lat' dir='ltr'><strong>annectere</strong></span> 
     </span>
     <span class='ocr_line' id='line_1_25' title="bbox 356 2701 1602 2776; baseline -0.004 -16"><span class='ocrx_word' id='word_1_239' title='bbox 356 2705 524 2776; x_wconf 87' lang='lat' dir='ltr'><strong>dignaretur.</strong></span> <span class='ocrx_word' id='word_1_240' title='bbox 544 2704 616 2760; x_wconf 83' lang='lat' dir='ltr'><strong>Cum</strong></span> <span class='ocrx_word' id='word_1_241' title='bbox 639 2705 674 2759; x_wconf 89' lang='lat' dir='ltr'><strong>ad</strong></span> <span class='ocrx_word' id='word_1_242' title='bbox 693 2705 827 2759; x_wconf 86' lang='lat' dir='ltr'><strong>honorem</strong></span> <span class='ocrx_word' id='word_1_243' title='bbox 846 2704 1015 2776; x_wconf 87' lang='lat' dir='ltr'><strong>apostolicae</strong></span> <span class='ocrx_word' id='word_1_244' title='bbox 1034 2703 1108 2758; x_wconf 88' lang='lat' dir='ltr'><strong>sedis</strong></span> <span class='ocrx_word' id='word_1_245' title='bbox 1128 2703 1270 2774; x_wconf 83' lang='lat' dir='ltr'><strong>pertineat,</strong></span> <span class='ocrx_word' id='word_1_246' title='bbox 1290 2709 1322 2758; x_wconf 92' lang='lat' dir='ltr'><strong>ut</strong></span> <span class='ocrx_word' id='word_1_247' title='bbox 1340 2701 1430 2756; x_wconf 85' lang='lat' dir='ltr'><strong>Sclavi</strong></span> <span class='ocrx_word' id='word_1_248' title='bbox 1449 2707 1476 2756; x_wconf 87' lang='lat' dir='ltr'><strong>et</strong></span> <span class='ocrx_word' id='word_1_249' title='bbox 1494 2701 1602 2768; x_wconf 86' lang='lat' dir='ltr'><strong>Graeci,</strong></span> 
     </span>
     <span class='ocr_line' id='line_1_26' title="bbox 356 2787 1602 2863; baseline -0.005 -15"><span class='ocrx_word' id='word_1_250' title='bbox 356 2793 404 2863; x_wconf 93' lang='lat' dir='ltr'><strong>qui</strong></span> <span class='ocrx_word' id='word_1_251' title='bbox 422 2801 523 2848; x_wconf 86' lang='lat' dir='ltr'><strong>terram</strong></span> <span class='ocrx_word' id='word_1_252' title='bbox 541 2793 616 2848; x_wconf 88' lang='lat' dir='ltr'><strong>illam</strong></span> <span class='ocrx_word' id='word_1_253' title='bbox 635 2792 797 2860; x_wconf 88' lang='lat' dir='ltr'><strong>inhabitant,</strong></span> <span class='ocrx_word' id='word_1_254' title='bbox 817 2791 852 2846; x_wconf 89' lang='lat' dir='ltr'><strong>ad</strong></span> <span class='ocrx_word' id='word_1_255' title='bbox 870 2793 1020 2847; x_wconf 84' lang='lat' dir='ltr'><strong>latinorum</strong></span> <span class='ocrx_word' id='word_1_256' title='bbox 1038 2793 1121 2845; x_wconf 91' lang='lat' dir='ltr'><strong>ritum</strong></span> <span class='ocrx_word' id='word_1_257' title='bbox 1136 2799 1163 2845; x_wconf 84' lang='lat' dir='ltr'><strong>et</strong></span> <span class='ocrx_word' id='word_1_258' title='bbox 1177 2790 1362 2846; x_wconf 88' lang='lat' dir='ltr'><strong>obedientiam</strong></span> <span class='ocrx_word' id='word_1_259' title='bbox 1374 2807 1505 2845; x_wconf 89' lang='lat' dir='ltr'><strong>romanae</strong></span> <span class='ocrx_word' id='word_1_260' title='bbox 1518 2787 1602 2844; x_wconf 70' lang='lat' dir='ltr'><strong>eccle·</strong></span> 
     </span>
     <span class='ocr_line' id='line_1_27' title="bbox 357 2877 1603 2951; baseline -0.004 -17"><span class='ocrx_word' id='word_1_261' title='bbox 357 2883 422 2947; x_wconf 89' lang='lat' dir='ltr'><strong>siae,</strong></span> <span class='ocrx_word' id='word_1_262' title='bbox 451 2882 474 2934; x_wconf 86' lang='lat' dir='ltr'><strong>si</strong></span> <span class='ocrx_word' id='word_1_263' title='bbox 501 2881 560 2936; x_wconf 90' lang='lat' dir='ltr'><strong>fieri</strong></span> <span class='ocrx_word' id='word_1_264' title='bbox 588 2887 687 2951; x_wconf 90' lang='lat' dir='ltr'><strong>potest,</strong></span> <span class='ocrx_word' id='word_1_265' title='bbox 718 2886 927 2946; x_wconf 88' lang='lat' dir='ltr'><strong>convertantur;</strong></span> <span class='ocrx_word' id='word_1_266' title='bbox 956 2879 1069 2934; x_wconf 88' lang='lat' dir='ltr'><strong>mandat</strong></span> <span class='ocrx_word' id='word_1_267' title='bbox 1097 2879 1203 2949; x_wconf 85' lang='lat' dir='ltr'><strong>legato,</strong></span> <span class='ocrx_word' id='word_1_268' title='bbox 1232 2879 1254 2932; x_wconf 91' lang='lat' dir='ltr'><strong>si</strong></span> <span class='ocrx_word' id='word_1_269' title='bbox 1287 2879 1316 2932; x_wconf 93' lang='lat' dir='ltr'><strong>in</strong></span> <span class='ocrx_word' id='word_1_270' title='bbox 1346 2877 1462 2932; x_wconf 84' lang='lat' dir='ltr'><strong>ecclesia</strong></span> <span class='ocrx_word' id='word_1_271' title='bbox 1491 2877 1537 2932; x_wconf 87' lang='lat' dir='ltr'><strong>illa</strong></span> <span class='ocrx_word' id='word_1_272' title='bbox 1567 2877 1603 2930; x_wconf 89' lang='lat' dir='ltr'><strong>sit</strong></span> 
     </span>
     <span class='ocr_line' id='line_1_28' title="bbox 357 2965 1600 3039; baseline -0.006 -16"><span class='ocrx_word' id='word_1_273' title='bbox 357 2969 505 3039; x_wconf 91' lang='lat' dir='ltr'><strong>episcopus</strong></span> <span class='ocrx_word' id='word_1_274' title='bbox 524 2975 551 3022; x_wconf 85' lang='lat' dir='ltr'><strong>et</strong></span> <span class='ocrx_word' id='word_1_275' title='bbox 569 2969 622 3022; x_wconf 88' lang='lat' dir='ltr'><strong>sub</strong></span> <span class='ocrx_word' id='word_1_276' title='bbox 640 2967 797 3023; x_wconf 89' lang='lat' dir='ltr'><strong>obedientia</strong></span> <span class='ocrx_word' id='word_1_277' title='bbox 822 2968 953 3022; x_wconf 87' lang='lat' dir='ltr'><strong>ecclesiae</strong></span> <span class='ocrx_word' id='word_1_278' title='bbox 977 2983 1108 3021; x_wconf 87' lang='lat' dir='ltr'><strong>romanae</strong></span> <span class='ocrx_word' id='word_1_279' title='bbox 1127 2983 1187 3020; x_wconf 88' lang='lat' dir='ltr'><strong>esse</strong></span> <span class='ocrx_word' id='word_1_280' title='bbox 1211 2965 1333 3032; x_wconf 87' lang='lat' dir='ltr'><strong>voluerit,</strong></span> <span class='ocrx_word' id='word_1_281' title='bbox 1353 2981 1416 3020; x_wconf 91' lang='lat' dir='ltr'><strong>enm</strong></span> <span class='ocrx_word' id='word_1_282' title='bbox 1436 2965 1558 3035; x_wconf 86' lang='lat' dir='ltr'><strong>recipiat,</strong></span> <span class='ocrx_word' id='word_1_283' title='bbox 1578 2965 1600 3017; x_wconf 88' lang='lat' dir='ltr'><strong>si</strong></span> 
     </span>
     <span class='ocr_line' id='line_1_29' title="bbox 357 3051 1603 3128; baseline -0.006 -18"><span class='ocrx_word' id='word_1_284' title='bbox 357 3062 450 3110; x_wconf 84' lang='lat' dir='ltr'><strong>autern</strong></span> <span class='ocrx_word' id='word_1_285' title='bbox 470 3073 525 3110; x_wconf 94' lang='lat' dir='ltr'><strong>non</strong></span> <span class='ocrx_word' id='word_1_286' title='bbox 544 3055 580 3110; x_wconf 90' lang='lat' dir='ltr'><strong>sit</strong></span> <span class='ocrx_word' id='word_1_287' title='bbox 598 3057 754 3128; x_wconf 90' lang='lat' dir='ltr'><strong>episcopus,</strong></span> <span class='ocrx_word' id='word_1_288' title='bbox 783 3055 825 3110; x_wconf 88' lang='lat' dir='ltr'><strong>vel</strong></span> <span class='ocrx_word' id='word_1_289' title='bbox 850 3056 873 3110; x_wconf 92' lang='lat' dir='ltr'><strong>si</strong></span> <span class='ocrx_word' id='word_1_290' title='bbox 898 3054 1017 3108; x_wconf 87' lang='lat' dir='ltr'><strong>noluerit</strong></span> <span class='ocrx_word' id='word_1_291' title='bbox 1039 3053 1151 3108; x_wconf 90' lang='lat' dir='ltr'><strong>obedire</strong></span> <span class='ocrx_word' id='word_1_292' title='bbox 1173 3053 1287 3119; x_wconf 85' lang='lat' dir='ltr'><strong>Romae,</strong></span> <span class='ocrx_word' id='word_1_293' title='bbox 1312 3053 1386 3108; x_wconf 91' lang='lat' dir='ltr'><strong>dicto</strong></span> <span class='ocrx_word' id='word_1_294' title='bbox 1405 3069 1477 3107; x_wconf 86' lang='lat' dir='ltr'><strong>novo</strong></span> <span class='ocrx_word' id='word_1_295' title='bbox 1496 3051 1603 3121; x_wconf 89' lang='lat' dir='ltr'><strong>episco-</strong></span> 
     </span>
     <span class='ocr_line' id='line_1_30' title="bbox 358 3141 722 3214; baseline -0.003 -16"><span class='ocrx_word' id='word_1_296' title='bbox 358 3143 436 3214; x_wconf 89' lang='lat' dir='ltr'><strong>patui</strong></span> <span class='ocrx_word' id='word_1_297' title='bbox 454 3141 565 3213; x_wconf 87' lang='lat' dir='ltr'><strong>adjiciat</strong></span> <span class='ocrx_word' id='word_1_298' title='bbox 582 3143 722 3198; x_wconf 87' lang='lat' dir='ltr'><strong>ecclesias.</strong></span> 
     </span>
    </p>

    <p class='ocr_par' dir='ltr' id='par_1_6' title="bbox 412 3227 1359 3300">
     <span class='ocr_line' id='line_1_31' title="bbox 412 3227 1359 3300; baseline -0.003 -15"><span class='ocrx_word' id='word_1_299' title='bbox 412 3231 540 3285; x_wconf 63' lang='lat' dir='ltr'><strong>Theium</strong></span> <span class='ocrx_word' id='word_1_300' title='bbox 566 3233 640 3286; x_wconf 73' lang='lat' dir='ltr'><strong>lion.</strong></span> <span class='ocrx_word' id='word_1_301' title='bbox 667 3233 757 3300; x_wconf 74' lang='lat' dir='ltr'><strong>Huop.</strong></span> <span class='ocrx_word' id='word_1_302' title='bbox 782 3231 805 3284; x_wconf 91' lang='lat'><strong>1.</strong></span> <span class='ocrx_word' id='word_1_303' title='bbox 827 3247 856 3298; x_wconf 85' lang='lat' dir='ltr'><strong>p.</strong></span> <span class='ocrx_word' id='word_1_304' title='bbox 875 3233 919 3284; x_wconf 90' lang='grc'><strong>88.</strong></span> <span class='ocrx_word' id='word_1_305' title='bbox 940 3229 1066 3284; x_wconf 76' lang='lat' dir='ltr'><strong>I&#39;orlota&#39;:</strong></span> <span class='ocrx_word' id='word_1_306' title='bbox 1084 3243 1128 3297; x_wconf 83' lang='lat' dir='ltr'><strong>op.</strong></span> <span class='ocrx_word' id='word_1_307' title='bbox 1147 3229 1192 3282; x_wconf 87' lang='lat' dir='ltr'><strong>cit.</strong></span> <span class='ocrx_word' id='word_1_308' title='bbox 1217 3227 1280 3296; x_wconf 84' lang='lat' dir='ltr'><em>V11,</em></span> <span class='ocrx_word' id='word_1_309' title='bbox 1298 3231 1359 3282; x_wconf 80' lang='grc'><strong><em>545,</em></strong></span> 
     </span>
    </p>
   </div>
   <div class='ocr_carea' id='block_1_4' title="bbox 358 3349 1604 4120">
    <p class='ocr_par' dir='ltr' id='par_1_7' title="bbox 358 3349 1604 4034">
     <span class='ocr_line' id='line_1_32' title="bbox 410 3349 1603 3421; baseline -0.004 -13"><span class='ocrx_word' id='word_1_310' title='bbox 410 3351 600 3408; x_wconf 80' lang='lat' dir='ltr'>CCXXXIV.</span> <span class='ocrx_word' id='word_1_311' title='bbox 624 3354 766 3420; x_wconf 77' lang='lat' dir='ltr'><strong>Venstfis,</strong></span> <span class='ocrx_word' id='word_1_312' title='bbox 790 3357 814 3406; x_wconf 90' lang='lat'><strong>6.</strong></span> <span class='ocrx_word' id='word_1_313' title='bbox 841 3353 945 3406; x_wconf 83' lang='lat' dir='ltr'><strong>Martii</strong></span> <span class='ocrx_word' id='word_1_314' title='bbox 963 3356 1040 3406; x_wconf 84' lang='lat'><em>1229.</em></span> <span class='ocrx_word' id='word_1_315' title='bbox 1058 3351 1182 3406; x_wconf 88' lang='lat' dir='ltr'><strong>Jacobus</strong></span> <span class='ocrx_word' id='word_1_316' title='bbox 1201 3352 1328 3421; x_wconf 86' lang='lat' dir='ltr'><strong>Teupolo</strong></span> <span class='ocrx_word' id='word_1_317' title='bbox 1346 3349 1403 3404; x_wconf 81' lang='lat' dir='ltr'><strong>dux</strong></span> <span class='ocrx_word' id='word_1_318' title='bbox 1422 3349 1603 3405; x_wconf 90' lang='lat' dir='ltr'><strong>Venetiarum</strong></span> 
     </span>
     <span class='ocr_line' id='line_1_33' title="bbox 358 3437 1604 3512; baseline -0.005 -16"><span class='ocrx_word' id='word_1_319' title='bbox 358 3448 423 3512; x_wconf 91' lang='lat' dir='ltr'><strong>post</strong></span> <span class='ocrx_word' id='word_1_320' title='bbox 441 3459 521 3496; x_wconf 89' lang='lat' dir='ltr'><strong>suam</strong></span> <span class='ocrx_word' id='word_1_321' title='bbox 540 3441 701 3496; x_wconf 89' lang='lat' dir='ltr'><strong>electionem</strong></span> <span class='ocrx_word' id='word_1_322' title='bbox 720 3445 747 3495; x_wconf 88' lang='lat' dir='ltr'><strong>et</strong></span> <span class='ocrx_word' id='word_1_323' title='bbox 765 3441 907 3496; x_wconf 90' lang='lat' dir='ltr'><strong>introitum</strong></span> <span class='ocrx_word' id='word_1_324' title='bbox 922 3439 1025 3504; x_wconf 86' lang='lat' dir='ltr'><strong>statuit,</strong></span> <span class='ocrx_word' id='word_1_325' title='bbox 1039 3438 1113 3509; x_wconf 92' lang='lat' dir='ltr'><strong>quod</strong></span> <span class='ocrx_word' id='word_1_326' title='bbox 1127 3438 1227 3493; x_wconf 89' lang='lat' dir='ltr'><strong>debeat</strong></span> <span class='ocrx_word' id='word_1_327' title='bbox 1239 3438 1341 3493; x_wconf 84' lang='lat' dir='ltr'><strong>habere</strong></span> <span class='ocrx_word' id='word_1_328' title='bbox 1354 3454 1410 3508; x_wconf 87' lang='lat' dir='ltr'><strong>qua</strong></span> <span class='ocrx_word' id='word_1_329' title='bbox 1427 3437 1486 3490; x_wconf 84' lang='lat' dir='ltr'><strong>dux</strong></span> <span class='ocrx_word' id='word_1_330' title='bbox 1498 3453 1604 3490; x_wconf 88' lang='lat' dir='ltr'><strong>annna-</strong></span> 
     </span>
     <span class='ocr_line' id='line_1_34' title="bbox 358 3525 1603 3596; baseline -0.006 -13"><span class='ocrx_word' id='word_1_331' title='bbox 358 3531 408 3583; x_wconf 88' lang='lat' dir='ltr'><strong>tim</strong></span> <span class='ocrx_word' id='word_1_332' title='bbox 426 3529 496 3584; x_wconf 78' lang='lat'>2800</span> <span class='ocrx_word' id='word_1_333' title='bbox 514 3528 688 3582; x_wconf 87' lang='lat' dir='ltr'><strong>denariorum</strong></span> <span class='ocrx_word' id='word_1_334' title='bbox 708 3535 869 3584; x_wconf 85' lang='lat' dir='ltr'><strong>venetorum</strong></span> <span class='ocrx_word' id='word_1_335' title='bbox 888 3543 1034 3596; x_wconf 85' lang='lat' dir='ltr'><strong>quousque</strong></span> <span class='ocrx_word' id='word_1_336' title='bbox 1047 3527 1074 3580; x_wconf 93' lang='lat' dir='ltr'><strong>in</strong></span> <span class='ocrx_word' id='word_1_337' title='bbox 1088 3525 1190 3580; x_wconf 88' lang='lat' dir='ltr'><strong>ducatu</strong></span> <span class='ocrx_word' id='word_1_338' title='bbox 1204 3525 1316 3590; x_wconf 88' lang='lat' dir='ltr'><strong>steterit,</strong></span> <span class='ocrx_word' id='word_1_339' title='bbox 1339 3531 1366 3578; x_wconf 89' lang='lat' dir='ltr'><strong>et</strong></span> <span class='ocrx_word' id='word_1_340' title='bbox 1379 3526 1430 3578; x_wconf 75' lang='lat'><strong>350</strong></span> <span class='ocrx_word' id='word_1_341' title='bbox 1443 3530 1603 3578; x_wconf 90' lang='lat' dir='ltr'><strong>romanatos</strong></span> 
     </span>
     <span class='ocr_line' id='line_1_35' title="bbox 358 3610 1604 3684; baseline -0.005 -14"><span class='ocrx_word' id='word_1_342' title='bbox 358 3615 393 3670; x_wconf 92' lang='lat' dir='ltr'><strong>de</strong></span> <span class='ocrx_word' id='word_1_343' title='bbox 411 3615 521 3670; x_wconf 88' lang='lat' dir='ltr'><strong>redditu</strong></span> <span class='ocrx_word' id='word_1_344' title='bbox 539 3616 686 3670; x_wconf 88' lang='lat' dir='ltr'><strong>comitatus</strong></span> <span class='ocrx_word' id='word_1_345' title='bbox 705 3615 812 3684; x_wconf 78' lang='lat' dir='ltr'><strong>chloe</strong></span> <span class='ocrx_word' id='word_1_346' title='bbox 830 3619 858 3670; x_wconf 88' lang='lat' dir='ltr'><strong>et</strong></span> <span class='ocrx_word' id='word_1_347' title='bbox 882 3629 933 3684; x_wconf 93' lang='lat' dir='ltr'><strong>pro</strong></span> <span class='ocrx_word' id='word_1_348' title='bbox 952 3613 1061 3682; x_wconf 87' lang='lat' dir='ltr'><strong>regaliis</strong></span> <span class='ocrx_word' id='word_1_349' title='bbox 1083 3610 1207 3667; x_wconf 90' lang='lat' dir='ltr'><strong>eiusdem</strong></span> <span class='ocrx_word' id='word_1_350' title='bbox 1226 3612 1373 3666; x_wconf 86' lang='lat' dir='ltr'><strong>comitatus</strong></span> <span class='ocrx_word' id='word_1_351' title='bbox 1392 3616 1551 3664; x_wconf 85' lang='lat' dir='ltr'><strong>romanatos</strong></span> <span class='ocrx_word' id='word_1_352' title='bbox 1569 3611 1604 3664; x_wconf 84' lang='lat'><strong>60</strong></span> 
     </span>
     <span class='ocr_line' id='line_1_36' title="bbox 359 3696 1604 3774; baseline -0.006 -16"><span class='ocrx_word' id='word_1_353' title='bbox 359 3721 392 3758; x_wconf 89' lang='lat' dir='ltr'><strong>eo</strong></span> <span class='ocrx_word' id='word_1_354' title='bbox 404 3709 530 3774; x_wconf 89' lang='lat' dir='ltr'><strong>tempore</strong></span> <span class='ocrx_word' id='word_1_355' title='bbox 540 3703 690 3768; x_wconf 90' lang='lat' dir='ltr'><strong>annuatim,</strong></span> <span class='ocrx_word' id='word_1_356' title='bbox 704 3719 759 3772; x_wconf 92' lang='lat' dir='ltr'><strong>quo</strong></span> <span class='ocrx_word' id='word_1_357' title='bbox 774 3702 930 3756; x_wconf 85' lang='lat' dir='ltr'><strong>continetur</strong></span> <span class='ocrx_word' id='word_1_358' title='bbox 942 3701 970 3754; x_wconf 93' lang='lat' dir='ltr'><strong>in</strong></span> <span class='ocrx_word' id='word_1_359' title='bbox 984 3699 1213 3770; x_wconf 85' lang='lat' dir='ltr'><strong>promissionibus</strong></span> <span class='ocrx_word' id='word_1_360' title='bbox 1227 3699 1287 3764; x_wconf 89' lang='lat' dir='ltr'><strong>illis,</strong></span> <span class='ocrx_word' id='word_1_361' title='bbox 1301 3715 1371 3768; x_wconf 90' lang='lat' dir='ltr'><strong>quas</strong></span> <span class='ocrx_word' id='word_1_362' title='bbox 1382 3697 1402 3750; x_wconf 90' lang='lat' dir='ltr'><strong>J</strong></span> <span class='ocrx_word' id='word_1_363' title='bbox 1403 3714 1515 3762; x_wconf 88' lang='lat' dir='ltr'><strong>oannes,</strong></span> <span class='ocrx_word' id='word_1_364' title='bbox 1529 3696 1604 3750; x_wconf 91' lang='lat' dir='ltr'><strong>Vido</strong></span> 
     </span>
     <span class='ocr_line' id='line_1_37' title="bbox 359 3783 1604 3858; baseline -0.007 -14"><span class='ocrx_word' id='word_1_365' title='bbox 359 3797 387 3844; x_wconf 85' lang='lat' dir='ltr'><strong>et</strong></span> <span class='ocrx_word' id='word_1_366' title='bbox 406 3789 546 3845; x_wconf 88' lang='lat' dir='ltr'><strong>Henricus</strong></span> <span class='ocrx_word' id='word_1_367' title='bbox 564 3789 678 3844; x_wconf 91' lang='lat' dir='ltr'><strong>comites</strong></span> <span class='ocrx_word' id='word_1_368' title='bbox 702 3789 809 3857; x_wconf 83' lang='lat' dir='ltr'><strong>Veglae</strong></span> <span class='ocrx_word' id='word_1_369' title='bbox 836 3789 959 3842; x_wconf 88' lang='lat' dir='ltr'><strong>iecerunt</strong></span> <span class='ocrx_word' id='word_1_370' title='bbox 978 3787 1183 3858; x_wconf 88' lang='lat' dir='ltr'><strong>praedecessori</strong></span> <span class='ocrx_word' id='word_1_371' title='bbox 1207 3802 1259 3840; x_wconf 90' lang='lat' dir='ltr'><strong>suo</strong></span> <span class='ocrx_word' id='word_1_372' title='bbox 1279 3785 1401 3838; x_wconf 84' lang='lat' dir='ltr'><strong>chrico</strong></span> <span class='ocrx_word' id='word_1_373' title='bbox 1420 3783 1551 3838; x_wconf 88' lang='lat' dir='ltr'><strong>Dandulo</strong></span> <span class='ocrx_word' id='word_1_374' title='bbox 1570 3814 1604 3824; x_wconf 91' lang='lat'><em>-</em></span> 
     </span>
     <span class='ocr_line' id='line_1_38' title="bbox 360 3871 1604 3945; baseline -0.006 -13"><span class='ocrx_word' id='word_1_375' title='bbox 360 3883 387 3932; x_wconf 92' lang='lat' dir='ltr'><strong>et</strong></span> <span class='ocrx_word' id='word_1_376' title='bbox 404 3877 506 3932; x_wconf 87' lang='lat' dir='ltr'><strong>habere</strong></span> <span class='ocrx_word' id='word_1_377' title='bbox 525 3877 608 3932; x_wconf 89' lang='lat' dir='ltr'><strong>debet</strong></span> <span class='ocrx_word' id='word_1_378' title='bbox 625 3877 696 3931; x_wconf 91' lang='lat' dir='ltr'><strong>inter</strong></span> <span class='ocrx_word' id='word_1_379' title='bbox 715 3883 822 3930; x_wconf 88' lang='lat' dir='ltr'><strong>caetera</strong></span> <span class='ocrx_word' id='word_1_380' title='bbox 841 3876 945 3945; x_wconf 87' lang='lat' dir='ltr'><strong>regalia</strong></span> <span class='ocrx_word' id='word_1_381' title='bbox 961 3881 1018 3929; x_wconf 90' lang='lat' dir='ltr'><strong>tam</strong></span> <span class='ocrx_word' id='word_1_382' title='bbox 1038 3873 1135 3928; x_wconf 82' lang='lat' dir='ltr'><strong>Chersi</strong></span> <span class='ocrx_word' id='word_1_383' title='bbox 1153 3879 1180 3927; x_wconf 92' lang='lat' dir='ltr'><strong>et</strong></span> <span class='ocrx_word' id='word_1_384' title='bbox 1198 3872 1298 3926; x_wconf 82' lang='lat' dir='ltr'><strong>Auseri</strong></span> <span class='ocrx_word' id='word_1_385' title='bbox 1317 3889 1399 3942; x_wconf 89' lang='lat' dir='ltr'><strong>quam</strong></span> <span class='ocrx_word' id='word_1_386' title='bbox 1418 3871 1453 3925; x_wconf 93' lang='lat' dir='ltr'><strong>de</strong></span> <span class='ocrx_word' id='word_1_387' title='bbox 1471 3872 1604 3926; x_wconf 87' lang='lat' dir='ltr'><strong>comitatu</strong></span> 
     </span>
     <span class='ocr_line' id='line_1_39' title="bbox 360 3964 786 4034; baseline -0.005 -16"><span class='ocrx_word' id='word_1_388' title='bbox 360 3965 460 4032; x_wconf 81' lang='lat' dir='ltr'><strong>Arbae,</strong></span> <span class='ocrx_word' id='word_1_389' title='bbox 480 3965 597 4034; x_wconf 85' lang='lat' dir='ltr'><strong>Ragusii</strong></span> <span class='ocrx_word' id='word_1_390' title='bbox 615 3971 642 4018; x_wconf 90' lang='lat' dir='ltr'><strong>et</strong></span> <span class='ocrx_word' id='word_1_391' title='bbox 661 3964 786 4032; x_wconf 81' lang='lat' dir='ltr'><strong>Sanscgi.</strong></span> 
     </span>
    </p>

    <p class='ocr_par' dir='ltr' id='par_1_8' title="bbox 414 4052 952 4120">
     <span class='ocr_line' id='line_1_40' title="bbox 414 4052 952 4120; baseline -0.006 -15"><span class='ocrx_word' id='word_1_392' title='bbox 414 4053 525 4119; x_wconf 77' lang='lat' dir='ltr'><strong>Ljubr&#39;d:</strong></span> <span class='ocrx_word' id='word_1_393' title='bbox 545 4053 623 4106; x_wconf 82' lang='lat' dir='ltr'><strong>Mon.</strong></span> <span class='ocrx_word' id='word_1_394' title='bbox 643 4052 718 4106; x_wconf 80' lang='lat' dir='ltr'><strong>Slao.</strong></span> <span class='ocrx_word' id='word_1_395' title='bbox 737 4067 801 4104; x_wconf 83' lang='lat' dir='ltr'><strong>mer.</strong></span> <span class='ocrx_word' id='word_1_396' title='bbox 822 4053 888 4120; x_wconf 85' lang='lat' dir='ltr'><strong>l,p.</strong></span> <span class='ocrx_word' id='word_1_397' title='bbox 909 4053 952 4102; x_wconf 72' lang='grc'><strong>46.</strong></span> 
     </span>
    </p>
   </div>
   <div class='ocr_carea' id='block_1_5' title="bbox 361 4148 1607 4844">
    <p class='ocr_par' dir='ltr' id='par_1_9' title="bbox 361 4148 1607 4844">
     <span class='ocr_line' id='line_1_41' title="bbox 396 4148 1605 4225; baseline -0.007 -13"><span class='ocrx_word' id='word_1_398' title='bbox 396 4158 569 4213; x_wconf 81' lang='lat' dir='ltr'>CCXXXV.</span> <span class='ocrx_word' id='word_1_399' title='bbox 588 4159 724 4222; x_wconf 76' lang='lat' dir='ltr'><strong>iaderae,</strong></span> <span class='ocrx_word' id='word_1_400' title='bbox 744 4159 767 4209; x_wconf 90' lang='grc'><strong>8.</strong></span> <span class='ocrx_word' id='word_1_401' title='bbox 787 4157 908 4225; x_wconf 68' lang='lat' dir='ltr'><strong>depasti</strong></span> <span class='ocrx_word' id='word_1_402' title='bbox 931 4157 1009 4208; x_wconf 84' lang='lat'><em>1229.</em></span> <span class='ocrx_word' id='word_1_403' title='bbox 1029 4153 1167 4223; x_wconf 85' lang='lat' dir='ltr'><strong>Tempore</strong></span> <span class='ocrx_word' id='word_1_404' title='bbox 1183 4151 1284 4206; x_wconf 87' lang='lat' dir='ltr'><strong>Jacobi</strong></span> <span class='ocrx_word' id='word_1_405' title='bbox 1302 4150 1440 4221; x_wconf 86' lang='lat' dir='ltr'><strong>Theupuli</strong></span> <span class='ocrx_word' id='word_1_406' title='bbox 1458 4149 1536 4204; x_wconf 90' lang='lat' dir='ltr'><strong>ducis</strong></span> <span class='ocrx_word' id='word_1_407' title='bbox 1550 4148 1605 4204; x_wconf 81' lang='lat' dir='ltr'><strong>Ve-</strong></span> 
     </span>
     <span class='ocr_line' id='line_1_42' title="bbox 361 4237 1606 4320; baseline -0.006 -20"><span class='ocrx_word' id='word_1_408' title='bbox 361 4247 505 4312; x_wconf 85' lang='lat' dir='ltr'><strong>netiarunr,</strong></span> <span class='ocrx_word' id='word_1_409' title='bbox 523 4246 660 4300; x_wconf 87' lang='lat' dir='ltr'><strong>Johannis</strong></span> <span class='ocrx_word' id='word_1_410' title='bbox 679 4244 878 4314; x_wconf 85' lang='lat' dir='ltr'><strong>archiepiscopi</strong></span> <span class='ocrx_word' id='word_1_411' title='bbox 893 4241 1039 4320; x_wconf 82' lang='lat' dir='ltr'><strong>jadrensis.</strong></span> <span class='ocrx_word' id='word_1_412' title='bbox 1054 4240 1155 4294; x_wconf 76' lang='lat' dir='ltr'><strong>Martui</strong></span> <span class='ocrx_word' id='word_1_413' title='bbox 1166 4239 1289 4293; x_wconf 89' lang='lat' dir='ltr'><strong>Dauduli</strong></span> <span class='ocrx_word' id='word_1_414' title='bbox 1302 4239 1417 4304; x_wconf 88' lang='lat' dir='ltr'><strong>comitis,</strong></span> <span class='ocrx_word' id='word_1_415' title='bbox 1436 4238 1508 4308; x_wconf 85' lang='lat' dir='ltr'><strong>Gaja</strong></span> <span class='ocrx_word' id='word_1_416' title='bbox 1521 4237 1606 4292; x_wconf 88' lang='lat' dir='ltr'><strong>abba·</strong></span> 
     </span>
     <span class='ocr_line' id='line_1_43' title="bbox 361 4325 1605 4390; baseline -0.008 -2"><span class='ocrx_word' id='word_1_417' title='bbox 361 4325 431 4388; x_wconf 75' lang='lat' dir='ltr'><strong>tissri</strong></span> <span class='ocrx_word' id='word_1_418' title='bbox 456 4335 616 4389; x_wconf 86' lang='lat' dir='ltr'><strong>monasterii</strong></span> <span class='ocrx_word' id='word_1_419' title='bbox 643 4351 664 4387; x_wconf 90' lang='lat' dir='ltr'><strong>s.</strong></span> <span class='ocrx_word' id='word_1_420' title='bbox 690 4333 817 4388; x_wconf 89' lang='lat' dir='ltr'><strong>Nicholai</strong></span> <span class='ocrx_word' id='word_1_421' title='bbox 841 4348 898 4384; x_wconf 90' lang='lat' dir='ltr'><strong>uua</strong></span> <span class='ocrx_word' id='word_1_422' title='bbox 922 4347 985 4384; x_wconf 90' lang='lat' dir='ltr'><strong>cum</strong></span> <span class='ocrx_word' id='word_1_423' title='bbox 1009 4328 1176 4383; x_wconf 86' lang='lat' dir='ltr'><strong>monialibus</strong></span> <span class='ocrx_word' id='word_1_424' title='bbox 1201 4327 1316 4390; x_wconf 79' lang='lat' dir='ltr'><strong>hiarino,</strong></span> <span class='ocrx_word' id='word_1_425' title='bbox 1342 4325 1471 4390; x_wconf 88' lang='lat' dir='ltr'><strong>Dobrica,</strong></span> <span class='ocrx_word' id='word_1_426' title='bbox 1498 4326 1605 4388; x_wconf 85' lang='lat' dir='ltr'><strong>Donza,</strong></span> 
     </span>
     <span class='ocr_line' id='line_1_44' title="bbox 361 4411 1604 4489; baseline -0.01 -13"><span class='ocrx_word' id='word_1_427' title='bbox 361 4422 457 4489; x_wconf 82' lang='lat' dir='ltr'><strong>Stana,</strong></span> <span class='ocrx_word' id='word_1_428' title='bbox 477 4423 574 4488; x_wconf 76' lang='lat' dir='ltr'><strong>nessa,</strong></span> <span class='ocrx_word' id='word_1_429' title='bbox 593 4421 719 4488; x_wconf 88' lang='lat' dir='ltr'><strong>Velcilla,</strong></span> <span class='ocrx_word' id='word_1_430' title='bbox 737 4421 891 4485; x_wconf 84' lang='lat' dir='ltr'><strong>lionorata,</strong></span> <span class='ocrx_word' id='word_1_431' title='bbox 911 4417 1025 4484; x_wconf 80' lang='lat' dir='ltr'><strong>Proohs,</strong></span> <span class='ocrx_word' id='word_1_432' title='bbox 1045 4417 1136 4481; x_wconf 83' lang='lat' dir='ltr'><strong>Dana,</strong></span> <span class='ocrx_word' id='word_1_433' title='bbox 1156 4415 1257 4470; x_wconf 83' lang='lat' dir='ltr'><strong>Fumia</strong></span> <span class='ocrx_word' id='word_1_434' title='bbox 1275 4421 1302 4467; x_wconf 91' lang='lat' dir='ltr'><strong>et</strong></span> <span class='ocrx_word' id='word_1_435' title='bbox 1314 4414 1462 4466; x_wconf 86' lang='lat' dir='ltr'><strong>Honorata</strong></span> <span class='ocrx_word' id='word_1_436' title='bbox 1476 4411 1604 4476; x_wconf 78' lang='lat' dir='ltr'><strong>affirmat,</strong></span> 
     </span>
     <span class='ocr_line' id='line_1_45' title="bbox 362 4500 1606 4582; baseline -0.01 -18"><span class='ocrx_word' id='word_1_437' title='bbox 362 4529 392 4566; x_wconf 85' lang='lat' dir='ltr'><strong>se</strong></span> <span class='ocrx_word' id='word_1_438' title='bbox 410 4513 551 4582; x_wconf 86' lang='lat' dir='ltr'><strong>accepisse</strong></span> <span class='ocrx_word' id='word_1_439' title='bbox 569 4529 586 4564; x_wconf 90' lang='lat' dir='ltr'><strong>a</strong></span> <span class='ocrx_word' id='word_1_440' title='bbox 603 4511 725 4565; x_wconf 87' lang='lat' dir='ltr'><strong>Jurcone</strong></span> <span class='ocrx_word' id='word_1_441' title='bbox 750 4527 800 4580; x_wconf 91' lang='lat' dir='ltr'><strong>pro</strong></span> <span class='ocrx_word' id='word_1_442' title='bbox 825 4507 951 4562; x_wconf 85' lang='lat' dir='ltr'><strong>libertate</strong></span> <span class='ocrx_word' id='word_1_443' title='bbox 978 4505 1062 4560; x_wconf 88' lang='lat' dir='ltr'><strong>Milae</strong></span> <span class='ocrx_word' id='word_1_444' title='bbox 1080 4505 1145 4558; x_wconf 88' lang='lat' dir='ltr'><strong>disti</strong></span> <span class='ocrx_word' id='word_1_445' title='bbox 1167 4503 1325 4558; x_wconf 89' lang='lat' dir='ltr'><strong>monasterii</strong></span> <span class='ocrx_word' id='word_1_446' title='bbox 1344 4500 1478 4554; x_wconf 82' lang='lat' dir='ltr'><strong>formulae</strong></span> <span class='ocrx_word' id='word_1_447' title='bbox 1497 4503 1606 4568; x_wconf 84' lang='lat' dir='ltr'><strong>emptas</strong></span> 
     </span>
     <span class='ocr_line' id='line_1_46' title="bbox 364 4585 1607 4671; baseline -0.013 -17"><span class='ocrx_word' id='word_1_448' title='bbox 364 4618 413 4671; x_wconf 91' lang='lat' dir='ltr'><strong>pro</strong></span> <span class='ocrx_word' id='word_1_449' title='bbox 433 4601 554 4670; x_wconf 89' lang='lat' dir='ltr'><strong>perperis</strong></span> <span class='ocrx_word' id='word_1_450' title='bbox 574 4617 630 4664; x_wconf 90' lang='lat' dir='ltr'><strong>sex,</strong></span> <span class='ocrx_word' id='word_1_451' title='bbox 656 4599 750 4652; x_wconf 84' lang='lat' dir='ltr'><strong>uxoris</strong></span> <span class='ocrx_word' id='word_1_452' title='bbox 775 4614 840 4650; x_wconf 88' lang='lat' dir='ltr'><strong>vero</strong></span> <span class='ocrx_word' id='word_1_453' title='bbox 865 4595 988 4648; x_wconf 86' lang='lat' dir='ltr'><strong>eiusdem</strong></span> <span class='ocrx_word' id='word_1_454' title='bbox 1012 4593 1142 4647; x_wconf 90' lang='lat' dir='ltr'><strong>Jurconis</strong></span> <span class='ocrx_word' id='word_1_455' title='bbox 1171 4607 1301 4662; x_wconf 87' lang='lat' dir='ltr'><strong>perperos</strong></span> <span class='ocrx_word' id='word_1_456' title='bbox 1328 4587 1482 4651; x_wconf 87' lang='lat' dir='ltr'><strong>duodecim,</strong></span> <span class='ocrx_word' id='word_1_457' title='bbox 1501 4601 1552 4639; x_wconf 91' lang='lat' dir='ltr'><strong>nec</strong></span> <span class='ocrx_word' id='word_1_458' title='bbox 1571 4585 1607 4638; x_wconf 90' lang='lat' dir='ltr'><strong>sit</strong></span> 
     </span>
     <span class='ocr_line' id='line_1_47' title="bbox 362 4672 1605 4755; baseline -0.013 -14"><span class='ocrx_word' id='word_1_459' title='bbox 362 4689 416 4742; x_wconf 88' lang='lat' dir='ltr'><strong>illis</strong></span> <span class='ocrx_word' id='word_1_460' title='bbox 434 4688 539 4740; x_wconf 91' lang='lat' dir='ltr'><strong>licitum</strong></span> <span class='ocrx_word' id='word_1_461' title='bbox 558 4685 675 4740; x_wconf 81' lang='lat' dir='ltr'><strong>eandam</strong></span> <span class='ocrx_word' id='word_1_462' title='bbox 694 4701 744 4755; x_wconf 91' lang='lat' dir='ltr'><strong>pro</strong></span> <span class='ocrx_word' id='word_1_463' title='bbox 763 4684 873 4737; x_wconf 83' lang='lat' dir='ltr'><strong>servitio</strong></span> <span class='ocrx_word' id='word_1_464' title='bbox 899 4689 1028 4752; x_wconf 84' lang='lat' dir='ltr'><strong>repetere.</strong></span> <span class='ocrx_word' id='word_1_465' title='bbox 1057 4680 1252 4734; x_wconf 84' lang='lat' dir='ltr'><strong>Praesentibus</strong></span> <span class='ocrx_word' id='word_1_466' title='bbox 1271 4678 1373 4732; x_wconf 87' lang='lat' dir='ltr'><strong>abbate</strong></span> <span class='ocrx_word' id='word_1_467' title='bbox 1392 4692 1412 4728; x_wconf 90' lang='lat' dir='ltr'><strong>s.</strong></span> <span class='ocrx_word' id='word_1_468' title='bbox 1432 4672 1605 4741; x_wconf 81' lang='lat' dir='ltr'><strong>Chrisogoni,</strong></span> 
     </span>
     <span class='ocr_line' id='line_1_48' title="bbox 364 4761 1607 4844; baseline -0.012 -17"><span class='ocrx_word' id='word_1_469' title='bbox 364 4773 517 4844; x_wconf 87' lang='lat' dir='ltr'><strong>presbitero</strong></span> <span class='ocrx_word' id='word_1_470' title='bbox 536 4773 670 4826; x_wconf 81' lang='lat' dir='ltr'><strong>blichoelo</strong></span> <span class='ocrx_word' id='word_1_471' title='bbox 689 4789 709 4824; x_wconf 89' lang='lat' dir='ltr'><strong>s.</strong></span> <span class='ocrx_word' id='word_1_472' title='bbox 732 4772 814 4834; x_wconf 72' lang='lat' dir='ltr'><strong>liliae,</strong></span> <span class='ocrx_word' id='word_1_473' title='bbox 834 4771 910 4822; x_wconf 89' lang='lat' dir='ltr'><strong>Desa</strong></span> <span class='ocrx_word' id='word_1_474' title='bbox 930 4768 1081 4839; x_wconf 88' lang='lat' dir='ltr'><strong>presbitero</strong></span> <span class='ocrx_word' id='word_1_475' title='bbox 1099 4767 1164 4820; x_wconf 85' lang='lat' dir='ltr'><strong>dicti</strong></span> <span class='ocrx_word' id='word_1_476' title='bbox 1184 4765 1342 4818; x_wconf 80' lang='lat' dir='ltr'><strong>monasterii</strong></span> <span class='ocrx_word' id='word_1_477' title='bbox 1361 4782 1382 4816; x_wconf 90' lang='lat' dir='ltr'><strong>s.</strong></span> <span class='ocrx_word' id='word_1_478' title='bbox 1397 4761 1511 4826; x_wconf 85' lang='lat' dir='ltr'><strong>Nicoloi,</strong></span> <span class='ocrx_word' id='word_1_479' title='bbox 1532 4776 1607 4830; x_wconf 84' lang='lat' dir='ltr'><strong>pres·</strong></span> 
     </span>
    </p>
   </div>
   <div class='ocr_carea' id='block_1_6' title="bbox 1753 3033 1756 3122">
    <p class='ocr_par' dir='ltr' id='par_1_10' title="bbox 1753 3033 1756 3122">
     <span class='ocr_line' id='line_1_49' title="bbox 1753 3033 1756 3122; baseline 0 0"><span class='ocrx_word' id='word_1_480' title='bbox 1753 3033 1756 3122; x_wconf 84' lang='lat' dir='ltr'><strong>l</strong></span> 
     </span>
    </p>
   </div>
   <div class='ocr_carea' id='block_1_7' title="bbox 0 0 1788 5344">
    <p class='ocr_par' dir='ltr' id='par_1_11' title="bbox 0 0 1788 5344">
     <span class='ocr_line' id='line_1_50' title="bbox 0 0 1788 5344; baseline 0 0"><span class='ocrx_word' id='word_1_481' title='bbox 0 0 1788 5344; x_wconf 95' lang='lat' dir='ltr'><strong> </strong></span> 
     </span>
    </p>
   </div>
  </div>
 </body>
</html>
