3488 5380
330 415 392 481 186
832 437 854 480 1.
868 421 1067 494 mmnvrd,

329 603 554 676 archiepiscopus
584 604 746 676 Regusinns
774 604 916 660 subieceet
934 601 1141 677 erchiepisoopo
1162 602 1328 676 spalatensi,
1347 608 1376 660 et
1392 603 1509 660 cisitstis
1526 619 1569 660 re·

326 693 428 764 gneius
445 691 598 748 iurisdictio
626 709 682 748 nen
706 691 879 760 extendatur,
897 692 951 747 nisi
968 707 1057 764 usque
1075 689 1111 748 ed
1129 697 1259 761 monum,
1287 691 1335 764 qui
1354 692 1424 748 situs
1442 695 1486 748 est
1502 697 1568 750 ente

326 780 473 848 civitatem,
492 811 526 822 -
545 781 576 836 si
594 779 688 837 citetis
706 778 876 850 Bosgnensis
903 779 1028 852 episcopi
1051 779 1125 836 iectu
1148 785 1198 850 est,
1224 784 1312 850 roget,
1336 785 1369 836 ut
1385 779 1497 836 mittent
1514 779 1567 836 sibi

324 867 442 926 eendem
460 868 520 924 sine
540 883 619 924 ruore
637 883 702 924 curu
719 868 827 924 noterio
845 866 973 924 Pescheii
991 871 1041 924 eut
1058 867 1228 924 Bonecurso.

378 955 427 1012 En
447 960 625 1027 temepto
645 955 774 1012 Buitcrr's'
791 955 900 1012 cretici
917 955 1063 1026 Repuini.
1083 955 1142 1012 MS.
1159 955 1192 1010 s'ss
1208 969 1269 1011 esee
1287 954 1444 1012 collectione
1458 971 1488 1026 p.
1508 959 1568 1012 401.

378 1078 559 1136 DOXXVII.
577 1081 656 1134 1252.
675 1083 715 1132 13.
734 1079 845 1136 Martii.
863 1079 963 1135 Petrus
976 1076 1112 1134 Metheei
1127 1076 1261 1133 Debrens
1273 1083 1301 1134 et
1313 1077 1413 1134 Petrus
1430 1077 1569 1136 Jobennis

327 1165 455 1238 Bogdsui
472 1169 618 1235 testemur,
637 1165 712 1238 quod
730 1182 793 1222 curn
807 1183 858 1239 pro
866 1165 1007 1222 communi
1017 1166 1149 1236 ragusino
1158 1165 1261 1222 fuerint
1272 1167 1361 1222 nuntii
1373 1165 1449 1238 spud
1461 1165 1488 1223 d.
1501 1165 1569 1223 Vis·

328 1254 447 1311 dislnusn
456 1271 559 1326 regern,
571 1256 600 1310 in
612 1270 709 1311 eorum
721 1255 878 1328 pressentie
890 1253 997 1310 Psulns
1008 1253 1114 1310 Leonis
1126 1253 1234 1310 comitis
1248 1254 1340 1310 Alexii
1352 1257 1521 1325 conquestus
1533 1255 1570 1311 sit

326 1349 423 1400 contre
434 1343 527 1415 ipsum
535 1358 630 1413 regem
638 1341 733 1398 dicens
763 1342 830 1412 ,Tu
842 1342 953 1398 domine
965 1357 1023 1410 rex,
1036 1341 1096 1397 sine
1107 1357 1171 1397 mee
1181 1343 1265 1414 cnips
1275 1342 1362 1398 tulisti
1374 1342 1441 1398 mibi
1450 1340 1488 1399 de
1498 1343 1569 1398 nisis

326 1431 419 1487 censis
436 1431 616 1488 mosterolum
643 1445 727 1486 uuern
756 1447 807 1502 pre
834 1430 958 1502 perperis
984 1428 1218 1501 vigintiduobus,
1236 1429 1272 1485 ed
1296 1429 1426 1486 densrios
1454 1446 1568 1502 grossos

325 1517 422 1576 decem
440 1523 469 1576 et
486 1523 549 1576 octo
567 1533 618 1594 pro
637 1535 771 1590 psrpero;
799 1523 827 1574 st
844 1519 937 1590 pecias
956 1523 1011 1574 tres
1031 1517 1060 1574 S.
1078 1517 1190 1574 Ylereei
1208 1533 1260 1589 pro
1279 1518 1311 1573 17
1330 1517 1462 1590 perperis,
1485 1522 1514 1574 et
1532 1517 1569 1574 ed

330 1605 459 1663 denarios
477 1621 590 1677 grossos
609 1607 643 1663 18
660 1622 712 1678 pro
730 1615 863 1678 perpero;
892 1611 920 1661 et
944 1606 1052 1678 pscium
1080 1605 1232 1662 iiorsutini
1260 1621 1311 1678 pro
1337 1606 1462 1678 perperis
1481 1606 1515 1662 lb
1532 1605 1568 1662 sd

326 1693 456 1751 densrios
474 1693 508 1750 18
526 1709 639 1764 grossos
657 1708 710 1764 pro
729 1708 862 1766 perpero;
884 1698 911 1749 et
929 1692 1085 1765 depiettum
1102 1692 1138 1748 de
1156 1709 1227 1748 sone
1243 1691 1278 1748 de
1298 1693 1422 1764 perperis
1440 1692 1568 1761 duobus;

324 1787 353 1838 et
370 1787 401 1838 tu
413 1781 523 1850 eiies(i)
543 1785 662 1852 quetnor
681 1796 732 1853 pro
752 1781 876 1853 perperis
896 1779 1021 1848 duebns;
1041 1786 1069 1836 et
1086 1797 1137 1853 pro
1153 1780 1247 1837 debito
1266 1797 1398 1853 perperos
1416 1796 1466 1836 sex
1484 1785 1512 1838 et
1529 1781 1570 1838 di·

323 1867 447 1936 midium,
465 1869 493 1924 in
513 1885 622 1925 summe
639 1884 773 1942 perperos
791 1870 825 1924 65
843 1873 872 1924 et
892 1868 1037 1925 dimidium
1056 1870 1174 1939 (64¹l,)“.
1192 1868 1236 1925 sd
1255 1869 1324 1925 hese
1342 1868 1487 1942 respondit
1505 1884 1568 1926 rex:

326 1959 448 2024 ,Verum
466 1962 516 2022 ert,
540 1957 615 2028 quod
640 1963 671 2014 tu
695 1957 784 2012 Penle
802 1957 909 2012 uellem
938 1958 1049 2029 culpem
1067 1957 1180 2026 bebees,
1199 1961 1227 2012 et
1244 1957 1338 2013 omnis
1358 1957 1570 2030 praenominete

324 2045 353 2100 in
371 2047 413 2100 irs
430 2061 493 2102 mee
510 2045 577 2114 tuli,
596 2045 645 2100 sed
663 2049 782 2117 expects
799 2044 891 2100 donec
908 2045 1000 2102 reniet
1017 2045 1116 2102 Petrus
1134 2044 1172 2100 de
1190 2043 1311 2100 Anddno
1329 2049 1358 2101 et
1370 2044 1523 2118 peciticsbo
1542 2049 1570 2102 te

326 2132 361 2189 de
379 2131 509 2189 omnibus
532 2131 706 2204 proedictis“.
734 2133 770 2187 Et
795 2131 901 2188 Paulus
928 2133 1085 2206 expectavit
1111 2132 1233 2202 Petrum,
1258 2136 1286 2190 et
1310 2131 1402 2188 dictus
1427 2148 1477 2188 rex
1501 2133 1570 2189 nihil

325 2219 402 2277 dedit
419 2221 517 2290 Psnlo,
537 2225 565 2276 et
582 2236 634 2293 pro
652 2220 794 2276 nominete
812 2219 922 2276 roberie
947 2237 996 2292 per
1020 2237 1086 2276 sues
1103 2220 1210 2276 litteras
1229 2235 1278 2292 per
1302 2219 1390 2276 dictos
1409 2236 1565 2291 regressos

326 2308 442 2364 nuncios
461 2308 536 2364 misit
557 2323 722 2380 responsum
748 2307 886 2364 indicibus
913 2325 929 2364 e
968 2309 1108 2364 communi
1134 2307 1239 2379 ragusii
1266 2311 1294 2364 et
1317 2306 1399 2364 dixit:
1429 2307 1489 2374 ,De
1505 2308 1563 2378 illo,

331 2394 407 2466 quod
426 2411 477 2468 pro
496 2395 585 2451 Psnlo
603 2395 759 2466 scripsistis,
777 2394 846 2451 iiind
865 2411 963 2467 perum
982 2399 1011 2452 ct
1027 2395 1147 2451 multum
1164 2394 1240 2467 quod
1258 2401 1301 2452 est
1317 2395 1393 2468 epud
1411 2411 1457 2451 nne
1474 2400 1564 2452 totum

327 2483 391 2540 volo
409 2483 435 2538 ei
453 2481 577 2550 reddere,
602 2481 650 2538 sed
675 2481 728 2537 feci
752 2497 802 2554 per
819 2484 915 2540 irem“.
933 2483 1045 2540 Testes:
1064 2482 1207 2538 Grubesse
1232 2481 1381 2540 Gundulse
1399 2487 1427 2539 et
1445 2483 1565 2540 Micbesi

324 2571 466 2626 Peezsnes
476 2571 558 2626 iuneti
576 2569 689 2626 iudices.
709 2569 856 2642 Presbyter
868 2571 999 2635 Pesoelis
1011 2571 1166 2628 eommunis
1175 2571 1287 2640 juretus
1299 2571 1433 2640 noterius,
1447 2571 1565 2644 scripsit.

377 2661 413 2714 iss
432 2657 545 2714 aretino
563 2659 633 2728 reip.
652 2673 818 2728 reymerus.
838 2659 917 2716 Fure.
937 2663 959 2716 1.
977 2660 1014 2715 B.
1031 2675 1075 2715 ser.
1095 2662 1158 2716 206.

377 2779 571 2838 DOXXVIII.
598 2780 739 2850 venetiis,
758 2797 846 2837 messe
864 2783 969 2839 Martie
988 2785 1065 2836 1252.
1089 2782 1206 2839 Pectum
1224 2781 1348 2854 Regnsii.
1367 2782 1439 2838 Onne
1456 2783 1566 2840 nobiles

328 2869 378 2924 riri
406 2867 538 2924 Debrsne
565 2867 601 2924 de
627 2869 803 2940 Lampredio,
832 2868 921 2926 Cerne
947 2869 982 2926 de
1008 2869 1120 2939 Viteus,
1146 2869 1310 2926 Theodorus
1334 2868 1369 2926 de
1393 2869 1512 2928 Bobstis
1538 2877 1567 2928 et

327 2955 476 3013 Goislsvus
494 2956 634 3015 Theodori
652 2955 749 3026 Orosii,
768 2958 857 3014 nuntii
876 2958 1019 3030 ngusiui,
1032 2957 1067 3016 ed
1081 2958 1266 3030 praesentium
1284 2957 1386 3014 Marini
1403 2959 1567 3015 Msnrooeni

328 3045 408 3102 ducis
426 3045 608 3101 Venetierum
626 3045 737 3102 nomine
756 3044 845 3102 dictse
863 3046 981 3102 civitatis
999 3046 1188 3114 accessissent,
1207 3051 1333 3118 petentes
1345 3044 1521 3102 concordiem
1539 3052 1567 3104 et

326 3131 504 3190 ostendentes
522 3133 716 3189 comissionem
733 3133 768 3189 de
786 3135 828 3190 15.
847 3133 1000 3190 decembris
1020 3135 1095 3190 1251.
1114 3135 1142 3189 in
1160 3151 1217 3205 que
1233 3133 1339 3190 indices
1360 3133 1477 3206 Regusii
1495 3133 1567 3190 (iru-

326 3221 410 3277 besse
427 3219 568 3287 Gundule,
589 3220 709 3276 Micheel
735 3221 869 3289 Penenee,
889 3227 917 3278 et
934 3221 1046 3292 Perque
1065 3221 1184 3277 Joennis
1209 3221 1244 3278 de
1261 3220 1355 3278 Grede
1372 3226 1401 3278 st
1418 3221 1567 3278 eonsilierii

326 3308 404 3381 perri
422 3313 451 3364 st
468 3308 561 3377 megni
580 3309 702 3364 consilii:
720 3307 834 3365 Veicins
854 3309 1003 3378 Bisdimiri,
1022 3310 1123 3366 Petrus
1141 3309 1306 3375 Belisievse,
1327 3308 1464 3364 Bubenne
1482 3309 1566 3377 Petri,

325 3396 426 3452 Petrus
444 3394 560 3464 Srettss,
589 3396 734 3467 Msngetis
761 3395 883 3468 Lernpri,
911 3396 1035 3454 Ostende
1062 3397 1220 3468 Tripbenis,
1247 3398 1422 3469 Lempremo,
1441 3395 1567 3452 Oslcnds

326 3483 468 3550 Cernetee,
488 3481 617 3540 Domus
634 3483 782 3552 (inerrerii,
805 3484 927 3540 Michssl
951 3484 1094 3550 Bneeolse,
1120 3483 1241 3540 Metbiss
1266 3483 1397 3551 Reletiee,
1424 3483 1567 3540 Psschelis

327 3570 475 3639 Theodori,
502 3569 602 3625 Petrus
629 3570 761 3638 Methsci,
788 3570 912 3627 Joenuee
930 3571 1104 3640 Peeurerius,
1122 3569 1275 3628 Velcsssus
1292 3569 1309 3626 J
1314 3570 1419 3638 oennis,
1440 3570 1566 3628 Luceres

327 3656 475 3726 Ostendes,
494 3657 621 3714 Andreas
648 3659 760 3727 Zrevee,
778 3659 879 3715 Petrus
896 3659 1013 3716 Joennis
1032 3657 1166 3730 Bogdsni,
1190 3658 1310 3714 Petrens
1327 3657 1363 3714 de
1381 3657 1486 3728 Bonds,
1506 3658 1566 3714 bis·

326 3744 403 3800 rinus
430 3743 568 3812 Binnolec,
597 3745 743 3801 Dimitrius
770 3746 805 3804 de
830 3747 936 3816 Mente,
960 3747 1060 3804 Scrsus
1088 3746 1244 3817 clementis,
1271 3745 1420 3802 Metheeus
1445 3743 1566 3815 Verenti,

327 3831 455 3888 Andreas
473 3834 619 3901 Benessse,
638 3834 773 3890 Proculus
793 3834 920 3903 Michael,
939 3840 968 3891 et
984 3836 1084 3891 caeteri
1109 3835 1257 3890 eonsilierii
1276 3833 1452 3890 committunt
1470 3849 1566 3906 supre-

325 3919 406 3976 dictis
424 3921 528 3976 nuntiis
547 3931 575 3977 et
592 3920 698 3977 isciunt
717 3922 827 3993 plenem
855 3921 1059 3990 comissionem,
1086 3921 1209 3993 dentque
1237 3925 1405 3993 poteetstem
1429 3919 1566 3994 quidquid

326 4007 496 4065 firrusverint
513 4023 577 4064 cum
594 4007 666 4064 duce
683 4009 872 4076 Venen'erum,
890 4009 967 4081 quod
984 4011 1069 4066 veiint
1087 4015 1178 4066 retum
1196 4009 1306 4066 hebere.
1328 4009 1365 4065 Et
1383 4009 1437 4066 hoc
1453 4009 1566 4067 nomine

327 4111 425 4151 eornm
443 4095 535 4150 firmet
552 4097 708 4153 iuramento
727 4096 888 4153 Mercbolus
906 4097 941 4153 de
960 4097 1073 4154 Ursetio
1091 4099 1198 4153 iuretus
1210 4097 1336 4154 siesrins
1355 4095 1473 4170 Scripsit
1490 4111 1567 4170 pres·

325 4183 405 4255 byter
422 4183 566 4240 Peschclie
594 4185 726 4240 noterius.
755 4183 893 4241 Fecerunt
920 4190 1013 4241 sutem
1031 4189 1145 4256 pectem
1162 4183 1327 4241 subditionis
1351 4200 1416 4242 oum
1434 4185 1519 4253 duee3
1538 4190 1567 4241 et

326 4279 530 4340 concesserunt,
550 4273 638 4328 uteie
656 4272 714 4328 dux
732 4273 768 4328 ed
786 4275 957 4330 voluntstem
976 4290 1056 4329 susm
1074 4273 1200 4330 comitem
1219 4271 1353 4330 concedet
1359 4291 1368 4342 ,-
1387 4273 1454 4328 item
1471 4272 1567 4344 Regn-

327 4359 380 4414 sini
398 4375 507 4431 semper
525 4360 764 4432 archiepiscopum
777 4361 881 4431 eligent
892 4360 928 4418 de
943 4361 1069 4418 Venetiis
1087 4380 1104 4418 e
1120 4360 1216 4418 Gredu
1228 4376 1318 4431 usque
1331 4360 1424 4432 Oeput
1441 4361 1566 4432 aggeris3

327 4447 393 4502 item
411 4446 486 4518 qnod
505 4447 729 4520 erchiepiscopns
755 4447 891 4504 Gredensi
914 4450 1045 4506 ecelesiae
1064 4449 1233 4516 subicietur,
1252 4447 1276 4502 si
1294 4465 1369 4520 pepe
1383 4447 1564 4515 concesserit;

327 4534 394 4590 item
412 4533 636 4607 erchiepiscopns
651 4535 758 4606 jurebit
775 4535 935 4592 fidelitatem
953 4537 1032 4604 dnei;
1050 4538 1116 4592 itone
1134 4537 1223 4593 clerus
1244 4541 1286 4591 ter
1304 4536 1332 4590 in
1351 4551 1425 4592 enno
1442 4534 1567 4592 centebit

328 4620 426 4678 leudes
444 4621 524 4690 duci;
542 4623 674 4680 inrebunt
691 4622 852 4680 fidelitetcm
869 4625 963 4680 comiti
982 4625 1069 4681 electe
1088 4642 1105 4681 e
1123 4623 1202 4690 duce,
1220 4625 1268 4696 qui
1285 4623 1401 4680 liberem
1418 4623 1502 4680 hebet
1525 4621 1565 4678 is-

326 4709 459 4768 cultstem
477 4710 606 4768 veniendi
618 4716 646 4767 et
663 4711 788 4768 morendi
801 4711 919 4782 Regusii
932 4717 959 4769 et
970 4713 1104 4784 recipient
1116 4729 1180 4770 eum
1191 4711 1358 4783 henoriiies3
1375 4712 1441 4768 item
1453 4709 1566 4783 quondo
