3480 5356
725 400 870 444 scamna.
1355 377 1418 444 287

200 614 205 622 .
233 563 368 620 OhiLXl.
387 567 465 622 12⁶8.
484 565 553 622 Bela
571 564 615 621 dei
634 565 724 636 gratia
741 565 800 621 dux
821 567 908 622 totins
926 565 1083 632 Elavouiae,
1106 563 1264 621 Dalmatiae
1288 571 1316 622 et
1339 567 1424 624 Oroa-

179 653 234 708 tiae
254 652 387 720 notificat,
406 651 481 722 qnod
500 669 563 708 cum
585 653 753 720 Demetrius,
778 653 900 718 Marcus,
925 651 1020 722 Pribk,
1044 652 1213 708 Oboruoncb
1236 659 1265 708 et
1286 653 1424 726 Prybineg

177 743 206 792 et
224 737 271 792 alii
289 738 401 808 cognati
424 754 520 794 eorum
538 738 574 793 de
592 737 764 811 Soatowyoh,
793 739 891 812 populi
915 739 998 795 castri
1023 739 1178 807 Grisieusis,
1202 740 1333 808 Abraam,
1356 741 1423 796 Bar·

178 825 369 880 tholomaeum
387 829 416 880 st
432 826 612 881 Dominicum
630 826 703 882 lilios
721 826 840 882 condam
858 827 1065 883 Bartholomaei
1082 842 1176 882 coram
1193 825 1265 882 duee
1282 829 1424 884 convenis-

178 917 241 966 sent
264 911 460 983 conquerendo
488 911 563 984 qnod
587 912 671 968 iidem
699 914 808 969 tertiam
835 917 942 985 partem
969 918 1059 968 terrae
1087 912 1244 984 Soatuvych
1271 914 1425 970 detinerent

178 997 301 1054 indebite
320 1003 494 1070 occupatam,
514 999 647 1070 praedicti
662 1005 755 1056 anwm
782 1001 905 1056 ebream
923 1005 951 1055 et
969 1000 1068 1055 iratres
1086 999 1290 1070 responderunt
1308 1001 1423 1056 eandem

176 1091 279 1140 terram
297 1102 332 1140 ex
350 1087 440 1156 gratia
458 1086 520 1157 ejus
540 1088 626 1159 patris
647 1088 721 1158 regis
738 1089 824 1144 Belae
842 1085 894 1143 1v.
914 1087 1047 1144 donatam
1063 1086 1166 1142 habere
1178 1088 1357 1160 producendo
1369 1089 1423 1160 pri·

177 1172 309 1242 vilegium
328 1173 397 1242 ejus,
416 1189 473 1244 quo
487 1174 618 1250 ,inspecto
636 1179 664 1230 et
681 1173 828 1244 diligenter
845 1175 1003 1230 examinato
1022 1173 1081 1230 dux
1098 1191 1163 1230 cum
1181 1175 1333 1231 baronibus
1346 1175 1422 1245 regui

178 1259 231 1326 sui,
250 1257 398 1328 H(enrieo)
417 1260 522 1318 scilicet
539 1261 613 1316 bano
631 1260 788 1331 Slavouiae,
804 1261 940 1332 Dyonisio
963 1263 1064 1318 comite
1081 1261 1247 1330 Zaladiensi,
1267 1251 1358 1318 iudice
1375 1277 1422 1317 cn·

176 1345 234 1400 riae
254 1361 331 1414 suae,
352 1346 485 1416 magistro
511 1347 589 1418 Baag
611 1347 712 1402 comite
730 1346 765 1402 de
784 1347 920 1419 Dohyoha
940 1354 967 1404 et
985 1349 1048 1404 aliia
1065 1349 1219 1406 baronibus
1237 1355 1265 1405 et
1281 1349 1422 1406 nobilibus

177 1433 256 1503 regni
275 1434 317 1488 sni
336 1433 457 1489 decrerit
475 1435 565 1506 ipsam
583 1435 692 1490 tertiam
714 1439 822 1506 partem
846 1439 935 1490 terrae
961 1436 1128 1508 Goatowych
1152 1437 1226 1493 dicto
1251 1435 1373 1492 Abraam
1395 1441 1424 1492 ct

180 1520 312 1576 fratribus
331 1527 467 1593 perpetuo
485 1520 695 1591 relinquendam
709 1537 776 1577 ease.
799 1521 852 1578 Uni
871 1528 964 1578 autem
983 1539 1018 1578 ex
1036 1523 1282 1579 calumniatoribus
1301 1527 1329 1579 et
1345 1521 1421 1578 falsi-

179 1607 340 1663 ficatoribns
359 1609 502 1664 Demetrio
521 1609 633 1676 scilicet,
653 1609 700 1678 qui
719 1610 805 1664 assari
831 1608 951 1665 debebat
974 1627 1026 1680 pro
1044 1611 1100 1666 litis
1118 1611 1300 1676 refricatione,
1318 1608 1354 1664 ad
1374 1625 1419 1681 pe·

178 1695 308 1750 ticionem
327 1695 484 1765 aliquorum
503 1695 638 1752 baronum
658 1713 783 1768 parcens,
796 1701 903 1768 partem
916 1699 1015 1768 capitia
1028 1700 1072 1754 sni
1084 1698 1181 1756 abradi
1193 1698 1259 1754 fecit
1270 1699 1299 1752 in
1312 1699 1422 1768 signnm

177 1781 320 1852 opprobrii
339 1788 367 1837 et
384 1784 546 1838 memoriam
573 1783 699 1840 ulcionis.
724 1784 830 1840 Datum
855 1801 905 1856 per
928 1801 1030 1842 manus
1055 1785 1179 1840 Ladislai
1203 1785 1327 1858 epiceopi
1349 1783 1423 1838 Tini-

178 1867 253 1923 snsis
270 1869 352 1924 aulae
370 1867 449 1926 ducis
468 1871 633 1926 cancellarii.

233 1973 278 2028 Ec
295 1975 408 2031 archivo
427 1975 559 2031 eumenii
577 1976 708 2031 Budensi.
734 1975 855 2031 Weassl:
879 1976 944 2032 Ood.
963 1977 1033 2050 dipl.
1052 1978 1160 2048 Arpod.
1179 1977 1258 2034 Vm.
1276 1980 1339 2035 203.

231 2113 383 2170 OMLXII.
406 2119 485 2172 1268.
513 2115 581 2170 Belo
599 2115 657 2170 dux
675 2117 760 2171 totius
780 2115 937 2186 slavonios,
955 2117 1113 2172 Dalmatiae
1134 2122 1161 2173 et
1179 2117 1316 2185 Oroatiae,
1334 2121 1422 2170 trans·

179 2217 322 2257 summens
341 2201 518 2258 donatiouem
541 2203 625 2258 Belae
642 2203 695 2259 1v.
713 2203 787 2274 regis
804 2201 946 2260 nobilibus
970 2205 1006 2260 de
1030 2203 1185 2260 Soatowioh
1203 2204 1313 2272 iactam,
1338 2202 1421 2258 edicit

178 2289 255 2358 quod
273 2289 425 2360 inspexerit
442 2293 566 2345 tenorem
585 2289 710 2346 eiusdem
728 2290 863 2361 privilegii
882 2307 946 2346 eum
964 2291 1117 2346 baronibus
1128 2291 1207 2361 regni
1225 2291 1278 2360 sui,
1296 2289 1420 2344 Henmco

178 2376 307 2433 videlicet
324 2376 399 2433 hano
420 2375 576 2444 Slavouiae,
600 2377 738 2447 Dyonisio
760 2377 861 2433 comite
879 2376 914 2432 de
931 2377 1027 2442 Zalad,
1046 2376 1141 2450 judice
1159 2379 1251 2433 curiae
1270 2393 1346 2443 auae,
1364 2392 1422 2431 ma·

179 2463 266 2535 gistro
285 2464 363 2534 Baag
381 2465 481 2520 comite
499 2464 534 2520 de
552 2463 690 2536 Dobycha
708 2469 735 2518 et
753 2463 814 2518 aliis
833 2463 986 2519 baronibus
1004 2469 1032 2520 et
1049 2464 1189 2520 nobilibus
1207 2465 1284 2536 regni
1304 2465 1356 2531 sui,
1374 2463 1423 2534 qui

179 2553 205 2606 ei
232 2551 400 2608 assidebant.
423 2553 529 2608 Datum
556 2569 605 2624 per
629 2568 729 2606 manns
753 2551 878 2606 Ladislai
902 2552 1025 2623 eplseopi
1049 2551 1225 2622 Tyniniensis
1248 2552 1330 2606 aulae
1355 2565 1422 2605 suae

178 2639 342 2693 cancellarii.

231 2725 326 2793 Frjer:
347 2725 413 2782 Ood.
431 2725 500 2796 dipl.
522 2727 617 2796 Hesp.
636 2726 687 2780 XI.
704 2741 734 2795 p.
754 2729 816 2782 408.

234 2863 399 2920 OMLXIII.
419 2869 494 2922 1268.
513 2866 582 2921 Bela
600 2865 657 2922 dux
683 2867 768 2922 totius
794 2865 942 2921 Slaroniae
964 2865 1122 2920 Dalmatiae
1149 2869 1177 2920 et
1204 2863 1332 2919 croatiae
1359 2880 1424 2920 cum

183 2958 249 3024 post
267 2969 347 3008 suam
366 2953 613 3023 emancipationem
640 2969 690 3024 per
713 2958 820 3026 patrem
839 2969 921 3008 anum
939 2967 1032 3022 regem
1050 2951 1146 3007 Belam
1164 2951 1287 3021 regimen
1305 2950 1424 3006 ducatus

182 3039 302 3110 adeptus
321 3040 428 3110 fnisset,
446 3040 620 3096 confirmarit
638 3041 673 3095 ad
692 3042 854 3112 petitionem
869 3039 994 3111 magistri
1012 3040 1136 3095 Thomas
1154 3039 1297 3094 familiaris
1315 3043 1344 3094 et
1361 3054 1423 3110 spe-

179 3127 257 3182 ciahs
276 3127 375 3183 notarii
392 3128 466 3198 regis
484 3127 662 3184 collationem
686 3133 775 3183 terrae
799 3129 909 3183 Kumur
927 3128 955 3182 in
974 3126 1094 3196 Zagoria
1111 3125 1213 3181 lactem
1231 3141 1249 3180 a
1267 3129 1346 3197 patre
1371 3140 1423 3182 suo
1493 3183 1497 3188 ,

180 3214 270 3270 eidem
289 3220 316 3270 et
334 3214 458 3270 Thomas
476 3219 504 3270 et
521 3215 652 3271 fratribus
680 3215 740 3270 eins
762 3214 865 3270 loanni
880 3214 976 3286 juveni
1000 3213 1087 3281 ducis,
1107 3212 1307 3284 Ohristophoro
1332 3212 1422 3268 Panlo

180 3307 208 3357 et
226 3301 377 3373 Stephano.
397 3303 502 3358 Datum
521 3317 687 3374 parmenus
705 3301 830 3357 Ladislai
849 3302 974 3372 episcopi
992 3300 1130 3356 Tinisnsis
1151 3300 1232 3356 aulae
1256 3300 1335 3355 ducis
1359 3314 1423 3354 cau·

179 3389 290 3446 cellarii.
309 3390 437 3446 Ducatus
455 3405 529 3450 anno
546 3391 644 3460 primo.

231 3495 280 3551 Es
297 3511 358 3552 meo
376 3495 496 3565 satique
514 3495 678 3552 collectione.

233 3635 397 3692 OMLXIV.
417 3639 493 3690 12⁶8.
512 3636 579 3692 Bela
597 3635 643 3690 dei
661 3636 751 3705 gratia
768 3633 827 3689 dux
844 3635 930 3690 totius
953 3633 1111 3700 slavonice,
1135 3633 1293 3687 Dalmatiae
1311 3637 1339 3686 et
1358 3630 1425 3686 Oro·

181 3723 254 3777 atiae
272 3721 405 3790 notificat,
424 3722 500 3793 qnod
523 3739 586 3777 cum
609 3722 744 3788 Borizlav,
769 3721 891 3789 Vulchlr,
915 3721 1029 3792 Stepan,
1054 3718 1161 3789 Vytlru,
1185 3717 1326 3789 Wulchyk
1350 3717 1424 3772 filius

180 3809 261 3878 Rese,
280 3808 410 3881 Vulchey
428 3810 503 3865 filius
525 3809 625 3876 Draslr‚
651 3809 810 3879 Drsgialav,
835 3807 985 3863 asserendo
1014 3823 1044 3862 se
1072 3821 1132 3862 esse
1161 3810 1316 3861 maeones
1342 3805 1425 3860 castri

181 3895 388 3967 Zagrabiensis,
406 3897 600 3952 convenissent
620 3897 771 3950 Martinam
785 3895 966 3964 jobagionern
988 3894 1070 3948 castri
1089 3892 1222 3963 praedicti
1245 3907 1328 3963 super
1351 3897 1425 3946 terra

181 3983 314 4056 Blagusa,
333 3983 452 4039 diceudo
480 3999 541 4038 eam
559 3998 621 4038 esse
639 3999 719 4038 suam
744 3981 955 4038 haereditariam
974 3985 1002 4035 et
1019 3979 1105 4034 fuisse
1129 3979 1166 4034 ab
1189 3979 1305 4049 antiquo
1327 3995 1344 4032 a
1366 3979 1423 4032 suis

180 4071 406 4142 progenitoribus
424 4086 562 4140 possessa,
581 4075 609 4124 et
627 4069 709 4124 iidem
728 4069 853 4125 Berialav
865 4073 893 4124 et
906 4069 973 4124 socii
986 4067 1193 4138 requisivissent
1214 4067 1304 4136 ipsam
1322 4071 1423 4120 terram

182 4158 279 4215 ordine
297 4157 447 4224 iudiciario,
467 4173 552 4227 quam
574 4157 682 4211 interim
707 4162 804 4212 contra
827 4173 876 4213 eos
899 4155 1076 4210 iustificasset
1102 4169 1196 4209 eoram
1223 4152 1323 4206 Alexio
1350 4151 1423 4206 bano

182 4251 266 4318 prout
284 4247 312 4300 in
330 4246 428 4301 litteris
446 4243 599 4298 Alexandri
620 4245 683 4300 bani
702 4245 866 4313 (rieebanil)
884 4250 912 4298 et
930 4243 995 4296 bani
1014 4241 1149 4311 Stephani
1167 4239 1257 4294 bonae
1274 4237 1424 4292 memoriae

180 4332 392 4390 confirmatoriis
411 4331 575 4386 continetur.
594 4331 714 4386 Demnm
733 4346 797 4385 cum
815 4328 899 4384 iidem
918 4325 1072 4398 supradicti
1090 4341 1184 4380 coram
1201 4322 1330 4378 Rolaudo
1350 4323 1423 4380 bauo

182 4421 356 4494 questionem
375 4435 459 4490 super
484 4418 607 4487 Blagusa
631 4419 818 4483 suscitassent,
837 4417 936 4472 iterato
954 4431 1003 4488 per
1022 4412 1187 4468 sententiam
1205 4411 1294 4482 ipsius
1312 4410 1376 4466 bani
1395 4417 1424 4466 et

181 4509 300 4564 aliorum
326 4505 462 4570 baronum
490 4505 704 4560 calumniatores
731 4505 937 4571 remansissent,
965 4501 1046 4557 sicuti
1072 4499 1180 4554 litterae
1207 4498 1328 4555 Rolaudi
1359 4499 1423 4553 bani

181 4599 315 4651 attestant
331 4591 396 4661 (vid.
416 4593 504 4659 1261).
530 4589 612 4647 Unde
637 4607 701 4646 cum
728 4589 818 4646 dietus
845 4591 983 4646 Martinus
1006 4588 1109 4644 dictam
1136 4592 1237 4642 terram
1263 4585 1425 4656 inatilicerat

182 4682 269 4740 semel
287 4685 314 4737 et
332 4679 455 4738 secundo
479 4677 638 4734 adiudicata
656 4682 699 4733 eat
716 4677 742 4732 ei
759 4693 808 4748 per
832 4676 931 4734 ducem
956 4693 1012 4732 una
1036 4693 1099 4732 cnm
1124 4671 1276 4732 baronibus
1300 4671 1424 4728 Henrico

1306 4778 1320 4810 4
