3480 5356
712 374 870 450 nemer
1340 379 1403 446 331

163 566 272 634 petrem
289 577 381 632 eunm,
399 565 428 618 et
444 579 536 634 regem
556 562 742 620 Bohemorum
762 564 938 636 perdurante,
950 563 985 620 ed
999 565 1237 621 conservationem
1249 566 1408 638 prouinciae

162 653 301 705 retenmrn
319 649 418 705 tuimet
424 667 432 716 ;
451 655 544 706 temen
562 651 629 720 quie
646 666 698 722 pro
716 657 791 708 certo
809 650 933 706 oonetitit
956 650 1062 706 dictum
1086 657 1209 708 metrum
1227 668 1263 708 ex
1281 652 1362 710 honio
1380 658 1410 710 et

163 734 323 808 sumptibus
341 736 474 794 eccleciae
496 736 691 808 Zegrehieneir
709 753 759 809 per
777 737 932 808 praefmnm
951 738 1105 809 praelatum
1123 744 1279 796 extructum
1299 739 1407 808 fuieeet,

162 821 311 880 attendent
329 823 413 880 etiem
430 822 597 878 multimode
615 822 709 879 tidelia
734 824 845 880 eervitie
868 823 994 880 moderni
1017 826 1142 898 episcopi
1165 826 1311 895 Timothei,
1331 844 1409 898 pree·

162 907 269 966 dietum
285 915 407 966 enham
425 926 490 966 eum
507 909 637 966 omnihus
661 911 833 982 pertinentiie
850 912 970 968 restituit
994 913 1128 984 episeopo
1146 919 1175 968 et
1191 914 1315 985 capitolo
1339 930 1408 971 enee

163 997 304 1054 eccleciae.
332 997 438 1054 Datum
457 1014 506 1069 per
527 1014 626 1053 manue
650 998 775 1068 magistri
800 997 943 1056 Benedicti
966 998 1128 1054 Orodienrir
1151 1000 1303 1071 prnepoeiti
1326 1001 1409 1057 aulae

163 1084 388 1142 reeomoelhrti
406 1084 552 1142 Exietente
579 1085 651 1142 inter
674 1089 800 1141 eaeteroe
823 1089 968 1156 magnetes
991 1084 1116 1142 Henrieo
1140 1085 1214 1142 beno
1237 1087 1324 1142 totius
1347 1087 1408 1142 Sle·

163 1171 270 1239 venire,
288 1170 390 1244 Edigio
409 1171 483 1230 benc
500 1171 537 1228 de
555 1171 676 1228 Meehor
694 1176 723 1227 et
741 1169 777 1227 de
795 1171 898 1240 Bonna,
910 1171 1001 1230 Peulo
1018 1171 1093 1228 bane
1111 1173 1147 1230 de
1165 1173 1287 1242 henriro,
1301 1173 1408 1244 Ugrino

162 1258 296 1328 megietro
314 1260 479 1330 Ageronnm
497 1263 525 1314 et
542 1258 642 1314 comite
660 1257 812 1316 eumenen

199 1344 325 1402 Turde:
342 1347 417 1402 Moe.
435 1347 519 1416 epiro.
536 1345 655 1415 Zoornb.
673 1346 699 1401 1.
716 1362 745 1416 p.
763 1350 825 1402 168.

214 1483 358 1541 ΜΟΧΠΙ.
377 1488 453 1541 12⁷3.
471 1483 620 1540 Ladielenr
639 1483 691 1540 1v.
709 1500 759 1540 rex
776 1489 875 1542 notum
900 1485 973 1552 facit,
991 1485 1067 1558 quod
1085 1501 1179 1544 eomer
1198 1485 1263 1542 Ruh
1287 1485 1323 1542 ed
1347 1488 1407 1544 eiue

163 1571 300 1628 accedent
318 1572 503 1644 praesentiam
521 1576 623 1628 terram
640 1572 723 1627 enrtd
747 1570 920 1642 simigiensis
944 1572 1056 1628 Decche
1075 1573 1209 1642 (Devche)
1233 1577 1361 1630 vocetem
1379 1576 1408 1632 in
1490 1593 1493 1602 ’

166 1657 255 1730 Gorg
272 1659 444 1726 existentem,
469 1658 587 1715 dicendo
604 1659 693 1731 ipram
712 1675 780 1714 eoae
792 1663 887 1731 ,terrae
908 1659 1066 1716 irmediate
1090 1660 1218 1716 editoere
1235 1676 1253 1716 a
1270 1676 1336 1732 rege
1355 1662 1407 1718 eihi

162 1746 223 1804 deri
241 1746 402 1819 mutavit
419 1745 482 1802 Idex
499 1746 583 1817 igitur
600 1745 743 1802 menderit
763 1746 887 1818 capitulo
911 1745 1076 1802 Ohaemenei
1094 1752 1126 1802 nt
1143 1747 1179 1804 de
1202 1748 1358 1818 quantitate
1380 1753 1409 1804 et

162 1834 296 1906 qualitate
322 1838 412 1890 terrae
438 1833 493 1905 ipai
519 1833 628 1902 reseret,
655 1833 704 1904 qui
729 1833 910 1904 postmodum
935 1834 1146 1905 rescripserunt,
1172 1835 1248 1906 quod
1276 1827 1408 1906 magister

162 1921 307 1978 Emericne
324 1925 391 1978 tnnc
409 1935 503 1977 eomee
517 1919 690 1991 simigiensis
702 1920 872 1992 praedictam
884 1927 994 1989 terrem,
1012 1921 1151 1991 emptitiae
1169 1922 1294 1978 similiter
1311 1923 1408 1980 Deche

161 2013 276 2066 vocene
293 2008 401 2064 mixtim
419 2007 601 2076 adiacentem,
623 2007 816 2080 preeeentibur
834 2008 964 2064 omnibus
985 2009 1183 2066 commetaneie
1205 2009 1407 2070 reamhulatem

161 2111 226 2154 eum
243 2095 334 2156 tribue
358 2095 445 2151 rineie
463 2095 492 2150 in
510 2100 605 2150 monte
629 2095 788 2166 Gerigienei
805 2100 834 2150 et
851 2112 908 2150 une
924 2095 954 2150 in
971 2094 1205 2166 montecorgov
1228 2094 1264 2151 ad
1289 2094 1407 2152 eandem

162 2182 353 2255 epectaotihnr
370 2183 542 2252 aerigneaeet
564 2181 656 2240 eidem
673 2182 738 2238 Ruh
757 2183 835 2237 nullo
852 2181 1067 2238 contradicente.
1090 2182 1152 2238 Rex
1174 2183 1259 2252 igitur
1282 2177 1407 2240 conride-

161 2286 227 2326 renr
251 2270 362 2325 eerritie
379 2269 513 2338 eiusdem,
531 2268 634 2326 dictem
652 2275 753 2326 terrem
772 2269 797 2326 ei
815 2270 876 2326 iure
893 2275 1029 2341 perpetuo
1053 2268 1176 2325 donerit.
1201 2267 1291 2340 Gujue
1315 2274 1407 2326 metee

162 2357 275 2414 inerunt
292 2357 363 2413 inter
381 2363 507 2413 coeterae
524 2356 655 2412 arborem
672 2362 701 2413 et
718 2362 821 2412 terreae
839 2357 940 2412 florino
952 2355 1111 2423 Zehrudna,
1130 2372 1204 2426 eque
1222 2354 1318 2426 Garig,
1331 2355 1407 2412 rivne

161 2444 275 2502 Deechn
292 2449 320 2500 et
337 2449 410 2500 terra
427 2445 553 2515 emptitio
562 2443 674 2501 Decche
685 2444 794 2502 comitia
812 2443 886 2499 Ruh.
899 2443 1091 2500 Exietentibue
1103 2444 1121 2500 J
1123 2443 1233 2500 chenne
1245 2443 1407 2515 Speintenei

162 2531 380 2603 archiepircopo,
408 2529 556 2586 Timotheo
582 2531 701 2602 Zegroh.
729 2531 870 2602 episeopo,
893 2530 1013 2586 Herrico
1037 2531 1111 2586 hano
1135 2531 1221 2586 totius
1248 2529 1407 2596 Slavoniee,

160 2609 308 2676 Jo'aohimo
326 2619 460 2689 megirtro
478 2619 689 2686 tovernieorum,
711 2619 839 2674 Emerico
851 2618 958 2700 'comite
976 2617 1144 2688 simigiensi,
1168 2616 1279 2674 DedeIo
1305 2617 1407 2674 comite

159 2704 325 2761 Zaladienei.

214 2792 280 2848 Ged.
299 2791 358 2862 dip.
374 2793 488 2863 patriae
510 2791 573 2848 VII.
588 2808 618 2861 p.
636 2793 695 2847 144.
708 2793 754 2847 Ec
765 2793 837 2848 octie
848 2792 977 2848 comitem
990 2791 1105 2861 hhdedy
1121 2793 1271 2862 Golporom
1289 2791 1404 2847 ohiotie.

214 2948 354 3005 mcxlv.
372 2953 449 3006 1273.
468 2949 631 3005 Elieebethe
648 2948 744 3019 regina
762 2949 894 3016 notificat,
912 2947 989 3018 quod
1012 2947 1195 3004 concideratie
1219 2949 1324 3004 meritie
1347 2964 1404 3004 me·

161 3037 240 3109 girini
258 3035 382 3092 Alednrii
400 3035 450 3090 iiiii
468 3036 566 3108 Ohety,
584 3051 658 3106 qoee
675 3052 692 3090 a
710 3036 858 3108 primeerie
882 3035 1002 3108 puritire
1020 3051 1089 3091 eune
1106 3036 1187 3091 nnnie
1205 3035 1290 3092 Belee
1307 3051 1405 3092 eccere

161 3141 214 3182 eno
231 3129 260 3180 et
277 3123 458 3196 portmodum
475 3124 619 3196 Stephano
637 3125 760 3179 conuerti
787 3139 839 3180 euo
861 3122 1004 3194 quendem
1027 3123 1141 3194 regihur
1166 3121 1306 3194 Ungnriae
1329 3121 1405 3178 exhi-

160 3211 229 3280 buit,
247 3211 338 3268 eidem
356 3219 458 3268 terrem
467 3211 605 3282 Aryaieha
620 3211 772 3282 (Orjarioa)
790 3211 818 3265 in
836 3211 969 3266 comitatu
982 3210 1092 3280 Poeega
1104 3211 1194 3279 ritem,
1207 3225 1291 3281 quam
1304 3211 1404 3266 Petrus

161 3298 235 3355 hliue
254 3299 375 3356 Oheleue
393 3299 428 3355 de
447 3299 597 3354 donetione
621 3299 698 3369 regin
721 3299 811 3353 tenuit
828 3313 861 3354 ao
885 3313 935 3369 per
957 3303 1075 3354 mortem
1099 3298 1160 3353 eine
1183 3296 1302 3353 haerede
1326 3298 1405 3354 dece·

160 3385 251 3442 dentis
269 3385 306 3441 ed
324 3403 425 3442 manue
442 3387 533 3457 regina
546 3385 703 3454 devenerat,
719 3401 792 3456 quae
804 3389 877 3440 terra
889 3385 943 3456 lpei
956 3385 1088 3455 magistro
1101 3386 1221 3456 primum
1234 3401 1283 3455 per
1295 3399 1406 3441 ecorum

160 3475 272 3543 reginee
290 3473 410 3528 hieriam
428 3472 569 3544 quendem
587 3472 713 3542 reginem
734 3467 835 3528 collato
853 3471 944 3526 fueret
961 3477 990 3526 et
1005 3485 1144 3528 eoneeneu
1163 3472 1247 3528 Belne
1264 3472 1338 3542 regie
1356 3471 1406 3528 do·

160 3565 226 3616 neta
244 3577 295 3632 pro
313 3577 347 3618 eo
365 3561 431 3631 quie
458 3560 595 3631 primiciae
621 3558 790 3629 gaudiorum
816 3557 969 3614 nativitatis
988 3557 1037 3611 filii
1063 3556 1187 3612 Ledielni
1211 3558 1236 3613 ei
1259 3557 1405 3614 detulerat.

159 3647 229 3719 Ipeo
246 3647 379 3718 magietro
396 3645 489 3702 entem
517 3643 650 3700 Alndaric
669 3661 718 3716 per
736 3645 910 3716 Stephanum
936 3659 1028 3714 regem
1052 3649 1080 3698 et
1106 3649 1263 3702 consortem
1281 3645 1403 3716 reginae,

161 3749 194 3790 eo
213 3733 289 3805 qnod
308 3739 404 3789 contra
421 3735 514 3806 iprum
532 3732 695 3803 magistrum
724 3737 816 3786 metue
843 3731 972 3786 extiterat
989 3735 1017 3786 et
1034 3731 1168 3786 tranelete
1192 3730 1228 3786 ad
1249 3730 1405 3788 dominium

161 3819 333 3877 diversarum
361 3835 543 3892 personarum
567 3818 666 3887 ruerat,
684 3817 768 3874 modo
787 3816 823 3874 de
840 3818 983 3874 uoluntate
1001 3817 1074 3887 regie
1092 3817 1216 3872 Ledinlei
1234 3823 1262 3872 et
1281 3819 1406 3875 omnium

55 3933 58 3940 ·
161 3908 298 3965 baronum
315 3923 455 3964 cenaeneu
473 3907 593 3963 reddidit
619 3911 647 3962 et
670 3906 791 3961 reetitnit
814 3905 877 3976 ipse
900 3904 1015 3974 regine„
1028 3903 1057 3958 in
1082 3903 1180 3960 eedem
1206 3903 1407 3962 consuetudine

160 3999 189 4051 et
206 3995 342 4062 libertate,
362 3994 464 4066 quibue
482 3994 601 4049 aliorum
619 3992 756 4048 nobilium
773 3991 809 4048 de
826 3991 958 4060 Poeagua
977 3990 1012 4046 de
1029 4006 1130 4062 genere
1143 3991 1285 4062 quondam
1297 3991 1406 4064 Borych

161 4083 225 4138 bani
250 4087 339 4137 terrae
357 4087 386 4136 et
403 4081 596 4152 poeeeeeionea
615 4077 802 4152 poseidentur.
826 4077 892 4134 Hoc
916 4077 1069 4148 expreerim
1092 4083 1234 4145 annoteto,
1258 4083 1290 4133 ut
1312 4079 1406 4135 omnia

161 4167 329 4225 documenta
346 4183 418 4240 quoe
443 4184 527 4240 ruper
554 4166 704 4223 donatione
728 4167 817 4237 ipsine
844 4170 931 4220 terrae
958 4163 1077 4219 Nicolao
1104 4165 1161 4220 filio
1187 4165 1328 4221 Laurentii
1356 4169 1405 4221 eut

161 4255 223 4312 allis
242 4255 465 4328 quihueeumqne
491 4259 675 4322 emanassent,
699 4269 779 4309 caesa
797 4258 826 4308 et
842 4252 919 4307 irrita
932 4249 1096 4308 habeantur.
1113 4253 1217 4307 Detum
1237 4269 1286 4324 per
1303 4269 1404 4308 manue

160 4343 281 4418 Philippi
300 4344 425 4416 epiceopi
442 4343 603 4398 Bechieneie
620 4341 702 4397 enine
720 4339 885 4407 cancellarii,
903 4337 997 4394 comiti
1014 4337 1239 4408 Neogradieneie.

212 4449 527 4520 exoccupatorum
545 4446 825 4516 KimeeHedrreary
843 4459 877 4500 ee
894 4442 973 4512 repat
990 4441 1103 4498 archivo
1121 4443 1233 4501 ahtotie.
1258 4441 1296 4502 N.
1315 4443 1351 4499 It.
1370 4445 1404 4499 Δ.

160 4539 340 4595 Foec.1502.
358 4537 411 4594 Nr.
429 4539 470 4590 21.
