3376 5350
675 437 821 480 manare.
1308 430 1371 495 399
1475 425 1481 442 ”

125 620 214 674 tribua
233 621 290 672 suis
308 621 343 673 ab
363 635 417 672 una
436 625 523 689 parte,
542 619 577 673 ab
596 619 681 673 altera
700 623 793 673 autem
813 617 964 673 Marcellus
982 635 1075 674 comes
1095 619 1241 676 Crisicnsis
1260 621 1371 679 nominc

128 705 231 761 domini
250 707 292 758 sui
310 705 448 760 Johannis
466 705 530 760 bani
549 707 634 762 totius
653 705 798 762 Slasoniae
821 707 869 760 tilii
892 706 1001 760 Herriei
1027 706 1090 761 bani
1110 707 1291 778 personaliter
1310 723 1372 762 con-

127 793 309 862 stituti,idem
322 809 414 848 comes
433 793 582 864 Marcellus
596 795 628 856 jn
647 795 758 848 nomine
774 793 837 848 bani
857 810 906 864 pro
925 793 990 849 filiis
1011 796 1120 850 comitis
1138 795 1231 850 Pensa
1250 795 1327 850 dedit
1345 803 1372 850 et

128 883 209 936 soltit
227 883 321 952 Tybae
340 882 397 936 filio
416 882 500 936 Belua
519 881 699 952 personaliter
721 883 820 936 natanti
846 882 942 952 viginti
967 898 1015 936 sex
1040 899 1154 948 mareas,
1179 899 1242 938 curn
1269 884 1369 954 quibus

128 971 211 1024 iidem
230 969 278 1024 tilii
298 971 405 1024 maritis
424 969 517 1024 Pousa
535 969 625 1024 eidem
641 971 735 1040 Tybae
749 970 886 1027 debitores
900 975 991 1034 erant3
1011 971 1085 1040 ipsas
1099 977 1190 1026 autern
1210 973 1243 1024 ‘26
1265 973 1371 1024 marcas

128 1057 278 1112 Marcellus
296 1073 388 1112 comes
407 1057 483 1111 dedit
502 1057 612 1112 nomine
631 1058 694 1112 beni
713 1057 748 1112 ad
768 1057 901 1112 rationem
913 1058 1096 1128 possessionis
1109 1058 1235 1129 ipsorum
1250 1059 1369 1112 filiorum

129 1145 236 1199 comitis
249 1145 341 1199 Pousa
354 1143 480 1215 Raasyna
492 1149 613 1214 vocatae,
628 1161 711 1214 quam
730 1144 814 1199 iidem
826 1145 874 1212 filii
888 1143 998 1200 Pousae
1013 1145 1126 1201 domino
1138 1147 1211 1202 bano
1224 1163 1275 1218 pro
1295 1153 1374 1202 octo-

128 1232 206 1302 ginta
224 1233 346 1302 antiquis
365 1233 463 1285 marcis
482 1231 648 1302 obligarunt.

186 1319 262 1388 carp.
280 1320 311 1372 tn
327 1335 402 1388 perp.
418 1334 510 1387 perna
529 1318 645 1403 curtalo,
664 1319 694 1372 ta
715 1335 773 1372 mea
793 1319 957 1374 collectione.
981 1353 986 1380 ,-

184 1459 407 1514 MOOOLXXX.
428 1461 504 1512 1284.
517 1461 559 1516 30.
573 1460 742 1514 Novembris.
756 1459 853 1514 Frater
870 1459 1037 1516 Guillelmus
1050 1461 1085 1516 de
1098 1461 1216 1531 Peymes
1229 1462 1374 1516 domorum

130 1547 246 1602 militiae
265 1546 360 1616 templi
378 1564 429 1618 per
447 1548 621 1618 Hungariam
641 1553 670 1602 et
687 1547 845 1602 Slavoniam
872 1548 1002 1617 magister
1027 1548 1174 1618 significat,
1193 1549 1268 1618 quod
1286 1554 1374 1604 atten-

130 1635 199 1689 dens
216 1639 295 1704 grate
313 1641 340 1689 et
358 1633 519 1688 fidelissima
538 1636 649 1689 servitia
667 1652 715 1705 per
743 1635 862 1690 nobilem
888 1636 976 1690 virum
996 1635 1100 1690 Lucam
1120 1635 1155 1690 de
1173 1635 1263 1690 Dosse
1288 1638 1374 1692 civem

129 1722 232 1777 Jadrae
250 1721 275 1776 ei
294 1729 321 1776 et
340 1721 470 1776 fratribus
489 1721 677 1792 quampluries
701 1721 830 1789 exhibita,
856 1738 927 1791 quae
954 1721 1105 1792 inpendere
1130 1739 1185 1776 non
1212 1723 1312 1778 desinit
1339 1725 1374 1780 de

131 1809 176 1864 die
195 1809 223 1862 in
243 1808 330 1874 diam;
345 1809 519 1864 considerata
537 1810 620 1864 etiam
639 1809 766 1876 utilitate,
780 1807 990 1880 protectumque
1009 1809 1109 1864 donrua
1128 1827 1202 1874 strae,
1217 1811 1334 1866 consilio
1349 1819 1377 1867 et

130 1913 248 1952 assensu
267 1894 383 1950 fratrum
396 1912 517 1964 suorum,
531 1896 623 1952 fratris
637 1896 711 1950 Petri
727 1895 762 1951 de
775 1897 901 1966 Beizeyo,
914 1897 1160 1967 vicepraaceptoris
1179 1898 1214 1952 de
1233 1900 1376 1965 Auranna,

132 1985 224 2038 fratris
243 1983 363 2052 Oliverii,
383 1983 415 2038 fr.
434 1983 565 2050 Thomas,
591 1983 623 2038 fr.
641 1983 758 2038 Johanis
781 1983 815 2036 de
840 1983 914 2053 Foys
940 1985 967 2037 in
992 1983 1108 2038 anlata
1132 1983 1324 2056 praeceptoris,
1343 1986 1375 2039 fr.
1479 2011 1482 2015 ·

131 2071 270 2128 Johanni's
289 2071 323 2126 de
348 2071 429 2126 Athis
453 2059 637 2142 praeceptoris
664 2071 763 2141 palacii
788 2071 823 2126 de
847 2073 979 2126 Auranns
1003 2073 1032 2126 in
1055 2072 1213 2138 maritimis,
1241 2071 1319 2128 dedit
1349 2079 1377 2128 et

132 2161 284 2232 assignavit
302 2159 391 2214 eidem
410 2159 504 2214 Lucae
531 2157 670 2230 quandam
696 2159 860 2229 particulam
887 2165 974 2213 terrae
999 2159 1139 2226 incultam,
1169 2160 1321 2214 desolatam
1349 2167 1378 2215 et

132 2263 247 2301 vacuam
267 2246 347 2301 sitam
364 2247 393 2300 in
413 2247 549 2301 territorio
568 2263 663 2300 eorum
683 2245 718 2300 de
737 2245 852 2300 Zablata
876 2245 1084 2318 Potdtslrnligna
1103 2251 1237 2314 vocatam,
1257 2247 1375 2302 subtuli

132 2334 227 2402 torma,
247 2325 323 2404 quod
341 2351 428 2404 usque
447 2333 482 2390 ad
502 2333 734 2404 complementum
759 2332 877 2388 duorum
904 2350 1050 2400 annornm,
1076 2350 1126 2404 pro
1151 2351 1184 2390 eo
1210 2333 1285 2406 quod
1304 2341 1387 2388 terra

133 2421 240 2476 inutilis
263 2429 290 2476 et
313 2421 465 2476 inhabitata
488 2423 675 2492 permanebat,
700 2421 807 2476 nullum
833 2439 945 2476 censum
971 2422 1066 2476 domui
1091 2421 1204 2490 solvere,
1231 2421 1376 2492 completis
1417 2471 1424 2486 ,

134 2526 197 2564 sero
216 2511 241 2562 2.
261 2510 340 2563 annis
359 2509 454 2579 viginti
473 2509 558 2564 libras
576 2514 704 2580 monetae
723 2509 900 2579 parvulorum
924 2511 1133 2564 venetianorum
1152 2510 1248 2564 domui
1267 2509 1302 2564 de
1320 2511 1377 2564 rtu-

133 2615 219 2652 ranna
238 2599 380 2652 annuatim
400 2597 505 2652 solvere
518 2598 664 2650 tenebitur.
683 2596 748 2650 Hoc
769 2595 890 2650 adiecto:
910 2596 985 2668 quod
1004 2596 1089 2650 futuri
1104 2599 1269 2667 jobngiones
1288 2603 1376 2652 terrae

134 2685 168 2738 de
187 2685 276 2738 tribus
295 2684 402 2754 magnis
421 2683 539 2750 iudiciis,
564 2683 693 2738 videlicet
716 2683 750 2737 de
774 2681 932 2750 homicidio,
957 2683 1085 2738 incendio
1104 2693 1132 2738 et
1151 2685 1185 2738 de
1203 2685 1377 2738 mutilatione

135 2772 319 2826 membrorum
332 2788 381 2826 seu
394 2771 524 2826 arborum
537 2788 629 2824 coram
644 2771 761 2824 dominis
772 2770 870 2824 domus
883 2769 991 2840 Templi
1002 2769 1121 2825 debeant
1134 2771 1257 2838 iudicari,
1268 2771 1376 2825 tertiam

134 2877 198 2914 vero
216 2865 322 2930 partem
338 2859 437 2928 judicii
456 2857 530 2912 idem
548 2859 639 2912 Lucas
658 2857 801 2928 optinebit,
817 2856 916 2934 domus
936 2874 999 2911 vero
1019 2857 1089 2912 duas
1102 2867 1201 2928 partes.

169 2947 313 3015 Knbiayi:
335 2946 399 3000 Cori.
420 2945 488 3014 dipl.
507 2943 615 3013 Arped.
635 2945 658 2998 Ι.
678 2948 737 2998 133.

183 3077 432 3140 ‘MCCOLXXXL
451 3086 587 3142 dederas.
610 3085 932 3140 1984.11.Decearbris.
957 3085 1141 3156 Temporibus
1163 3085 1281 3141 doannis
1304 3087 1378 3140 Dan·

138 3174 204 3228 dulc
224 3173 302 3227 ducis
321 3173 511 3240 Venetiarum,
531 3173 671 3227 Laurentii
691 3189 750 3227 ven.
773 3173 917 3228 Jadrensis
942 3173 1149 3244 archicpiscopi,
1167 3174 1284 3228 Jonnois
1303 3173 1379 3227 Gon»

134 3268 229 3315 tareno
248 3261 364 3325 comitis,
383 3260 494 3330 Pasqua
513 3259 548 3314 de
565 3261 713 3314 Varieassa
731 3261 798 3314 civis
816 3259 959 3316 Jadrensis
972 3261 1074 3314 arbiter
1092 3266 1120 3314 et
1137 3260 1290 3314 amicabilis
1303 3277 1378 3314 com·

136 3350 243 3419 positor
260 3349 332 3402 inter
353 3347 477 3402 Marcam
497 3348 626 3402 Michaali
652 3347 781 3402 comitem
800 3349 867 3402 Arbi
887 3355 915 3402 et·
933 3349 1088 3402 Commune
1107 3349 1229 3402 eiusdem
1251 3349 1377 3414 ciuitatis,

137 3453 172 3491 ex
192 3452 247 3490 una
266 3441 343 3504 parte
363 3441 390 3488 et
410 3435 558 3488 Voloetum
578 3439 743 3504 potestatem
763 3433 861 3488 Nonae
879 3435 1018 3489 ex‘altera
1031 3442 1108 3505 parte
1121 3435 1264 3506 publicum
1277 3436 1378 3489 iustru-

135 3529 260 3580 mentum
281 3523 472 3592 compromissi
492 3521 556 3576 tacti
575 3539 659 3575 manu
679 3521 820 3576 Homodei
845 3522 893 3575 filii
921 3523 1038 3576 Joannis
1061 3523 1173 3576 Danarii
1194 3525 1293 3576 notant
1312 3523 1377 3592 imp.

135 3619 207 3666 auct.
228 3619 255 3664 et
273 3625 347 3664 nune
365 3611 498 3665 Arbeusis
519 3611 604 3680 jurati
627 3616 684 3664 not.
712 3609 757 3663 die
781 3609 880 3663 ultimo
905 3609 1068 3664 Novembris
1088 3610 1164 3664 tuat.
1186 3609 1323 3664 intelectis
1350 3616 1377 3664 ct

135 3700 299 3754 examinatis
318 3700 344 3753 in
367 3707 483 3768 utraque
508 3699 618 3752 civitate
642 3698 811 3751 solemnibus
835 3695 938 3751 nuntiis
963 3697 1106 3766 utriusque
1132 3703 1228 3767 terrae,
1252 3699 1380 3752 omnibus

135 3787 230 3852 litibus
249 3793 278 3842 ct
302 3786 494 3842 controversiis
518 3801 589 3856 qnae
613 3785 789 3840 vertebantur
816 3786 887 3838 inter
911 3786 1017 3838 Arbum
1041 3791 1069 3838 st
1093 3784 1204 3838 Nonam
1229 3793 1256 3839 et
1279 3784 1380 3840 habitis

136 3875 380 3930 deliberationibus
393 3874 512 3944 plurium
525 3875 683 3944 sapientum
696 3879 752 3926 tam
768 3872 949 3926 saecularitas
964 3889 1046 3942 quem
1066 3871 1268 3942 religiosorum,
1287 3873 1378 3926 citatis

136 3965 218 4016 etiam
248 3963 372 4032 partibus
396 3961 520 4026 Jadram,
545 3962 733 4032 pronuntiavit
752 3962 917 4014 seutentiam
941 3960 1106 4026 arbitralem,
1132 3959 1207 4028 quod
1234 3961 1378 4026 sententio,

136 4067 217 4121 qnam
238 4050 351 4103 Marcus
370 4049 488 4103 Michael
508 4065 598 4102 comes
618 4049 740 4102 arbensis
754 4049 870 4118 protulit
886 4049 913 4101 in
928 4048 1089 4102 Dobrissnm
1111 4047 1197 4102 civem
1211 4047 1379 4113 Nonensem,

136 4137 304 4208 quemfecit
330 4135 460 4206 suspendi
485 4144 596 4206 propter
619 4153 669 4189 sue
695 4152 778 4205 opera
801 4135 882 4200 mala,
905 4135 959 4190 fuit
984 4135 1067 4203 digna
1090 4139 1118 4188 et
1141 4135 1221 4202 iusta,
1247 4135 1378 4203 quoniam

137 4226 228 4280 dictus
248 4226 382 4280 Dobrissn
399 4225 486 4278 iverat
505 4224 627 4277 furatum
646 4224 681 4276 ad
701 4222 805 4276 insulas
825 4223 932 4277 comitis
952 4222 1084 4276 Arbensia
1104 4229 1131 4275 et
1151 4229 1249 4291 captus
1275 4221 1328 4274 fnit
1351 4221 1379 4274 iu

136 4313 209 4367 furto
228 4313 383 4366 manifesto.
402 4307 540 4380 Imposuit
558 4311 642 4379 igitur
660 4311 800 4364 communi
820 4309 944 4363 Ncnensi
958 4315 1122 4380 perpetuum
1142 4309 1290 4362 silentium.
1311 4308 1380 4362 Item

137 4401 202 4469 quia
220 4417 277 4453 una
290 4399 391 4453 bnrcha
409 4398 543 4452 Arbensis
557 4403 638 4467 capta
655 4397 708 4450 fuit
721 4402 844 4466 tempore
858 4403 971 4466 treugae
985 4413 1034 4466 per
1046 4396 1191 4450 Nonenses
1205 4403 1232 4450 et
1245 4395 1382 4449 conducta

137 4487 257 4552 Nonam,
270 4485 417 4539 sententiat
436 4485 537 4538 arbiter
555 4483 630 4553 quod
650 4499 795 4538 commune
815 4484 913 4538 Nonae
931 4484 1037 4538 solvere
1052 4483 1151 4538 debeat
1163 4485 1197 4537 ab
1210 4483 1293 4537 libras
1312 4481 1337 4536 d.
1356 4499 1381 4536 v.

137 4574 240 4627 civitati
266 4573 391 4626 Arbensi.
415 4571 485 4626 Item
515 4571 550 4625 de
572 4575 660 4624 morte
679 4571 814 4625 Oernotae
833 4571 933 4625 nobilis
953 4571 1019 4624 civis
1038 4572 1170 4637 arbensis,
1189 4571 1236 4640 qai
1255 4577 1379 4640 ternpore

136 4677 249 4732 guerrae
268 4659 429 4714 interfectus
448 4659 500 4712 fuit
519 4661 547 4712 in
566 4659 669 4729 praelio
695 4675 744 4727 per
763 4657 888 4713 homiues
916 4659 1021 4726 Nonae,
1048 4658 1204 4723 sententiat,
1229 4655 1304 4728 quod
1331 4659 1382 4710 Ar-

136 4749 236 4804 benaes
247 4747 368 4801 habeant
380 4747 518 4802 silentium
533 4753 697 4817 perpetuum
712 4745 841 4817 quiahoc
854 4745 958 4800 factum
972 4745 1025 4800 fuit
1036 4746 1066 4800 in
1079 4745 1190 4816 proelio.
1204 4743 1259 4798 Pro
1273 4743 1380 4799 damnis
