3376 5350
343 321 407 388 373
839 329 859 372 1.
877 316 1086 377 nouomavrc.

345 519 407 566 catu
427 517 455 566 et
474 512 592 566 dioecesi
612 511 744 565 Bosnensi
763 527 796 564 ac
814 509 979 580 quibusdam
999 507 1188 564 adiacentibus
1207 510 1295 576 terris,
1314 509 1444 563 sub'eius
1474 507 1615 562 dominio

345 601 510 665 constitutis,
530 601 627 670 poenis
646 600 785 652 canonicis
805 599 941 652 substerni
961 603 989 650 et
1007 597 1161 651 executioni
1183 596 1240 650 dari
1256 597 1345 666 jubet.

398 687 496 756 Fejer:
518 686 583 740 (bd.
602 687 670 754 dipl.
694 687 722 740 T.
746 687 776 739 V.
795 686 845 738 rol.
864 687 924 738 ΙΙΙ.
941 703 968 752 p.
989 689 1031 738 ,3:3.

399 827 556 881 uocetv.
577 829 652 882 1820.
672 826 832 880 Elisabetha
851 827 938 880 maior
959 827 1053 892 regina
1071 823 1236 890 manifestat,
1256 824 1330 894 quod
1356 823 1505 880 attendens
1532 825 1615 878 mul·

347 915 455 986 tipliees
475 914 622 968 fidelitates
641 914 741 967 nobilis
763 914 811 967 viri
836 913 934 968 ‚iacobi
961 913 1009 966 tilii
1035 911 1140 966 Ponich
1164 911 1198 964 de
1223 928 1322 980 genere
1346 911 1450 977 Buzad,
1473 913 1612 980 magistri

347 1001 533 1072 dapiserorum
552 1017 673 1068 suomm,
693 1017 764 1070 qrrae
783 1001 839 1068 regi
859 999 1001 1070 Stephano
1021 1001 1140 1054 consorti
1160 1016 1211 1052 suo
1231 1003 1258 1051 et
1276 1000 1333 1066 regi
1353 997 1483 1052 Ladislao
1497 999 1563 1052 filio
1580 1002 1610 1052 iu

348 1088 463 1142 diversis
491 1089 566 1158 regni
595 1087 818 1156 expeditionibus
843 1093 870 1140 et
896 1087 1105 1140 necessitatibus
1129 1087 1215 1156 ipsius
1241 1085 1362 1139 ladislai
1386 1085 1434 1140 tilii
1453 1085 1551 1140 adhue
1579 1089 1610 1140 iu

351 1183 446 1230 tenera
464 1181 554 1230 aetate
573 1175 716 1228 existentis
735 1175 898 1239 exhibuerit,
918 1181 980 1244 post
999 1179 1114 1227 mortem
1129 1175 1211 1228 etiam
1232 1173 1364 1243 Stephani
1384 1174 1455 1242 regis
1474 1175 1610 1242 reginam

351 1262 510 1316 nullatcnus
529 1262 710 1332 relinquendo
732 1270 759 1315 et
784 1279 833 1332 pro
858 1263 918 1332 ipso
936 1262 993 1315 lilio
1012 1278 1063 1315 suo
1083 1261 1212 1315 Ladislao
1231 1279 1260 1314 se
1280 1267 1307 1314 et
1320 1278 1375 1314 sua
1393 1261 1474 1314 variis
1495 1263 1612 1330 perieu-

348 1351 437 1404 lorum
457 1351 604 1422 generibus
623 1349 797 1420 exponendo,
821 1350 976 1420 specialiter
994 1366 1057 1402 curn
1077 1349 1210 1402 effusione
1230 1351 1372 1418 sanguinis
1391 1366 1476 1423 qurun
1504 1350 1534 1402 in
1563 1368 1612 1403 ex·

347 1439 518 1506 pugnatione
547 1445 697 1493 castrorum
722 1437 756 1490 de
782 1436 888 1490 Nou'alr
913 1443 940 1490 et
965 1437 1043 1490 Paka
1066 1439 1104 1502 tin
1129 1437 1197 1490 Cris.
1223 1437 1365 1506 comitatu)
1391 1451 1481 1490 eoram
1510 1437 1608 1490 oeulis

346 1541 412 1578 suae
432 1524 586 1578 Maiestatis
599 1523 774 1582 laudabiliter
788 1523 957 1578 dimicaverit
977 1524 1087 1578 laetalia
1105 1531 1132 1579 et
1151 1523 1277 1578 mortalia
1290 1523 1403 1577 vulnera
1422 1523 1610 1578 subierendo.

346 1611 380 1666 In
399 1612 682 1680 recompensationem
701 1612 822 1681 ipsorum
843 1613 1016 1682 servitiorum
1035 1613 1152 1666 eontulit
1170 1613 1194 1665 ei
1214 1612 1415 1682 possessionem
1436 1611 1554 1680 Cheeliy
1577 1613 1606 1665 in

347 1699 481 1752 comitatu
501 1697 681 1766 segusdiensi.
701 1698 806 1752 Datum
825 1715 874 1768 per
892 1715 990 1752 manus
1015 1700 1137 1768 magistri
1157 1699 1277 1766 Vrbazii,
1298 1699 1446 1768 praepositi
1466 1699 1607 1752 ecclesiae

347 1803 368 1840 s.
387 1786 462 1840 Petri
482 1785 516 1840 de
535 1785 651 1856 Posega,
670 1786 750 1840 aulae
769 1787 879 1856 reginae
899 1787 1060 1840 cancellarii.

403 1873 527 1927 Wearel:
548 1872 613 1928 Cod.
632 1873 702 1942 dipl.
723 1875 790 1941 Arp.
812 1873 884 1927 XII.
902 1877 961 1926 301.

385 2031 528 2086 MCCCV.
553 2033 724 2102 Zaprabiae.
753 2035 826 2084 teat
853 2031 926 2086 lwau
951 2049 1043 2086 eomes
1067 2033 1140 2086 filius
1165 2033 1254 2086 Irizlai
1280 2033 1425 2102 significat,
1448 2031 1526 2101 quod
1554 2050 1607 2102 pro

347 2119 469 2174 remedio
488 2121 595 2174 animae
614 2137 680 2173 suae
699 2121 846 2174 contulerit
863 2120 899 2174 ad
917 2121 1048 2174 honorem
1071 2121 1123 2174 Dei
1143 2127 1170 2174 et
1189 2120 1302 2190 virginis
1329 2119 1465 2188 gloriosae
1492 2131 1606 2188 partem
1674 2161 1675 2180 ,

347 2215 434 2262 terrae
452 2224 518 2262 suae
536 2207 733 2261 haereditariae
759 2207 907 2260 Brezoielra
926 2211 1047 2274 vocatae,
1074 2224 1136 2261 (rum
1160 2207 1281 2277 quadam
1306 2209 1385 2262 vinea
1408 2208 1435 2262 in
1461 2205 1605 2262 Chueheri

348 2299 409 2363 sita,
433 2297 525 2350 abbati
554 2301 581 2349 et
604 2297 750 2349 couventui
775 2313 795 2350 s.
820 2295 918 2350 Jacobi
943 2295 978 2348 de
1001 2295 1092 2350 insula
1116 2313 1202 2366 prope
1221 2295 1383 2364 Zagrabiam
1403 2295 1601 2350 Cistereiensis

349 2383 461 2450 ordinis,
480 2386 518 2438 ita
537 2393 567 2438 ut
586 2384 668 2437 etiarn
688 2384 798 2438 abbatia
818 2383 869 2436 sub
882 2384 992 2436 nomine
1006 2385 1092 2453 ipsius
1111 2385 1219 2436 comitis
1238 2385 1266 2436 in
1285 2385 1345 2452 ipsa
1364 2389 1435 2436 terra
1452 2382 1606 2437 Brezoiebs

349 2471 491 2525 ordinetur
508 2479 535 2526 et
554 2471 721 2524 aedificetur.
742 2471 819 2524 llleta
837 2477 924 2526 terrac
944 2470 1040 2540 incipit
1060 2488 1076 2524 a
1095 2471 1137 2524 tia
1156 2479 1228 2524 retro
1242 2469 1377 2540 capellam
1390 2471 1468 2524 iuxta
1480 2469 1605 2524 rivulum

349 2557 501 2624 ltloehirad,
526 2558 590 2612 inde
616 2573 710 2612 versus
734 2557 884 2624 meridiem,
910 2557 974 2612 inde
1002 2557 1036 2610 ad
1062 2557 1147 2610 alium
1171 2557 1289 2610 rivulum
1309 2557 1437 2610 Damerie
1460 2567 1605 2624 vocaturn,

349 2647 413 2700 inde
432 2645 575 2700 descendit
592 2645 627 2699 ad
647 2645 751 2698 fontem
771 2644 876 2698 Bukovi
896 2653 923 2698 et
941 2661 1035 2698 versus
1060 2645 1285 2714 septemtrionem
1304 2661 1353 2714 per
1371 2643 1468 2698 silvam
1489 2643 1604 2712 Starelr,

349 2732 413 2788 inde
439 2750 487 2802 per
506 2733 577 2786 iiam
596 2733 738 2801 antiquam
758 2731 832 2786 venit
856 2732 890 2786 ad
916 2749 1053 2801 campum,
1078 2741 1104 2785 et
1129 2733 1207 2785 iuxta
1230 2748 1327 2785 nemus
1350 2729 1386 2785 ad
1409 2731 1501 2786 locum
1528 2733 1606 2786 Tho-

351 2821 473 2891 polgran,
492 2820 557 2874 inde
576 2820 665 2874 tendit
683 2819 718 2873 ad
737 2819 829 2874 locum
849 2819 1001 2889 Rakitgrau
1021 2826 1047 2872 et
1066 2820 1190 2872 arborem
1210 2819 1317 2886 Brezth,
1337 2820 1411 2874 veuit
1436 2819 1536 2874 iterum
1568 2823 1604 2876 ad

354 2907 470 2964 rivulum
490 2908 619 2962 Damerie
637 2913 665 2961 et
683 2923 879 2978 permagnam
898 2908 969 2960 viam
989 2905 1024 2960 ad
1044 2907 1168 2976 primam.

405 2997 429 3050 T
430 2995 532 3050 lralt‘ld:
550 2995 630 3049 Mon.
650 2995 726 3048 Hist.
750 2995 777 3048 Τ.
797 2995 821 3046 Ι.
838 3011 866 3061 p.
884 2997 944 3046 205.

405 3151 563 3206 utcoovt.
591 3153 761 3222 Zaprabiae.
790 3156 865 3205 1280.
884 3152 952 3206 Ivan
980 3170 1071 3206 eomes
1097 3153 1169 3206 lilius
1189 3153 1286 3220 lrizlai,
1312 3169 1404 3208 eomes
1429 3153 1463 3208 de
1485 3154 1605 3214 Oelucb.

351 3240 441 3304 tutio)
461 3240 605 3308 siguificat,
625 3240 699 3310 quod
720 3247 818 3294 terram
839 3257 916 3293 suam
937 3257 1022 3310 prope
1040 3241 1175 3294 Zamobor
1199 3243 1288 3308 sitam,
1311 3242 1389 3295 iuxta
1412 3242 1559 3297 ereclesiam
1584 3264 1604 3297 s.

350 3329 462 3395 Elenae,
482 3328 629 3382 contulerit
654 3327 785 3382 ecclesiae
804 3346 824 3382 s.
845 3329 949 3383 Mariae
968 3331 1089 3398 virginis,
1108 3331 1199 3383 alrlrati
1220 3335 1247 3382 et
1266 3331 1390 3400 patribus
1409 3329 1602 3384 cisterciensis

351 3415 454 3471 ordinis
482 3417 508 3469 iu
538 3417 634 3470 eadem
663 3416 779 3470 eeclesia
807 3415 859 3471 deo
884 3417 1089 3480 famulantibus,
1109 3417 1240 3472 ccclesiae
1271 3417 1400 3472 videlicet
1429 3417 1454 3472 b.
1487 3416 1604 3476 bladae.

350 3521 421 3574 quac
440 3509 481 3556 est
500 3504 552 3556 sita
571 3504 597 3556 iu
617 3507 689 3556 terra
707 3521 757 3557 sua
777 3504 931 3558 Brezoieha.
959 3505 1045 3558 (larius
1071 3511 1157 3560 terrae
1182 3515 1255 3560 meta
1279 3508 1376 3576 incipit
1399 3521 1416 3559 a
1440 3505 1555 3559 meridie
1576 3509 1604 3560 in

350 3592 448 3646 arbore
468 3588 636 3656 Ginurlchiu,
656 3591 745 3644 tendit
763 3592 815 3646 sub
834 3597 954 3645 montem
975 3594 1140 3658 Strenuirrh,
1164 3593 1237 3647 eadit
1261 3596 1287 3647 iu
1314 3610 1397 3648 unam
1425 3594 1505 3659 viam,
1530 3611 1603 3664 qum

352 3677 475 3748 procedit
493 3677 521 3730 in
541 3677 644 3730 dictum
664 3685 793 3744 montem,
812 3685 839 3732 et
857 3695 906 3748 per
925 3679 1040 3734 eandem
1060 3683 1131 3734 riam
1151 3683 1225 3734 uenit
1243 3681 1277 3735 ad
1298 3680 1387 3735 Telulr
1406 3687 1502 3750 portae
1520 3683 1602 3735 inda-

350 3767 430 3834 ginis,
443 3765 507 3818 iude
520 3764 555 3818 ad
569 3763 674 3818 laevam
687 3783 797 3818 manum
811 3767 882 3835 girat
895 3785 943 3837 por
956 3768 1073 3822 eundem
1087 3769 1174 3822 Telulr
1193 3777 1221 3822 et
1239 3769 1382 3823 descendit
1400 3769 1435 3823 ad
1454 3770 1596 3838 antiquam

352 3853 483 3921 piscinam
508 3869 578 3924 ‹prrae
603 3855 721 3922 pertinet
740 3853 871 3908 eeclesiae
891 3874 911 3908 s.
932 3855 1043 3909 Eleuae.
1068 3855 1120 3908 Per
1139 3857 1227 3910 varias
1246 3863 1332 3910 metas
1359 3856 1432 3910 uenit
1451 3855 1486 3910 ad
1506 3855 1600 3910 locum

353 3941 446 3994 Mlalra
465 3947 492 3994 et
511 3941 586 3994 vadit
604 3941 639 3994 ad
660 3941 783 4010 primam.

406 4027 631 4082 Ptolemaiou.
651 4029 727 4082 Htst.
750 4029 779 4082 Τ.
800 4029 823 4082 Ι.
840 4045 870 4096 p.
888 4032 948 4082 2ott

405 4189 573 4243 ttcccvli.
595 4193 668 4241 taso.
689 4187 849 4257 Capitulum
875 4189 1006 4242 eeclesiae
1029 4190 1101 4242 beati
1125 4189 1200 4242 Petri
1220 4189 1253 4242 de
1273 4187 1381 4255 Posses
1410 4193 1505 4242 notum
1526 4189 1598 4246 facit.

352 4276 426 4346 quod
443 4276 582 4330 Racoldus
596 4275 668 4329 lilius
682 4275 799 4328 Rolaudi
814 4277 876 4328 baui
891 4277 1034 4329 euulessus
1047 4278 1090 4342 sit,
1105 4277 1265 4346 particulam
1280 4283 1367 4329 terrae
1381 4293 1446 4328 suae
1460 4275 1596 4341 Peehuse,

352 4381 422 4432 qtrsre
440 4363 563 4417 Jelseuilr
583 4363 691 4426 dicitur,
712 4363 850 4426 liadizlao,
874 4363 1006 4430 riruoldo,
1027 4365 1116 4417 Gulae
1136 4373 1163 4417 et
1183 4363 1273 4417 Blasio
1295 4364 1357 4416 filiis
1376 4364 1480 4428 Zoboo,
1505 4367 1597 4419 rendi-

352 4451 436 4504 ‹lisset
468 4467 517 4520 pro
546 4453 657 4520 triginta
686 4453 784 4504 maritis
813 4451 996 4504 denariorum.
1025 4452 1102 4504 Metu
1127 4457 1215 4505 terrae
1237 4453 1333 4521 incipit
1354 4452 1430 4504 iuxta
1456 4451 1595 4520 quoddam

353 4537 460 4590 Kalisia
477 4553 548 4606 quae
567 4547 607 4591 est
627 4539 704 4591 iuxta
732 4540 802 4592 uiam
822 4540 849 4592 iu
869 4545 962 4591 moute
989 4539 1151 4608 lloelreych,
1172 4539 1316 4592 deseendit
1339 4539 1452 4592 iuferius
1480 4539 1516 4592 ad
1539 4539 1596 4594 Jel-

352 4625 458 4678 seueeh
476 4625 569 4695 potok,
590 4624 654 4679 iude
675 4643 723 4696 per
742 4626 824 4680 siluas
844 4635 871 4680 ct
890 4626 1036 4696 planiciem
1062 4627 1139 4682 iuxta
1162 4627 1303 4698 quoddam
1325 4627 1484 4698 Fulr,quod
1498 4627 1597 4684 (licitur
