3464 5382
676 453 820 498 amnena,
1326 441 1368 503 89

129 622 305 696 probandum
325 620 396 675 lilios
416 617 513 674 Budur
524 617 543 670 J
545 617 662 672 acobum
681 624 709 672 et
727 619 815 673 Petlra
828 625 961 690 patronos
973 619 1062 675 dictae
1076 620 1207 676 ecclesiae
1219 623 1369 690 constituit,

129 712 177 782 qui
195 709 325 782 publicae
347 707 464 778 professi
491 713 563 772 suat,
588 705 689 762 dictam
713 711 815 760 terram
839 707 959 762 Ivancae
982 707 1147 763 vendidisse.
1175 709 1219 764 Ad
1237 709 1370 764 maiorem

128 797 305 853 exaccionem
323 797 390 850 iuris
409 795 499 850 risum
516 799 558 848 est
576 794 784 867 archiepiscopo
803 801 831 850 et
844 795 904 849 eius
914 795 1101 850 assessoribus
1110 795 1248 851 Baradlao
1258 798 1369 864 (rectius

129 885 296 953 »Borislavq
326 884 457 953 episcopo
484 881 601 937 Senensi
627 887 655 936 et
672 883 783 937 Danieli
810 881 1004 938 archidiacono
1023 882 1175 950 Bachiensi‚
1202 889 1230 936 et
1248 884 1369 940 Martiae

128 972 204 1026 beno
214 977 241 1025 et
251 969 379 1024 Andreae
390 969 490 1035 comiti,
509 976 540 1024 at
558 969 622 1024 dicti
640 969 764 1025 Jaccbus
783 975 811 1024 et
828 969 917 1024 Petlra
928 987 1007 1024 suam
1017 971 1197 1024 assertionem
1215 971 1369 1026 iuramento

126 1058 321 1112 confirmarent
347 1057 482 1111 Praestito
496 1056 578 1125 igitur
589 1061 761 1111 sacramento
773 1057 801 1110 in
815 1073 866 1110 sua
878 1056 985 1128 capella
998 1056 1225 1127 archiepiscopali
1243 1058 1370 1112 restituta

123 1144 385 1209 estterraIvancae‚
404 1143 491 1198 abbas
501 1148 594 1197 autem
604 1149 631 1198 et
640 1144 750 1200 curialis
760 1161 853 1198 comes
863 1161 914 1214 pro
924 1144 1021 1199 merito
1040 1143 1223 1199 condemnati.
1244 1143 1368 1198 Clericus

124 1229 291 1286 Benedictus
301 1231 453 1285 introduxit
471 1247 519 1286 eos
537 1231 565 1284 in
583 1237 693 1296 terram,
711 1231 791 1300 cujus
809 1237 884 1285 meta
902 1231 990 1302 prima
1001 1231 1091 1302 posite
1101 1235 1143 1284 est
1153 1237 1368 1302 supermontem

124 1318 252 1372 Camena
270 1315 366 1382 burda,
395 1317 431 1370 ab
455 1333 488 1372 eo
508 1333 556 1386 per
583 1315 731 1386 quemdam
758 1317 868 1372 clivium
893 1315 1033 1372 Ouesbere
1061 1315 1185 1390 procedit
1208 1318 1279 1372 inter
1297 1317 1368 1372 duas

125 1403 264 1468 fontanae,
292 1419 364 1472 quae
381 1402 479 1458 Jelove
498 1408 639 1468 vocantur,
668 1419 757 1472 usque
776 1401 811 1456 ad
831 1420 933 1472 aquam
951 1403 1049 1458 Pulrur
1067 1411 1095 1459 et
1116 1421 1165 1474 per
1193 1403 1309 1458 eandem
1334 1404 1369 1458 ad

123 1489 228 1545 sentem
247 1489 366 1559 Luplan,
385 1488 484 1542 exinde
502 1487 537 1542 ad
557 1493 680 1544 montem
698 1489 796 1558 Stoyla
814 1489 842 1543 in
860 1495 964 1544 metam
982 1489 1017 1544 de
1036 1490 1115 1545 Noae
1134 1497 1161 1545 et
1172 1491 1262 1545 tendit
1274 1508 1369 1546 versus

126 1575 260 1631 orientem
278 1575 434 1630 Kenelbere
452 1591 540 1644 usqne
558 1575 676 1631 Bedech·

182 1679 302 1733 Wearcl:
323 1677 388 1734 Ocri.
407 1679 487 1748 Dipl.
506 1679 615 1748 Arpad.
639 1679 693 1746 Vr,
710 1696 739 1748 p.
758 1684 821 1733 557.

178 1816 334 1872 cecvnr.
354 1819 387 1872 A.
407 1819 486 1872 1234.
504 1818 673 1874 colomanus
692 1835 740 1872 rex
759 1824 787 1873 et
804 1819 862 1874 dux
881 1821 966 1874 totius
979 1819 1127 1874 Slavoniae
1146 1819 1241 1874 tribuit
1253 1837 1370 1890 magnae

124 1903 206 1958 villae
216 1903 381 1958 Wcreuiche
395 1909 556 1974 sequentem
573 1905 742 1960 libertatem:
762 1911 793 1959 ut
810 1906 896 1960 libere
915 1913 942 1960 et
962 1907 1054 1960 venus
1073 1911 1101 1960 st
1118 1905 1246 1962 recedere
1264 1908 1372 1977 possint

126 2007 192 2045 cum
210 1989 339 2045 omnibus
362 1990 486 2060 pecuniis
505 1991 562 2046 suis
581 2007 637 2060 quc
655 1991 793 2046 voluerint
816 1991 923 2060 absque
941 1991 1122 2047 diminutione
1140 2009 1231 2048 rerum
1250 2009 1370 2060 suarum,
1460 1981 1470 2000 ⁹

125 2075 244 2131 venditis
272 2075 403 2130 domibus
421 2083 449 2130 et
466 2077 527 2130 aliis
545 2077 707 2132 necessariis
743 2077 855 2146 Siquis
874 2078 933 2132 siue
959 2077 1078 2133 haerede
1097 2077 1253 2144 decesserit,
1280 2086 1372 2149 potest

128 2164 222 2218 omnia
240 2181 291 2218 sua
309 2164 401 2232 legare
419 2165 463 2218 cui
482 2181 600 2233 eumque
618 2165 742 2220 voluerit.
769 2165 814 2218 De
835 2163 959 2234 qualibet
977 2169 1058 2234 porta
1076 2181 1128 2218 sua
1145 2164 1248 2220 debent
1265 2166 1371 2220 solvere

124 2251 188 2304 duci
207 2256 327 2318 quatuor
346 2249 469 2320 pondera
487 2267 550 2304 cum
569 2257 671 2306 statera
688 2251 749 2306 loci.
778 2250 882 2305 Nullus
901 2251 985 2318 iudex
1003 2250 1088 2305 audet
1106 2267 1154 2306 eos
1170 2251 1295 2321 judicare
1318 2253 1370 2307 nisi

123 2337 231 2390 villicus
255 2353 352 2391 eorum
375 2353 439 2390 cum
460 2337 565 2392 civibus
593 2337 674 2392 villae
698 2345 726 2392 et
741 2339 849 2408 juratis.
877 2337 1014 2406 Majorem
1032 2337 1113 2392 villae
1131 2355 1165 2392 er
1185 2338 1242 2392 suis
1261 2339 1372 2408 eligant,

126 2440 210 2493 quem
229 2423 287 2477 dux
306 2423 485 2478 confirmabit
513 2423 659 2478 Tributum
683 2441 738 2480 non
764 2429 910 2479 teneantur
936 2423 1003 2478 dare
1028 2433 1167 2480 extraneo.
1191 2426 1264 2481 Item
1282 2443 1372 2496 neque

126 2527 234 2576 currus,
253 2511 300 2580 qui
319 2525 407 2580 porca
424 2517 565 2575 vocantur,
584 2527 635 2564 nec
653 2510 806 2578 legationes
824 2511 939 2578 deleme,
957 2527 1008 2566 nec
1017 2511 1146 2566 victualia
1155 2512 1301 2581 quaedam,
1319 2515 1372 2568 nisi

129 2613 186 2650 una
203 2595 249 2650 die
267 2612 318 2666 pro
345 2611 466 2661 munere,
495 2613 545 2650 nec
572 2597 701 2651 victualia
729 2595 793 2651 bani
821 2613 894 2667 quae
921 2597 1046 2652 calusine
1072 2603 1205 2652 vocantur
1232 2605 1372 2670 praestare

126 2687 277 2738 teneantur.
305 2680 423 2736 Factum
443 2682 558 2738 consilio
577 2683 701 2737 omnium
719 2683 907 2752 iobagionnm
936 2683 1062 2739 videlicet
1079 2684 1162 2739 Julae
1185 2685 1251 2739 bani
1269 2685 1372 2756 filiique

126 2769 251 2840 ejusdem
268 2768 352 2822 dulae
380 2767 503 2838 magistri
527 2769 741 2822 Tavemicorum
762 2769 850 2838 ducit,
877 2769 985 2824 Nicolai
1011 2771 1118 2824 comitis
1143 2771 1178 2826 de
1196 2771 1270 2840 Zela,
1290 2773 1372 2844 Opoy

128 2855 237 2910 comitis
257 2854 291 2909 de
310 2855 441 2925 Symigio,
461 2853 574 2924 Georgii
592 2855 699 2910 comitis
717 2854 752 2909 de
771 2855 875 2910 Wollro
894 2863 936 2910 etc

178 2943 228 2996 Ec
245 2943 325 2997 Aelia
343 2942 496 3009 mortaria
513 2942 655 2997 Pastinum
673 2958 687 2996 c
705 2943 784 3011 repat
803 2943 922 2997 archivo.
944 2944 981 2998 N.
1000 2946 1032 2996 R.
1051 2945 1086 2998 A.
1096 2945 1177 2999 Fare.
1190 2949 1252 3000 590.
1273 2946 1307 2999 N.
1325 2951 1369 3000 19.

180 3081 306 3135 CCCIX.
331 3085 364 3135 Δ.
390 3081 466 3136 circa
490 3084 567 3134 1234.
596 3081 768 3150 G(uncellus)
797 3083 1021 3152 archiepiscopus
1047 3082 1215 3152 spalatensis
1240 3084 1374 3152 promittit

126 3169 242 3222 firmiter
267 3173 340 3222 stare
359 3167 495 3234 omnibus,
522 3183 594 3236 quae
618 3169 689 3222 inter
715 3169 795 3222 illum
813 3174 841 3222 ct
858 3167 1010 3238 capitulum
1035 3168 1118 3223 frater
1143 3169 1282 3234 Quarinus
1310 3185 1373 3224 cum

124 3255 184 3308 suis
207 3253 339 3307 fratribus
366 3253 517 3308 decreverit
535 3253 726 3308 ordinandum
753 3255 861 3320 Libros,
887 3271 959 3324 quos
984 3253 1059 3324 apud
1078 3271 1108 3308 se
1129 3254 1221 3321 habet,
1240 3256 1374 3324 promittit

124 3339 269 3410 usquead
288 3355 309 3393 s.
328 3339 478 3394 Martinum
496 3341 647 3395 restituere.
666 3340 749 3408 (Vide
767 3341 836 3396 Doc.
858 3343 943 3410 1228)

175 3430 222 3481 Ea
240 3427 353 3482 archivo
371 3427 464 3482 aulico
481 3429 629 3483 macari.
652 3427 794 3484 Garrara:
813 3427 926 3484 Arete.
944 3429 1030 3496 capit.
1048 3443 1076 3497 p.
1094 3431 1135 3482 11.

178 3565 290 3619 CCCX.
324 3565 456 3637 Bapusii,
487 3569 669 3622 1234-1238.
703 3567 828 3624 Joannes
861 3567 1010 3622 Dandulus
1038 3585 1130 3623 comcs
1167 3568 1284 3638 Ragusii
1310 3586 1372 3623 cum

124 3651 256 3707 omnibus
275 3651 416 3707 nobilibus
434 3659 462 3706 et
480 3659 538 3708 tote
557 3656 754 3710 communitate
767 3655 865 3724 jurant
882 3655 939 3724 regi
959 3655 1045 3708 totius
1058 3654 1165 3710 Raesae
1178 3659 1205 3708 et
1217 3655 1373 3710 Maritimae

128 3737 301 3804 Vlsdislaro‚
326 3737 400 3808 quod
419 3739 455 3792 ab
473 3739 607 3796 hodierna
624 3741 669 3795 die
688 3741 772 3795 velint
790 3757 852 3795 esse
871 3741 961 3796 eidem
980 3757 1092 3795 veraces
1114 3741 1202 3806 amici,
1226 3747 1254 3795 et
1271 3742 1372 3796 inimici

125 3826 186 3880 eius
208 3825 396 3890 inimicorum
424 3831 452 3880 et
473 3827 495 3880 si
519 3828 618 3896 aliquis
640 3843 674 3882 ex
704 3828 764 3882 eius
795 3845 880 3898 regno
907 3828 1009 3897 fugerit
1036 3827 1070 3881 ad
1096 3845 1152 3893 ecs,
1180 3845 1236 3881 non
1263 3827 1373 3882 nocebit

125 3913 165 3977 ei;
184 3917 213 3966 et
231 3911 255 3964 si
275 3910 378 3980 aliquid
398 3912 550 3978 offenderit,
569 3913 623 3983 ipsi
641 3920 808 3983 component
826 3920 875 3968 aut
890 3914 969 3968 illum
982 3915 1039 3984 regi
1052 3911 1169 3979 tradent,
1189 3921 1216 3968 et
1228 3914 1251 3968 si
1264 3913 1373 3982 fugiens

127 3997 233 4068 aliquid
253 3997 400 4052 adduxerit
417 3998 452 4052 ad
471 3999 617 4066 civitatem,
636 3999 752 4054 reddent
761 4000 837 4055 illud.
862 4002 939 4055 Etsi
958 4001 1018 4071 ipse
1037 4018 1085 4055 rex
1104 3999 1210 4070 sugerit
1227 3999 1262 4054 ad
1281 4001 1373 4054 civita·

127 4092 193 4152 tem,
213 4085 346 4154 recipient
364 4085 522 4140 illumsieut
539 4086 683 4142 dominum
701 4103 784 4142 suum
802 4103 866 4140 cum
884 4089 989 4142 honore
1008 4095 1036 4142 et
1053 4103 1149 4142 amore
1168 4103 1232 4140 cum
1245 4087 1373 4142 omnibus

128 4171 308 4241 magnatibus
334 4172 393 4226 eiua
419 4179 446 4226 et
470 4174 672 4228 conservabunt
696 4191 743 4228 eos
769 4174 828 4228 eine
846 4173 903 4228 ullo
922 4173 1024 4228 damno
1062 4175 1098 4228 Et
1121 4173 1234 4243 quando
1252 4190 1301 4228 rex
1325 4191 1374 4244 per

131 4276 206 4312 mare
219 4257 388 4312 adiutorium
406 4261 578 4326 quaesiverit,
603 4261 683 4314 ibunt
701 4262 726 4314 ei
744 4265 773 4314 in
792 4260 967 4327 adiutorium,
989 4262 1036 4316 illo
1055 4267 1145 4314 tamen
1165 4277 1237 4314 anno
1255 4259 1374 4314 dimittet

13 4373 19 4389 ‚
129 4363 176 4400 rex
194 4345 250 4398 illis
269 4349 360 4398 totum
378 4344 454 4412 illud,
473 4345 548 4414 quod
566 4346 670 4400 habent
688 4347 716 4400 in
735 4364 788 4400 usu
806 4346 906 4414 dandi;
932 4353 959 4400 et
983 4363 1079 4400 eorum
1098 4345 1306 4410 mercatoribus,
1325 4347 1373 4414 qui

126 4431 272 4486 ambulant
290 4448 340 4500 per
358 4432 551 4500 terramillius,
570 4433 688 4487 dimittet
706 4432 812 4487 datium
832 4435 903 4488 sicut
921 4449 989 4487 avus
1009 4433 1067 4486 eius
1081 4439 1109 4486 et
1125 4439 1204 4502 peter
1223 4431 1281 4484 eius
1301 4432 1373 4485 fecit.

124 4518 152 4572 Si
170 4523 267 4572 autem
285 4533 341 4570 non
361 4520 548 4587 potuerintire
561 4520 588 4572 in
613 4519 788 4586 adiutorium,
808 4519 886 4574 tollet
904 4525 993 4573 totum
1012 4515 1080 4572 illud
1099 4517 1176 4586 quod
1196 4523 1238 4570 est
1255 4516 1290 4571 de
1309 4535 1374 4571 con-

128 4603 283 4660 suetudine
303 4605 339 4658 Et
356 4603 408 4658 hoc
426 4605 518 4659 iurant
536 4606 606 4660 sicut
621 4606 753 4676 jurarunt
771 4622 867 4660 eorum
880 4605 970 4658 nuntii
989 4605 1136 4659 Mathaeus
1154 4604 1292 4658 Bodeciae
1310 4604 1374 4670 (Bu

133 4693 231 4763 dedic),
260 4691 409 4747 (irrrasius
427 4691 560 4763 Neymeri
579 4692 786 4762 (biangjereric)
805 4698 832 4746 et
849 4693 948 4746 Petrus
967 4690 1001 4745 de
1020 4691 1111 4746 Sretta
1129 4690 1260 4762 (Srjecic).
1290 4691 1376 4759 Signa
