3544 5344
714 431 859 476 arsami.
1369 410 1408 472 77

216 593 371 650 GOLXIV.
391 595 513 667 Spoleti,
533 601 557 650 5.
575 597 660 652 Juaii
677 601 757 652 1232.
776 597 928 668 Gregorius
940 597 984 652 IX
998 615 1072 670 papa
1090 598 1185 653 scribit
1202 599 1410 671 archiepiscopo

162 683 308 750 colocensi,
328 685 460 755 episcopo
479 684 648 753 zagrabiensi
667 692 695 740 et
713 687 872 758 praeposito
891 703 913 739 s.
931 687 1073 741 Laurentii
1089 687 1240 742 colocensis
1259 687 1409 744 dioecesis:

163 771 235 826 Cum
253 787 352 841 graves
371 779 398 826 et
416 789 542 828 enormes
561 773 684 844 episcopi
703 774 738 828 de
755 774 849 828 Bosna
867 791 997 829 excessus
1017 781 1044 828 ct
1062 775 1185 830 maculas
1204 793 1258 830 non
1273 777 1410 848 potuisset

162 858 311 925 obaudire;
329 859 403 914 idem
421 861 502 926 enim,
521 867 618 931 utpote
630 859 754 916 litteralis
767 877 865 932 expers
880 862 1010 916 scientiae
1022 878 1055 916 ac
1066 862 1266 918 haereticorum
1280 864 1409 934 publicus

161 944 327 1012 defensator,
353 963 403 1016 per
426 945 574 1016 quemdam
598 947 767 1002 haereticum
791 949 906 1004 simonie
931 950 997 1003 vitio
1020 950 1048 1003 in
1067 949 1230 1022 episcopum
1252 953 1410 1022 procuravit

161 1034 303 1100 assummi,
322 1034 388 1088 item
406 1033 513 1088 nullum
532 1034 559 1088 in
578 1035 694 1089 ecclesia
713 1052 763 1089 sua
781 1036 901 1090 celebrat
919 1035 1041 1090 divinum
1060 1037 1190 1103 officium,
1209 1055 1260 1092 nec
1273 1039 1410 1094 ministrat

162 1120 379 1176 ecclesiasticum
403 1131 615 1188 sacramentum,
635 1121 761 1193 adeoque
780 1122 869 1177 factus
888 1140 949 1178 esse
974 1123 1073 1178 dicitur
1098 1125 1289 1180 ecclesiasticis
1312 1127 1409 1181 officiis

162 1207 276 1274 alienus,
295 1207 371 1278 quod
390 1209 520 1280 baptismi
538 1209 623 1264 ferme
642 1211 751 1280 penitus
770 1211 806 1264 sit
818 1211 939 1280 ignarus,
958 1218 986 1265 et
1004 1212 1075 1268 sicut
1093 1213 1224 1266 asseritur
1242 1213 1269 1266 in
1289 1213 1408 1282 quadam

162 1294 227 1348 villa
244 1301 366 1350 moretur
385 1301 413 1351 et
430 1296 542 1350 fratrem
561 1313 642 1351 suum
670 1298 808 1353 carnalem
826 1297 1004 1353 manifestum
1021 1299 1222 1354 haeresiarcam
1241 1301 1268 1354 in
1293 1317 1344 1356 suo
1363 1320 1410 1357 ore

163 1381 255 1437 foveat
278 1389 306 1436 et
329 1382 467 1438 defendat.
493 1384 600 1439 Idcirco
625 1383 746 1452 mandat,
770 1391 801 1438 ut
820 1401 904 1456 snper
920 1385 993 1439 hanc
1010 1403 1069 1439 rem
1091 1387 1238 1456 inquirant,
1262 1395 1289 1442 et
1313 1389 1409 1443 verita·

162 1475 219 1524 tem
236 1469 381 1540 diligenter
399 1471 506 1526 referat.

219 1558 342 1612 Weml:
362 1557 427 1613 God.
447 1559 516 1628 dipl.
535 1559 645 1628 Arpcd.
663 1561 687 1629 I,
706 1577 733 1629 p.
754 1563 814 1614 298.

216 1695 355 1752 CCLXV.
374 1699 409 1753 A.
428 1703 505 1753 1232.
529 1699 596 1754 Jula
619 1699 710 1754 banus
728 1700 813 1754 totius
838 1698 994 1766 slavonice,
1013 1717 1107 1756 comes
1132 1701 1224 1756 curiae
1243 1703 1343 1772 regiae,
1362 1703 1408 1759 de·

162 1785 255 1854 clarat,
275 1785 349 1856 quod
369 1804 432 1842 cum
450 1804 543 1842 coram
562 1805 594 1842 eo
614 1788 684 1842 inter
702 1788 815 1842 comites
835 1788 998 1842 Marcellum
1016 1793 1043 1842 et
1062 1788 1203 1843 Abraham
1219 1789 1253 1844 de
1267 1791 1362 1846 Pulrur
1381 1799 1409 1846 et

161 1879 249 1928 totam
267 1875 461 1945 cognationem
480 1891 584 1942 eorum,
603 1892 637 1929 ex
656 1892 712 1929 una
731 1881 817 1945 parte,
836 1881 865 1929 et
882 1875 952 1930 inter
970 1875 1090 1942 Darsan,
1104 1877 1233 1932 comitem
1246 1878 1407 1944 Martinam,

162 1961 289 2016 Devcher
307 1969 334 2016 et
352 1961 467 2029 chhie,
486 1963 557 2017 filios
576 1961 719 2028 Radovan,
739 1979 771 2016 ac
790 1963 918 2016 comitem
935 1961 1036 2018 Hodos
1056 1969 1083 2017 et
1101 1980 1197 2018 eorum
1215 1965 1409 2033 cognationem

161 2065 197 2104 ex
215 2050 301 2104 altera
320 2057 405 2120 parte,
429 2067 514 2104 causa
538 2067 622 2122 super
639 2056 711 2104 terra
735 2050 894 2120 Topolovec
917 2049 945 2103 in
965 2051 1061 2104 Pulrur
1082 2049 1184 2116 habita,
1203 2051 1302 2106 fuisset
1320 2053 1407 2106 vcnti·

159 2135 224 2202 lata,
244 2153 307 2190 curn
325 2153 463 2191 consensa
481 2137 605 2192 eiusdem
624 2137 689 2191 bani
707 2135 742 2191 ad
762 2154 859 2208 pacem
878 2143 1061 2208 pervenerunt
1071 2137 1119 2192 tali
1137 2137 1309 2194 conditione:
1324 2139 1407 2205 Quod

162 2223 184 2276 si
204 2223 290 2278 altera
309 2241 373 2294 pars
392 2225 489 2278 iterato
507 2225 584 2278 litem
602 2232 731 2292 moveret,
751 2225 803 2278 ab
821 2241 922 2296 penzas
942 2225 1011 2279 aliae
1031 2225 1103 2294 parti
1116 2225 1291 2296 persolveret,
1304 2233 1406 2280 terram

163 2315 255 2366 autem
275 2311 368 2366 comiti
385 2311 498 2366 Dursau
517 2317 545 2366 et
563 2311 694 2365 fratribus
713 2311 770 2364 suis
789 2312 816 2364 in
836 2329 904 2382 pace
926 2311 1088 2366 dimiserunt
1107 2311 1311 2382 possidendam.
1332 2313 1409 2366 Meta

161 2404 250 2453 terrae
269 2398 364 2470 incipit
382 2401 409 2454 in
428 2399 579 2454 monticulo
598 2399 706 2453 Babina
725 2398 862 2468 Gorycha‚
881 2399 945 2454 inde
963 2415 1060 2453 versus
1079 2399 1219 2454 meridiem
1238 2399 1408 2454 transeundo

162 2486 235 2539 mam
253 2485 396 2540 descendit
413 2486 448 2540 ad
468 2487 565 2540 silvam
578 2486 682 2552 Raven,
694 2484 759 2540 inde
771 2485 806 2540 ad
820 2503 921 2556 aquam
934 2487 1037 2552 Pulrur,
1051 2486 1114 2540 inde
1128 2505 1177 2556 per
1195 2504 1306 2541 cursum
1319 2487 1407 2558 ipsius

161 2571 197 2627 ad
215 2590 317 2642 aquam
335 2573 461 2628 Mlakam
482 2575 627 2628 etiterum
651 2573 679 2626 in
697 2573 793 2627 Pulrur
818 2581 845 2627 et
863 2574 989 2644 porcius
1008 2579 1130 2628 meatum
1149 2575 1176 2628 in
1196 2575 1407 2628 commatatione

161 2668 250 2715 terrae
268 2660 355 2716 Toide
374 2667 402 2716 et
424 2662 540 2716 Retzlan
565 2662 646 2726 venit,
672 2660 719 2715 ubi
738 2661 837 2714 fluvius
856 2661 1027 2715 Zdenichnilr
1045 2660 1118 2716 cadit
1136 2661 1164 2714 in
1182 2661 1285 2714 Pulrur.
1305 2661 1406 2714 Tendit

161 2755 258 2804 contra
276 2748 447 2804 Zdenichnilr
465 2755 493 2803 et
510 2750 585 2804 venit
602 2750 630 2804 in
649 2749 723 2803 bono
742 2749 832 2819 spatio
852 2748 898 2802 ubi
917 2748 1016 2802 fluvius
1035 2749 1165 2802 Rakovcz
1178 2747 1251 2802 cadit
1263 2749 1291 2802 in
1305 2749 1405 2818 ipsam,

161 2835 225 2890 inde
243 2835 272 2890 in
290 2841 375 2907 caput
393 2835 517 2892 eiusdem
535 2835 571 2890 ad
590 2842 691 2890 metam
710 2841 827 2889 terream
846 2837 872 2888 in
891 2852 994 2904 magna
1012 2836 1081 2888 silva
1093 2835 1188 2888 Ravcn
1202 2841 1229 2888 et
1242 2853 1291 2904 per
1303 2835 1406 2889 multas

162 2929 249 2977 metas
268 2923 398 2978 arboreas
417 2922 452 2977 ad
471 2923 571 2977 siccam
591 2922 779 2976 Mechenicam
798 2921 834 2976 ad
846 2921 960 2976 fluvium
974 2920 1162 2976 Gradinovecz
1177 2929 1204 2975 ct
1216 2939 1265 2992 per
1277 2939 1406 2992 campum

161 3011 189 3065 in
207 3010 349 3082 quandam
366 3011 467 3065 vallem
485 3009 520 3064 ad
539 3009 633 3064 fluvim
651 3010 800 3076 Bucovccz,
820 3026 869 3080 per
887 3010 966 3063 cuius
985 3008 1133 3064 decursum
1152 3009 1235 3062 intrat
1253 3009 1280 3062 in
1303 3027 1405 3078 aquam

162 3098 339 3152 Machanicza
365 3103 392 3152 et
419 3097 511 3152 cundo
538 3097 666 3168 superius
693 3097 768 3150 venit
795 3096 842 3150 ubi
869 3096 969 3150 dumus
997 3095 1146 3150 Dobovecz
1172 3095 1246 3150 cadit
1269 3095 1297 3148 in
1316 3095 1406 3166 ipsam

161 3203 263 3256 aquam
281 3192 309 3240 at
327 3202 437 3240 sursum
457 3201 545 3255 usque
563 3185 599 3240 ad
617 3184 721 3238 vadum
739 3184 802 3254 Rigi
821 3182 899 3250 brod,
918 3183 983 3237 inde
1002 3201 1050 3254 per
1068 3185 1140 3238 viam
1158 3184 1187 3236 in
1205 3183 1309 3236 oriente
1322 3199 1407 3252 supra

160 3279 284 3328 montem
302 3273 330 3326 in
349 3271 423 3327 bono
442 3273 533 3343 spatio
551 3273 625 3326 venit
648 3272 683 3326 ad
702 3271 815 3326 fluvium
840 3269 955 3324 Radmis
974 3277 1002 3324 et
1019 3271 1155 3325 transiens
1174 3287 1237 3324 eum
1265 3269 1339 3323 venit
1358 3287 1407 3340 per

161 3361 235 3414 mam
252 3359 288 3414 ad
306 3360 406 3414 vallem
424 3366 452 3413 et
467 3359 554 3414 tendit
566 3359 601 3414 ad
614 3365 698 3430 caput
711 3359 823 3412 alterius
835 3357 914 3411 vallis
928 3356 1076 3428 Glopetnik
1089 3363 1117 3411 et
1130 3374 1178 3427 per
1191 3357 1263 3410 mam
1276 3373 1405 3425 magnam

159 3447 195 3502 ad
214 3449 334 3519 priorem
351 3453 461 3501 meum.
480 3447 633 3500 Pristaldus
648 3446 711 3500 bani
723 3445 831 3512 Daniel,
845 3444 995 3514 pristaldus
1014 3444 1149 3498 nobilium
1168 3444 1297 3498 Oacanus
1310 3461 1403 3498 comes

160 3535 299 3605 terrigena
316 3533 352 3589 de
371 3534 436 3588 Oua.

217 3623 340 3678 Wcarael:
361 3621 426 3676 Ood.
445 3621 513 3689 dipl.
532 3621 643 3690 Arpaa
668 3620 716 3690 VI,
734 3637 761 3688 p.
782 3625 843 3674 507.

214 3743 368 3800 ocuxvl.
387 3745 489 3812 Reate,
517 3743 746 3798 23.Jalti1232.
771 3742 923 3812 Gregorius
946 3742 991 3796 IX
1016 3759 1090 3812 papa
1117 3740 1264 3796 abbatibus
1291 3739 1326 3794 dc
1354 3741 1406 3792 Bo·

158 3832 231 3888 chon
252 3838 279 3886 ct
295 3832 331 3886 de
349 3831 454 3886 [lichon
474 3837 501 3885 et
519 3830 718 3886 archidiaconis
738 3830 772 3884 de
797 3830 878 3884 Raba
896 3830 1101 3900 vesprimiensis
1123 3835 1150 3882 et
1165 3828 1313 3897 jauriensis
1331 3827 1406 3882 dioe-

159 3921 231 3974 cesis
250 3919 351 3986 scribit,
379 3918 454 3988 quod
481 3923 607 3988 tempore
634 3919 789 3973 Innocentii
817 3918 862 3971 III
890 3933 981 3988 papae
1008 3915 1228 3987 praedecessoris
1257 3916 1299 3968 sui
1318 3915 1406 3968 abhas

159 4024 181 4060 s.
202 4007 314 4061 Martini
333 4006 368 4061 de
386 4007 530 4060 Pannonia
548 4024 598 4076 pro
617 4022 647 4059 se
660 4023 692 4059 ac
705 4023 757 4060 suo
770 4011 887 4060 coventu
902 4005 1010 4074 petierit
1027 4003 1208 4072 abepiscopo
1226 4009 1254 4056 et
1266 4003 1405 4055 canonicis

159 4094 347 4164 ragrabiensis
365 4093 504 4159 ecclcsiae,
524 4110 642 4162 quorum
660 4099 823 4163 procurator
841 4091 876 4146 ad
895 4093 947 4146 hoc
966 4092 993 4144 in
1009 4089 1115 4160 judicio
1134 4089 1319 4159 comparebat,
1333 4089 1405 4142 deci-

159 4199 221 4237 mas
239 4183 361 4236 omnium
381 4181 492 4250 frugum
512 4187 539 4234 et
557 4180 672 4234 aliarum
697 4197 787 4234 rerum
808 4181 893 4250 partis
912 4179 1059 4232 comitatus
1082 4177 1254 4246 simigiensis,
1274 4183 1406 4245 quaeest

160 4271 232 4325 ultra
250 4270 381 4334 Dravam‚
400 4285 451 4322 nec
473 4285 528 4322 non
554 4275 581 4322 et
605 4269 773 4339 capellarum
798 4285 819 4320 s.
839 4265 991 4331 Barnabae,
1021 4281 1042 4319 s.
1062 4265 1158 4318 Crucis
1178 4271 1205 4319 et
1223 4281 1244 4315 s.
1263 4265 1404 4317 Trinitatis

160 4358 337 4413 existentium
363 4357 391 4410 in
420 4356 609 4426 vesprimiensi
636 4356 756 4410 dioecesi
789 4357 857 4409 citra
884 4354 1019 4418 Dravam,
1048 4351 1203 4423 producens
1233 4351 1404 4420 privilegium

160 4463 182 4498 s.
201 4445 336 4516 Stephani
353 4445 427 4513 regis
445 4451 473 4498 et
490 4444 712 4498 confirmationes
732 4442 890 4508 Alexandri,
909 4441 1015 4496 Urbani
1029 4446 1055 4494 et
1071 4439 1221 4494 Clementis
1234 4438 1403 4508 pontificum.

159 4533 326 4588 Procurator
338 4533 425 4603 partis
437 4531 569 4586 adversae
581 4531 725 4601 respondit
736 4532 764 4585 in
777 4529 951 4584 contrarium.
966 4529 1033 4582 Post
1044 4527 1120 4596 longi
1133 4526 1264 4595 temporis
1277 4531 1404 4590 tractum,

161 4628 225 4692 post
251 4620 359 4674 diversa
386 4620 518 4690 rescripta
545 4637 562 4672 a
590 4619 766 4689 pontificibus
793 4618 914 4680 obtenta,
939 4614 1051 4669 tandem
1074 4613 1109 4668 ad
1135 4612 1304 4683 apostolicae
1329 4611 1403 4664 sedis

161 4725 277 4763 examen
295 4707 443 4762 deventum
462 4713 512 4772 est,
537 4706 581 4760 cui
607 4706 717 4759 finalem
742 4705 905 4758 sententiam
925 4702 991 4756 dare
1010 4719 1065 4756 non
1085 4701 1175 4772 potuit
1194 4718 1235 4766 eo,
1255 4699 1329 4768 quod
1349 4699 1403 4751 litis
