3488 5380
715 401 860 442 unvrnsvs.
1344 379 1406 445 227

164 566 249 622 much
268 564 380 622 easdem
397 565 579 622 confirmavit.
598 563 636 620 Et
653 580 737 636 super
754 563 798 620 his
816 563 946 622 omnibus
963 563 1039 622 dedit
1050 565 1223 638 privilegium
1236 567 1312 624 bulla
1323 585 1410 626 aurea

163 653 426 811 ωδῗὲῗῗιθοᾶιω
443 741 513 812 dipl.
536 743 565 796 T.
583 741 601 796 l
607 740 635 797 V.
653 741 706 798 ool.
725 741 766 796 11.
782 755 812 810 p.
831 745 895 797 450.

217 900 406 958 DOOLXIII.
425 904 500 955 1253.
519 899 587 956 Bela
604 898 657 956 IV.
674 915 724 956 rex
742 899 874 970 notificat,
889 899 965 972 quod
979 900 1139 973 Stephanus
1152 902 1242 959 banus
1260 902 1410 962 Slavooiae

164 997 193 1047 et
209 989 372 1062 capitaneus
391 988 499 1057 Styriae
518 988 665 1060 proposuit
689 993 721 1043 ut
746 991 846 1044 terram
865 987 1013 1045 Gurhusac
1031 989 1081 1044 filii
1099 991 1218 1046 Miconis
1245 991 1409 1048 existentem

166 1080 194 1134 in
214 1077 349 1133 comitatu
374 1075 530 1132 Zaladiensi
553 1075 627 1131 ultra
650 1076 781 1144 Dravam,
803 1091 875 1146 quae
893 1075 929 1131 ad
947 1093 1047 1132 manus
1065 1078 1154 1148 ipsius
1173 1078 1238 1134 bani
1256 1080 1347 1136 luerat
1363 1079 1410 1136 de·

170 1167 276 1234 voluta,
295 1181 329 1220 eo
347 1163 423 1236 quod
441 1163 515 1219 idem
534 1163 667 1218 Gurbusa
684 1163 775 1235 culpis
789 1164 846 1220 suis
859 1163 1034 1236 exigentibus
1046 1165 1135 1222 linivit
1146 1166 1175 1221 in
1188 1166 1314 1239 patibulo
1326 1168 1410 1224 vitam

165 1271 254 1322 snam,
273 1253 438 1310 contulisset
455 1251 553 1308 Sceme
571 1251 629 1308 iilic
650 1251 780 1308 Pouchae
808 1251 936 1307 servienti
962 1269 1015 1308 suo
1041 1269 1092 1324 pro
1119 1253 1177 1308 suis
1204 1254 1330 1324 servitiis,
1357 1255 1410 1312 hac

165 1342 325 1398 conditione
343 1344 375 1395 ut
393 1338 467 1396 idem
485 1337 583 1396 Sceme
602 1339 645 1394 vel
663 1339 762 1394 iratres
781 1339 824 1394 sui
842 1343 892 1394 aut
908 1337 1050 1402 haeredes,
1066 1339 1200 1410 quamdiu
1218 1341 1258 1396 eis
1276 1340 1410 1413 placuerit

165 1430 258 1502 ipsam
277 1435 378 1484 terrem
396 1426 530 1483 tenebunt
547 1425 669 1498 pacifice,
688 1427 712 1481 si
729 1443 795 1484 vero
814 1426 872 1482 sine
890 1425 983 1482 liberis
1001 1425 1171 1483 decesserint
1187 1427 1263 1484 dicta
1285 1433 1359 1484 torro
1373 1429 1409 1486 ad

168 1517 345 1590 Stephanum
363 1515 467 1570 hanam
485 1515 528 1570 vel
547 1513 583 1570 ad
601 1515 662 1569 eius
679 1513 814 1570 haeredes
833 1513 891 1570 sine
910 1513 967 1570 nlla
985 1513 1147 1570 difficultate
1165 1513 1333 1584 devolvetur,
1346 1534 1409 1572 ven·

166 1605 234 1662 dore
264 1619 326 1658 eam
345 1600 404 1658 sine
422 1603 493 1658 scitu
515 1601 580 1658 bani
598 1619 655 1658 uon
674 1602 789 1674 possint,
813 1617 865 1657 nec
888 1600 993 1658 donare
1016 1618 1066 1658 seu
1089 1602 1190 1674 legare.
1214 1603 1292 1659 Meta
1315 1609 1409 1660 autem

164 1699 255 1748 terrae
273 1691 370 1762 incipit
387 1708 405 1745 a
422 1689 506 1745 fluvio
525 1688 619 1745 Drava
637 1694 664 1744 et
681 1689 759 1745 vadit
776 1705 826 1761 per
844 1688 934 1744 varias
951 1694 1041 1746 metas
1059 1688 1190 1744 arboreas
1207 1688 1243 1746 ad
1262 1691 1343 1759 dam,
1361 1689 1408 1748 de-

163 1777 232 1835 inde
249 1777 286 1834 ad
305 1777 402 1834 silvam
420 1783 448 1834 et
465 1775 501 1834 ad
519 1777 635 1832 fluvium
662 1777 779 1834 Plitiche
804 1776 941 1846 (Plitvioa)
959 1781 987 1832 et
1004 1793 1054 1848 per
1071 1793 1136 1832 snm
1153 1776 1189 1832 ad
1208 1783 1296 1834 metae
1320 1783 1409 1834 terrae

164 1867 248 1938 Opoy
266 1865 383 1934 comitis,
403 1864 451 1920 ubi
472 1865 634 1920 terminatur
640 1883 648 1932 ;
666 1881 751 1935 quam
769 1864 949 1921 donationem
974 1864 1077 1920 iactam
1102 1863 1217 1920 &emas
1239 1881 1289 1922 rex
1310 1866 1409 1922 confir·

164 1955 259 2010 mavit.
278 1953 382 2008 Datum
403 1969 452 2024 per
470 1969 569 2008 manus
588 1951 735 2022 Smaragdi
753 1951 875 2010 albensis
894 1953 1054 2024 praepositi,
1078 1951 1160 2008 aulae
1184 1953 1409 2022 vicecancellarii,

164 2042 245 2098 electi
260 2040 423 2097 colocensis.

219 2129 265 2183 Ea
282 2129 395 2186 oratioe
413 2129 545 2186 comacli
563 2129 694 2186 naneae
706 2128 838 2190 ‚Wenaclr
858 2127 924 2185 Ood.
943 2125 1012 2198 dipl.
1031 2127 1140 2198 Arpud.
1163 2127 1227 2184 VII.
1244 2144 1274 2200 p.
1294 2132 1355 2186 484.

218 2269 405 2328 DCGLXIV.
431 2271 603 2341 Zaursbiae.
629 2275 705 2326 1258.
729 2270 890 2341 Stephanus
911 2269 1001 2326 banus
1018 2269 1105 2325 totius
1123 2267 1272 2326 Slavoniae
1289 2275 1318 2327 et
1334 2273 1408 2343 oapi·

167 2365 267 2414 teneus
285 2357 394 2430 Styriae
413 2359 558 2429 significat,
577 2357 653 2430 quod
672 2375 736 2414 cum
760 2359 831 2412 inter
855 2357 967 2412 fratrem
990 2356 1144 2414 «Iordanem
1168 2357 1314 2415 domorum
1338 2359 1411 2414 Mili·

164 2447 220 2501 tiae
238 2447 347 2518 Templi
365 2463 414 2518 per
432 2445 584 2518 Ungariam
602 2452 630 2501 et
648 2445 807 2502 Slavoniam
829 2445 993 2516 magistrum
1019 2462 1054 2501 ex
1079 2463 1136 2500 una
1160 2451 1246 2518 parte,
1271 2453 1299 2502 et
1317 2447 1410 2516 Wolh,

166 2533 270 2604 Koyan
284 2533 371 2588 filium
384 2533 506 2601 Zibislai,
517 2533 682 2604 Gregorium
690 2533 813 2601 Abrank,
824 2533 938 2588 Mortuo
948 2533 1035 2588 lilium
1042 2533 1183 2602 Weleulai,
1192 2533 1311 2590 etWolk
1323 2534 1410 2590 iillum

165 2621 311 2688 Budimiri,
330 2619 457 2689 Saulem,
475 2620 657 2676 Velimerium
675 2627 703 2676 et
722 2619 881 2677 Wollrutum
899 2620 972 2676 filios
993 2617 1148 2676 Ohudunlai
1166 2637 1201 2674 ex
1219 2621 1313 2689 altera,
1327 2638 1410 2694 super

164 2715 237 2764 terra
261 2725 334 2779 quae
354 2709 429 2780 jacet
453 2709 525 2764 ultra
544 2711 671 2781 cuppam
695 2713 723 2764 et
747 2713 826 2764 extra
849 2709 940 2779 ipsam
964 2723 1068 2778 aquam
1093 2707 1190 2778 Oupoe
1212 2725 1230 2764 a
1254 2713 1332 2780 parte
1357 2709 1410 2764 Za·

164 2796 286 2868 grahiae,
305 2795 359 2851 suh
377 2796 430 2852 illis
452 2797 533 2852 metis
551 2813 623 2867 quae
641 2797 669 2851 iu
688 2796 785 2851 litteris
809 2795 923 2866 capituli
948 2795 1143 2868 Zagrahiensls
1167 2795 1283 2866 ejusque
1308 2797 1409 2868 sigillo,

164 2889 194 2940 et
212 2883 304 2955 sigillo
323 2883 461 2940 (luidonis
479 2884 588 2940 abbatis
608 2883 750 2955 quondam
768 2883 803 2938 de
821 2883 937 2955 Toplica
962 2899 1013 2939 nec
1037 2899 1094 2938 non
1118 2883 1209 2953 sigillo
1228 2883 1341 2940 Nemeri
1365 2901 1410 2940 co·

166 2971 242 3026 mitis
260 2970 403 3042 quondam
420 2971 616 3042 Zagrabiensis
635 2971 762 3042 sigillatis
782 2971 890 3042 plenius
909 2971 1092 3038 contuentur,
1106 2975 1134 3025 et
1146 2970 1229 3026 etiam
1242 2987 1326 3042 super
1338 2976 1411 3027 terra

166 3059 259 3126 Noai,
278 3061 405 3130 quaestio
424 3060 523 3115 luisset
541 3059 645 3115 diutius
667 3059 817 3126 ventillata,
842 3057 955 3114 tandem
974 3057 1057 3114 Wollr
1076 3062 1104 3114 et
1121 3058 1223 3113 caeteri
1248 3059 1410 3130 praenotati,

166 3153 368 3216 cognoscentes
386 3163 416 3202 se
434 3153 531 3202 contra
550 3147 718 3218 Magistrum
730 3153 758 3202 et
771 3147 886 3200 domum
907 3145 1015 3217 Templi
1033 3145 1164 3201 iniustam
1182 3146 1302 3202 movisse
1320 3147 1410 3220 suspi-

164 3234 271 3291 tionem
289 3233 377 3290 dictas
395 3239 482 3290 terras
500 3235 595 3289 domui
613 3235 723 3306 Templi
741 3234 914 3303 reliquerunt
931 3237 1066 3305 perpetuo
1086 3231 1277 3304 possidendas.

218 3322 263 3376 Ea
280 3321 392 3378 archivo
410 3323 542 3378 camerali
559 3322 690 3378 Badensi.
715 3322 831 3376 Wemel:
852 3321 917 3377 (lod.
936 3321 1006 3390 dipl.
1025 3321 1134 3390 Arpad.
1153 3324 1330 3391 X1.p.452.

219 3463 387 3520 DCCLXV.
416 3466 491 3519 1258.
520 3463 681 3534 Capitulum
705 3463 837 3518 ecclesiae
859 3462 1054 3534 Zograbiensis
1085 3462 1222 3531 notificat,
1251 3461 1327 3533 quod
1351 3461 1411 3518 Ste-

166 3553 277 3626 phanus
296 3551 385 3607 banus
403 3553 489 3608 totius
508 3551 655 3607 Slavoniae
674 3557 702 3607 et
719 3551 882 3622 capitaneus
906 3550 1014 3622 Styriae
1032 3550 1125 3606 missis
1144 3551 1203 3606 suis
1220 3550 1319 3606 litteris
1332 3551 1412 3622 petiit

166 3647 198 3696 ut
223 3641 301 3694 iuxta
325 3646 449 3696 tenorem
474 3655 587 3694 suarum
610 3638 763 3694 litterarum
791 3637 932 3694 stabilium
956 3637 1104 3694 Branichio
1128 3638 1186 3694 filio
1211 3637 1278 3695 Selk
1302 3643 1330 3693 et
1353 3638 1411 3692 suis

166 3727 298 3784 iratribus
316 3743 510 3783 concessarum
529 3742 613 3797 super
630 3725 712 3781 certis
731 3742 828 3781 eorum
846 3727 925 3781 terris
939 3726 1052 3782 stabiles
1069 3726 1208 3782 conferret
1220 3726 1332 3796 litteras,
1347 3725 1411 3782 huic

166 3815 293 3888 petitioni
311 3815 465 3888 capitulum
482 3814 581 3870 annuit
598 3819 626 3870 et
643 3813 749 3868 litteras
767 3813 948 3870 confirmavit.

224 3920 330 3976 Weaael
340 3939 346 3974 :
367 3921 433 3976 Ood.
451 3920 521 3990 dipl.
540 3919 650 3990 Arpcd.
669 3924 741 3976 cont.
759 3921 810 3976 XI.
827 3936 856 3990 p.
876 3923 937 3976 454.

218 4078 400 4135 DGGLXVI.
432 4079 591 4152 Stephanus
619 4079 709 4134 banus
734 4080 820 4136 totius
845 4077 992 4134 Slavcniae
1016 4082 1044 4133 ot
1069 4075 1231 4148 capitaneus
1256 4074 1347 4146 Styris
1372 4075 1409 4130 si·

165 4169 287 4239 gnificat,
306 4167 382 4240 quod
402 4184 466 4223 cum
486 4168 555 4224 Bela
572 4184 621 4224 rex
638 4173 726 4224 terras
738 4167 821 4224 castri
839 4183 857 4222 a
874 4171 999 4236 tempore
1012 4164 1158 4220 Colomani
1174 4163 1247 4234 regis
1265 4166 1304 4232 (et
1321 4161 1411 4230 ducis)

164 4257 309 4324 alienatas,
328 4254 466 4312 vindicare
484 4273 533 4326 per
551 4260 638 4311 totam
658 4255 818 4310 Slavoniem
835 4255 1011 4326 precepisset,
1027 4250 1140 4308 tandem
1158 4251 1282 4323 pervenit
1300 4250 1336 4305 ad
1356 4251 1412 4306 Za·

166 4345 273 4416 goriam
292 4343 374 4398 stibi
392 4343 495 4414 incepit
512 4342 652 4398 vindicare
670 4349 767 4397 castra
790 4341 914 4397 Andreas
933 4341 1017 4410 igitur
1035 4356 1128 4396 comcs
1146 4337 1363 4394 Vorosdinonsis
1383 4343 1411 4392 ct

167 4448 263 4488 secum
282 4447 378 4486 omnes
404 4430 572 4502 jobagioues
594 4430 677 4486 castri
701 4429 736 4484 de
761 4430 886 4498 Zagoria,
912 4428 1016 4484 scilicet
1040 4427 1172 4483 Salomon
1191 4425 1336 4497 Volpoth,·
1350 4423 1411 4481 Ste-

167 4520 278 4592 phanus
297 4517 430 4590 Volpoth,
449 4517 593 4572 Johannee
612 4518 686 4572 filins
707 4517 852 4584 Johennis,
880 4517 979 4572 Petrus
1004 4515 1078 4570 lilius
1096 4514 1240 4586 Voychen,
1264 4511 1411 4568 Ladislaus

168 4608 242 4662 filius
260 4607 387 4674 Vrnzlav,
407 4607 521 4662 Mortuo
541 4605 614 4660 lilius
632 4605 748 4674 Jordan,
770 4603 900 4660 Bcucduo
919 4602 1054 4674 Volpoth,
1072 4601 1150 4656 Benlr
1169 4601 1243 4656 lilius
1262 4599 1411 4669 Benedicti,

169 4695 269 4752 Petrus
289 4694 363 4750 lilius
381 4692 514 4763 Turdina,
535 4693 702 4748 Laurentius
728 4692 801 4748 filius
826 4691 944 4761 Nezhor,
964 4690 1033 4748 Iven
1052 4689 1125 4745 illius
1143 4689 1235 4746 lrualo
1254 4687 1412 4760 (Jaroslav),
