3480 5356
327 425 391 492 336
825 451 845 492 1.
866 438 1063 512 aurumne,

325 614 427 672 saetam
445 614 583 686 simulque
603 613 871 685 archipresbyterum
896 619 924 670 et
947 615 1081 687 primores
1107 614 1173 670 cleri
1198 619 1227 670 et
1252 613 1349 686 oppidi
1375 613 1565 672 Sthenioenais

326 701 501 758 anathemate
519 702 646 774 percutit.
1273 713 1274 718 ¹

380 789 508 846 Fariatr‘:
526 790 609 860 illyr.
626 805 697 846 socr.
718 790 747 845 T.
766 790 818 844 IV.
828 805 859 858 p.
879 793 939 846 288.

381 911 583 968 MOXXXIII.
605 913 740 970 saonae
765 915 841 967 1274.
863 915 906 968 12.
924 909 1006 968 Jatti.
1030 912 1181 968 Gervasius
1204 911 1413 969 archidiaconus
1436 911 1566 984 Traguri-

331 1001 404 1055 ensis
430 1005 593 1072 procurator
620 1006 648 1055 et
673 1000 788 1055 nuntius
814 1000 938 1072 episcopi
964 1000 1156 1070 Tragurienais
1183 999 1350 1057 columbani
1375 1005 1474 1056 notum
1499 1001 1568 1056 iacit

327 1103 421 1144 coram
447 1087 483 1141 Y.
512 1087 643 1159 episcopo
669 1085 822 1143 Ticiniensi
849 1093 877 1142 et
902 1085 976 1142 bano
1002 1087 1154 1155 maritimo,
1181 1085 1256 1158 quod
1283 1104 1345 1144 cum
1373 1085 1567 1144 Sibenioenses

328 1174 402 1231 dieto
432 1175 565 1246 episcopo
594 1173 771 1244 Traguriensi
801 1193 818 1230 a
846 1179 970 1246 tempore
997 1175 1076 1229 cuins
1106 1191 1162 1231 non
1193 1179 1268 1230 extet
1294 1175 1427 1232 memoria
1452 1173 1567 1232 fuerunt

328 1263 390 1332 lege
409 1261 556 1320 diocesena
580 1261 704 1330 subiecti,
730 1279 804 1318 nuno
831 1267 924 1318 antem
951 1263 1013 1316 eius
1038 1261 1150 1317 monitis
1176 1259 1366 1318 inobedienter
1393 1263 1514 1319 existant
1539 1267 1569 1319 et

331 1351 392 1404 itera
410 1347 578 1420 episcopalia
597 1355 786 1417 contemnunt,
805 1355 833 1405 et
850 1347 925 1420 quod
946 1347 1068 1405 deterius
1086 1355 1136 1417 est,
1154 1349 1283 1406 clericum
1307 1349 1424 1406 missum
1447 1347 1483 1406 ad
1502 1351 1568 1422 jura

329 1433 466 1509 exigenda
484 1437 694 1506 verberaverint,
712 1441 740 1493 et
757 1437 840 1493 rebus
861 1437 981 1508 propriis
1004 1437 1211 1510 expoliaverint,
1231 1455 1280 1509 per
1297 1437 1365 1494 haec
1383 1437 1478 1493 omnia
1495 1435 1566 1504 Sita-

329 1527 468 1596 nimirum)
489 1525 764 1598 archipresbyterum,
786 1525 951 1594 Volsonem,
975 1525 1131 1593 Diniaoum,
1155 1525 1320 1580 anorinum
1337 1529 1366 1582 at
1383 1523 1567 1581 Radovanurn

331 1613 496 1680 secerdotes,
515 1613 681 1669 Michaeleru
702 1613 850 1669 diaconum
873 1619 901 1670 et
923 1614 1021 1670 Ditum
1047 1611 1249 1670 subdiaconum
1275 1611 1492 1670 Sibenicsmsem
1517 1630 1567 1669 no·

331 1702 404 1757 mine
432 1701 556 1774 episcopi
579 1701 807 1757 excommunicat.
826 1699 933 1757 Verum
960 1703 1026 1772 quia
1054 1698 1387 1758 iudices-Sibeuioensea:
1405 1697 1566 1772 Dobrogna,

329 1789 424 1844 Ivanoi
442 1789 516 1844 iilius
533 1789 655 1858 Martini,
673 1788 806 1844 Stoicum
819 1789 981 1845 Breetoreni
994 1794 1022 1846 et
1034 1790 1195 1846 consiliarii:
1213 1807 1258 1846 ser
1275 1791 1461 1860 Dragovanua
1477 1787 1565 1856 Baria,

331 1877 415 1932 irater
442 1875 589 1948 Volcente,
617 1875 693 1932 Ebas
719 1875 873 1940 Badoveni,
900 1878 1036 1947 Georgius
1063 1877 1217 1950 Dragoaey,
1243 1877 1321 1932 Fello
1347 1875 1458 1932 Nicolai
1474 1881 1503 1931 et
1519 1875 1567 1930 alii

331 1963 406 2020 dicto
433 1963 564 2036 episcopo
591 1961 713 2019 decimes
739 1961 805 2019 dare
832 1963 977 2034 denegant,
1001 1963 1104 2020 idcirco
1127 1981 1175 2020 eos
1199 1979 1310 2035 quoque
1337 1964 1566 2020 &communicat

332 2052 528 2108 Praesentibus
548 2051 631 2106 iratro
659 2049 790 2118 Martino,
816 2049 899 2106 fratre
922 2049 1031 2107 Joenne
1057 2050 1092 2107 de
1119 2051 1216 2106 ordine
1233 2050 1468 2120 Preedioatorum,
1491 2049 1575 2104 fratre

332 2138 473 2194 Zubriano
491 2145 519 2196 et
536 2137 620 2193 fratre
646 2137 757 2193 Joanue
774 2137 810 2194 de
829 2137 925 2194 ordine
948 2138 1095 2206 minorum,
1119 2137 1197 2194 Luce
1221 2137 1364 2194 sacerdote
1388 2143 1417 2194 et
1439 2138 1575 2193 canonico

333 2227 500 2296 spalatensi,
519 2227 628 2283 Joanne
648 2223 705 2280 filio
732 2223 840 2282 comitis
860 2225 960 2282 Jacobi
977 2225 1013 2280 de
1032 2225 1171 2294 Breberio,
1196 2226 1286 2282 Solisa
1309 2225 1367 2280 filio
1390 2225 1491 2297 jupani
1515 2225 1575 2280 hia·

333 2311 426 2369 ladenl
443 2311 479 2370 de
492 2354 620 2373 .......
640 2313 799 2370 Privoslavo
827 2313 954 2369 Dobrolli
972 2311 1007 2368 de
1026 2312 1150 2383 Spulato,
1174 2313 1267 2368 Dosse
1290 2313 1435 2382 Amblasii,
1462 2311 1576 2369 Simone

334 2401 442 2458 comitis
461 2401 562 2456 Marini
580 2399 698 2456 testibus
716 2407 744 2456 et
762 2399 865 2456 Dnimo
884 2399 1019 2457 Domiche
1037 2401 1233 2456 examinatore.

391 2487 521 2546 barbati:
540 2487 620 2560 illyr.
638 2503 710 2543 sacr.
731 2485 759 2544 Τ.
780 2485 829 2543 IV.
844 2504 875 2556 p.
894 2492 955 2542 354.

389 2611 588 2668 ΜῦΧΧΧΝ.
605 2611 715 2668 Budas.
740 2612 1035 2680 1274.10.Aapartt.
1060 2611 1208 2667 Ladlslaur
1233 2611 1285 2668 IV.
1310 2629 1359 2668 rex
1384 2613 1479 2669 scribit
1500 2629 1575 2670 com·

338 2701 467 2756 muniteti
496 2699 662 2771 Spaletensi,
680 2697 756 2769 quod
773 2697 938 2753 intellexerit
959 2697 1100 2769 quomodo
1117 2699 1156 2754 illi
1174 2699 1278 2756 iudices
1297 2705 1443 2757 emansor
1461 2701 1497 2756 de
1514 2702 1577 2758 aliis

334 2791 426 2860 regnis
449 2788 793 2859 recipera'conserverunt,
811 2785 887 2856 qnod
911 2802 967 2840 non
985 2793 1029 2841 sat
1053 2785 1194 2842 fidelitatis
1221 2787 1362 2844 indicium.
1387 2787 1470 2846 Cives
1493 2790 1577 2844 etiarn

242 2905 251 2916 =
334 2877 532 2948 Traguriensee
551 2874 721 2946 perturbant,
740 2879 768 2929 et
785 2873 922 2944 quosdam
947 2872 1042 2930 fidelos
1067 2875 1125 2944 regi
1144 2891 1178 2930 ex
1197 2891 1247 2930 sua
1272 2877 1470 2932 communitate
1488 2893 1575 2948 expu-

336 2966 434 3032 lerunt,
454 2979 539 3034 quare
557 2962 598 3018 aia
617 2962 729 3016 firmiter
753 2959 999 3025 mandatricem
1021 2963 1176 3016 naturalem
1200 2962 1344 3018 dominnm
1362 2961 1441 3035 regni
1458 2961 1577 3034 Hunga-

338 3055 394 3108 riae
412 3057 441 3108 et
459 3050 588 3107 Oroatiae
606 3055 787 3120 cognossent,
805 3055 907 3104 extunc
929 3047 1033 3104 iudices
1052 3054 1199 3104 maneos
1217 3050 1359 3121 expellant
1382 3056 1410 3106 et
1431 3049 1467 3107 de
1490 3065 1578 3122 reguo

336 3141 396 3195 eius
415 3139 468 3194 sihi
485 3137 581 3194 fidelos
599 3154 650 3210 pro
668 3143 806 3208 potestate
824 3143 967 3192 maumam
984 3153 1017 3192 ac
1035 3138 1110 3193 cives
1128 3137 1243 3208 Tragnr.
1262 3153 1318 3194 nou
1336 3138 1509 3210 perturbent,
1531 3153 1579 3194 ex·

338 3227 436 3300 pulsos
454 3241 519 3281 vero
536 3226 612 3280 cives
639 3223 780 3292 reducant,
802 3229 831 3280 et
852 3224 926 3279 bone
950 3225 990 3280 eis
1011 3224 1137 3291 reddam,
1161 3241 1196 3280 ex
1219 3227 1277 3281 suia
1300 3233 1394 3281 autmn
1417 3225 1579 3282 melioribus

337 3313 452 3380 civibus,
473 3313 496 3368 si
515 3313 540 3368 ei
558 3312 654 3368 fideles
673 3327 734 3368 esse
753 3312 857 3380 volunt,
877 3329 965 3382 usque
987 3313 1089 3368 festum
1107 3329 1130 3369 s.
1141 3313 1286 3368 Michaelis
1304 3313 1340 3368 ad
1358 3327 1422 3370 eum
1439 3313 1578 3368 munemit-

339 3407 400 3458 tant
416 3407 449 3456 ut
466 3401 526 3472 ipse
544 3391 601 3454 una
619 3416 682 3455 oum
700 3399 754 3454 illis
772 3399 807 3454 de
825 3399 899 3456 bono
919 3405 993 3456 stetu
1010 3401 1088 3471 regni
1107 3399 1236 3457 Oroatiae
1253 3401 1370 3458 ordinet.

390 3489 510 3544 Imauus:
528 3488 608 3542 Mem.
627 3487 658 3542 di
678 3489 755 3542 lica
770 3505 800 3557 p.
818 3477 867 3542 93.1

393 3629 574 3685 MOXXXV.
593 3630 860 3686 Budae.127l.13.
879 3631 1009 3702 Asparii.
1033 3630 1182 3686 Ladialans
1203 3629 1255 3686 1v.
1273 3647 1322 3686 rex
1341 3629 1435 3686 scribit
1457 3645 1580 3686 commu·

339 3719 419 3774 nitati
445 3717 630 3787 traguriensi,
658 3733 729 3786 quae
756 3717 808 3771 sibi
835 3734 943 3788 semper
969 3717 1109 3774 fidelitatis
1132 3733 1216 3790 opera
1238 3717 1401 3784 exhibuerit,
1428 3715 1504 3788 quod
1531 3731 1580 3771 eoa

341 3806 418 3875 regio
437 3821 500 3860 cum
518 3803 613 3860 favore
631 3804 815 3874 prosequitur.
835 3803 890 3860 Sed
909 3805 975 3875 quia
993 3811 1106 3876 propter
1123 3819 1283 3875 gverraxum
1300 3804 1459 3860 discrimim
1470 3803 1506 3859 ad
1517 3803 1580 3858 illas

341 3897 435 3964 portes
452 3890 583 3948 accedere
600 3891 724 3961 nequivit
742 3908 830 3961 usque
855 3891 946 3959 modo,
972 3894 1119 3948 annuntiat
1144 3893 1207 3960 illis,
1234 3891 1309 3963 quod
1336 3893 1365 3947 in
1395 3891 1470 3948 brevi
1495 3891 1581 3947 talem

341 3981 482 4036 hominem
499 3977 535 4034 ed
553 3995 602 4034 eos
619 3977 777 4048 destinabit,
801 3980 850 4050 qui
871 3996 919 4035 eos
937 3985 994 4035 tam
1010 3997 1030 4036 a
1047 3971 1143 4048 Paulo,
1163 3981 1211 4050 qui
1229 3980 1316 4036 vicem
1340 3981 1412 4049 gerit
1434 3995 1485 4054 pro
1507 3978 1580 4034 bano

341 4069 488 4136 maritimo,
508 4083 592 4138 quam
610 4084 627 4122 a
644 4065 751 4122 civibus
779 4067 990 4138 spalatensibus
1008 4073 1036 4124 et
1054 4067 1188 4137 Sibeuigh
1205 4083 1239 4124 ao
1257 4067 1318 4124 aliis
1343 4067 1473 4123 omnibns
1496 4067 1581 4122 mole·

342 4157 480 4211 stantibus
498 4155 661 4210 defensabit

394 4244 513 4300 Iaera:
532 4245 613 4298 Mem.
631 4243 663 4298 dr¹
683 4244 768 4312 Trou,
785 4259 812 4311 p.
834 4246 875 4297 92.

395 4384 591 4443 MOXXXVI.
609 4385 719 4442 Budas.
738 4388 818 4438 1274.
843 4390 886 4440 13.
905 4386 1032 4455 Aopasti.
1056 4383 1203 4440 Ladislaus
1224 4383 1276 4442 IV.
1299 4401 1348 4440 rex
1372 4381 1467 4440 scribit
1489 4382 1577 4440 Panlo

344 4473 425 4541 buno,
445 4471 521 4544 quod
539 4473 723 4528 communitas
747 4473 938 4541 Tragurieusis
959 4479 1113 4543 conquesta
1131 4473 1174 4539 sit,
1192 4472 1268 4543 quod
1292 4473 1370 4544 ipsos
1393 4489 1450 4528 non
1474 4469 1582 4527 desistit

345 4562 492 4618 molestare
506 4560 626 4632 petendo
643 4560 680 4615 ab
699 4561 738 4616 eis
757 4559 868 4616 obsides
888 4568 915 4617 et
933 4561 1059 4616 faciendo
1072 4559 1222 4616 descensus
1236 4575 1319 4632 super
1331 4561 1411 4616 terris
1423 4559 1581 4626 eorundem,

345 4656 372 4702 et
390 4649 569 4718 qurumplures
591 4648 659 4704 alias
686 4648 799 4702 iniurias
822 4647 977 4718 irrogando.
1003 4648 1120 4704 Mandat
1147 4666 1213 4717 ergo
1240 4651 1265 4704 ei
1291 4655 1429 4720 quatemm
1456 4665 1474 4702 a
1499 4647 1582 4703 mole·

346 4737 511 4791 stationibus
539 4737 661 4800 desistet,
687 4753 741 4788 non
766 4736 949 4803 permittendo
968 4754 1016 4790 eos
1036 4753 1087 4792 nec
1105 4753 1154 4807 per
1171 4738 1269 4792 iratres
1288 4753 1355 4792 suos
1372 4749 1424 4792 neo
1444 4751 1492 4806 per
1509 4736 1583 4790 cives
