3464 5382
685 387 829 430 euenere.
1335 367 1376 430 97
1407 443 1412 454 ι

138 551 213 621 quod
232 567 379 622 personam
397 557 424 606 et
441 557 542 606 terram
559 550 632 605 illius
650 566 714 604 cum
732 550 860 604 omnibus
881 550 968 617 bonis,
987 567 1059 620 quae
1078 552 1209 621 possidet,
1229 552 1283 606 sub
1303 552 1379 606 besti

139 638 214 694 Petri
232 639 431 708 protectionem
449 638 630 708 assumpserit
649 643 677 693 et
694 637 817 692 districte
834 638 990 704 inhibuerit,
1009 656 1044 693 ne
1063 639 1125 708 quis
1143 641 1218 694 illam
1236 641 1264 694 in
1283 640 1338 696 fide
1351 646 1378 695 et

139 723 286 779 devotione
303 741 433 780 romanae
451 725 583 780 ecclesiae
601 725 794 796 persistentem
811 726 840 778 in
858 725 1032 796 supradictis,
1051 731 1170 781 terrast
1193 727 1281 794 bonis,
1302 744 1379 798 prae·

141 815 234 866 sumat
251 817 354 867 temere
372 812 525 878 molestare,
544 812 604 866 iure
621 813 695 882 regis
714 811 854 880 Ungariae
872 829 981 883 semper
999 813 1084 866 sslvo.

194 899 323 952 Uestam
342 901 414 954 Mon.
436 901 528 968 Hesp.
548 899 571 953 I.
587 916 617 968 p.
636 903 696 952 147.
722 900 826 953 Wmel
844 900 901 954 cod.
920 899 1021 968 arpad.
1041 901 1080 952 ΙΙ.
1099 903 1141 953 49.

192 1037 392 1093 cccxxxix.
410 1039 444 1092 ln
462 1037 588 1094 eeclesia
604 1040 636 1094 B.
654 1038 817 1104 Adslberti,
837 1040 881 1090 29.
898 1037 1020 1107 Augusti
1037 1042 1113 1094 1236.
1141 1039 1279 1094 Robertus
1297 1041 1382 1094 archi·

140 1123 287 1194 episcopus
306 1123 494 1192 strigoniensis
516 1124 560 1178 ius
582 1129 745 1194 patronatus
763 1123 894 1178 eeclesiae
913 1122 941 1177 S.
960 1123 1075 1178 Gersrdi
1104 1125 1141 1180 Μ.
1160 1126 1188 1179 in
1213 1143 1298 1196 parvo
1317 1128 1383 1180 Pest-

140 1225 190 1264 seu
210 1209 364 1279 Creynleld,
384 1226 401 1264 a
418 1210 486 1264 Bela
503 1227 568 1280 rege
586 1211 723 1265 Abbatiae
741 1211 772 1266 B.
792 1211 831 1264 M.
849 1210 885 1264 V.
908 1211 993 1266 Belae
1017 1212 1100 1266 lentie
1123 1213 1151 1266 in
1179 1211 1281 1268 diocesi
1301 1213 1382 1268 Oolo

140 1297 217 1352 censi
234 1295 270 1350 de
287 1313 360 1352 novo
379 1313 430 1366 pro
448 1298 572 1352 monacis
591 1297 648 1352 Ord
676 1296 865 1352 Cisterciensis
883 1304 1032 1364 extructae,
1051 1300 1195 1354 confirmat

191 1383 289 1451 Fejer:
311 1383 375 1438 Ood.
394 1383 471 1453 Dtpt
490 1387 583 1454 Hunc.
604 1383 633 1438 T.
652 1387 671 1436 Ι
674 1384 702 1437 V.
720 1385 773 1440 vol.
792 1385 827 1453 1.,
843 1401 873 1454 p.
894 1389 937 1438 60.

193 1525 319 1582 GGGXL.
350 1523 484 1594 viterbii,
509 1526 553 1576 22.
583 1521 743 1578 Novembris
761 1526 839 1578 1236.
869 1523 1021 1593 Gregorius
1044 1540 1116 1594 papa
1138 1524 1276 1595 improbat
1297 1525 1382 1580 archi-

140 1609 273 1680 episcopo
287 1607 419 1677 jadrensi,
439 1611 515 1680 quod
533 1627 597 1665 cum
615 1610 728 1680 quidam
747 1627 781 1664 ex
800 1610 931 1665 iratribus
950 1609 1008 1664 ord.
1028 1611 1165 1664 minorum
1183 1611 1218 1664 ad
1243 1612 1382 1666 civitatem

139 1695 313 1762 Jadrensem,
332 1697 485 1751 haereticae
495 1697 637 1766 pravitatis
647 1697 777 1752 infectam
786 1698 909 1763 maculis,
928 1713 1083 1768 propagare
1095 1695 1178 1752 fidem
1188 1700 1382 1753 accessissent:

140 1799 196 1850 soe,
208 1783 340 1838 laicorum
354 1783 529 1838 multitudine
541 1783 643 1838 ilanter
655 1782 823 1851 admittente,
837 1784 1305 1855 contumeliarumaculeieipsorum
1320 1801 1382 1855 pec-

140 1875 201 1924 tora
209 1871 359 1940 pupugerit
370 1871 525 1941 etipsorum
532 1870 621 1925 ordini
633 1871 752 1939 graviter
763 1869 907 1924 detrahere
914 1871 1136 1942 praesumpserit,
1144 1871 1242 1924 innuas
1250 1871 1381 1925 ecclesiae

140 1955 232 2010 claudi
250 1955 352 2022 fecerit,
371 1973 407 2011 ne
425 1955 460 2011 ad
480 1956 710 2027 praedicationem
730 1957 846 2010 ministri
864 1957 1040 2027 provincialis
1063 1957 1186 2012 eiusdem
1211 1956 1314 2011 ordinis
1334 1975 1382 2028 po-

139 2043 224 2112 pulus
243 2043 408 2097 conveniret
436 2044 584 2098 Praeterea
601 2059 664 2098 eum
681 2044 710 2096 in
729 2043 854 2113 partibus
878 2043 931 2098 illis
956 2060 1062 2113 paucae
1084 2043 1127 2098 vel
1152 2045 1244 2098 nullae
1268 2059 1381 2112 congre·

139 2131 269 2199 gationes
284 2130 411 2196 existant,
430 2131 458 2184 in
477 2130 578 2200 quibus
596 2129 742 2200 disciplina
766 2129 858 2198 vigeat
875 2130 1016 2198 regularis,
1041 2131 1069 2184 in
1094 2129 1230 2199 quasdam
1253 2131 1381 2185 mulieres

139 2216 207 2272 inibi
225 2217 390 2272 constitutos
408 2233 458 2288 pro
477 2233 519 2284 eo,
539 2215 613 2287 quod
632 2217 794 2286 capillorum
818 2217 941 2271 abscissa
969 2217 1089 2271 caesarie
1114 2233 1146 2270 ac
1168 2216 1263 2270 relicto
1288 2233 1382 2270 saecu-

139 2303 189 2358 lari
208 2303 306 2357 habitu
324 2303 456 2372 elegerint
473 2321 525 2358 sua
544 2304 657 2358 crimina
674 2303 702 2356 iu
721 2301 848 2357 domibus
868 2303 986 2372 propriis
1004 2302 1159 2373 deplorare,
1183 2303 1211 2357 in
1230 2303 1380 2357 eorundem

140 2390 257 2444 fratrum
274 2390 463 2461 opprobrium,
482 2407 601 2460 quorum
613 2389 832 2444 exortationibus
847 2389 985 2455 anhelant,
998 2389 1261 2444 excomunicationis
1274 2395 1382 2444 senten·

140 2477 208 2530 tiam
227 2477 450 2547 promulgaverit,
469 2476 562 2530 divina
579 2477 743 2531 auctoritate
762 2477 941 2546 praecipiens,
961 2483 991 2530 ut
1007 2493 1071 2530 cum
1083 2477 1227 2546 apostolus
1238 2482 1382 2530 tonsuram

140 2563 286 2634 prohibeat
303 2565 457 2629 mulierum,
476 2562 552 2634 quod
569 2563 678 2617 illarum
697 2563 790 2632 ahqua
809 2563 869 2616 sive
893 2563 921 2615 in
946 2560 1029 2617 domo
1054 2564 1166 2633 propria
1190 2569 1381 2628 commoretur,

139 2650 183 2703 vel
201 2649 341 2719 religionis
360 2649 396 2703 eit
412 2649 538 2704 habitum
563 2655 734 2720 susceptura,
760 2655 904 2703 tonsuram
922 2648 1068 2719 prohibeat
1087 2650 1242 2704 mulierum.
1267 2648 1384 2704 Mandat

139 2735 223 2805 igitur
241 2737 275 2803 ei,
293 2742 323 2790 ut
341 2753 392 2790 sus
410 2736 483 2790 sacta
502 2735 629 2790 emendet
646 2741 674 2789 et
687 2751 703 2789 a
715 2734 907 2790 molestatione
920 2735 1055 2790 dictarum
1068 2737 1214 2791 mulierum
1227 2743 1255 2790 et
1266 2737 1383 2790 fratrum

140 2820 244 2878 ordinis
271 2823 409 2876 minorum
434 2821 572 2876 abstineat
590 2828 618 2875 et
642 2820 766 2886 desistat,
784 2821 857 2876 datie
876 2821 912 2876 ad
932 2823 1170 2892 archiepiscopum
1189 2823 1381 2893 spalatensem

140 2909 246 2975 litteris,
265 2914 296 2962 ut
314 2925 377 2962 eum
395 2909 432 2962 ab
448 2907 608 2962 huiusmodi
626 2907 899 2978 praesumptionibus
918 2913 1083 2978 compescat

192 2995 367 3052 Fabiam'cb:
392 2997 489 3051 Storia
509 2997 554 3050 dei
571 2997 656 3050 l'rati
674 2995 778 3050 minori
795 2996 827 3050 in
845 2995 937 3048 Dalm.
956 3000 982 3048 et
999 2995 1104 3050 Beana.
1123 2998 1146 3049 I.
1166 2997 1224 3050 408.
1251 2995 1381 3050 Farlati:

140 3083 224 3154 Illyr.
243 3083 321 3138 Scor.
342 3085 371 3135 Τ.
393 3082 424 3136 V.
441 3099 470 3152 p.
492 3087 534 3136 73.
552 3082 599 3136 Aa
615 3098 721 3137 annam
738 3085 815 3138 1235.

193 3204 331 3258 cocxnl.
351 3205 384 3258 A.
398 3209 475 3258 1236.
494 3203 723 3260 Bartholomaeus
736 3205 884 3274 episcopus
905 3203 1118 3273 vesprimiensis,
1131 3201 1270 3258 Arnoldue
1289 3219 1381 3256 comcs

140 3290 320 3357 ecamensis,
343 3289 490 3346 Ladislaus
519 3308 620 3358 comes,
645 3291 775 3360 magister
800 3289 922 3344 Zlandus
940 3289 1025 3343 lector
1034 3289 1172 3356 ‚Albensis
1190 3289 1330 3355 ecclesiae,
1355 3295 1383 3344 et

140 3379 235 3450 plures
253 3379 366 3433 comites
385 3379 533 3444 notificant,
553 3377 628 3448 quod
647 3395 710 3432 cum
728 3383 822 3432 essent
839 3377 1014 3446 inquisitores
1033 3376 1061 3429 in
1080 3376 1210 3447 parochia
1223 3375 1380 3431 Zaladiensi

140 3482 225 3535 super
242 3465 329 3531 terris,
348 3465 433 3519 vineis
453 3471 480 3520 et
498 3465 558 3518 aliis
576 3465 682 3518 iuribus
692 3465 877 3530 ecclesiarum,
897 3464 1074 3518 servientium
1092 3464 1172 3532 regis,
1190 3463 1381 3528 castrensium,

138 3551 361 3616 uduornicorum,
380 3551 547 3622 populorum
565 3552 677 3620 reginae
695 3559 723 3606 et
741 3551 858 3605 aliarum
876 3549 1046 3604 diversarum
1064 3549 1252 3604 conditionum
1276 3566 1294 3603 a
1311 3565 1375 3618 rege

137 3637 207 3693 Bela
225 3638 374 3704 constituti,
393 3643 568 3692 accesserunt
586 3637 621 3691 ad
639 3643 740 3692 terram
758 3637 882 3707 magistri
901 3637 1052 3704 Michaelis,
1072 3637 1153 3690 sitam
1174 3637 1245 3690 inter
1257 3637 1379 3690 Dravam

139 3731 169 3780 et
187 3725 306 3792 Murem,
325 3730 352 3778 et
369 3723 472 3778 ibidem
489 3725 639 3778 multorum
662 3725 819 3779 testimonio
844 3731 871 3780 et
900 3725 1008 3779 occulta
1033 3723 1181 3792 subtilique
1205 3723 1381 3792 inquisitione

137 3812 301 3876 invenerint,
327 3811 402 3881 quod
420 3811 493 3866 dicta
511 3818 583 3866 terra
602 3812 685 3866 luerit
708 3812 847 3882 quondam
870 3812 983 3882 Repolti
1011 3817 1038 3866 et
1057 3810 1136 3876 Sulc,
1162 3810 1211 3866 sed
1235 3811 1288 3881 ipsi
1313 3809 1379 3864 ami-

137 3898 225 3952 serint
243 3915 304 3952 eam
324 3916 374 3969 pro
392 3899 580 3954 interlectione
599 3898 743 3954 cuiusdam
762 3899 861 3954 nobilis
886 3898 921 3954 de
943 3897 1068 3970 partibus
1087 3897 1148 3964 illis,
1172 3898 1298 3953 videlicet
1320 3897 1379 3952 Fri-

137 3987 231 4054 derici,
251 3991 278 4040 et
297 3987 420 4052 scientes,
439 3985 514 4055 quod
532 3985 579 4040 illa
597 3993 669 4040 terra
686 3987 769 4041 fuerit
787 4004 804 4040 a
822 3987 954 4055 magistro
973 3984 1109 4039 Michaelc
1121 3985 1228 4054 dejure
1240 4001 1378 4054 possessa,

137 4074 319 4129 restituerunt
336 4073 374 4127 illi
393 4071 597 4144 possidendam
616 4072 796 4128 Introductus
813 4071 866 4126 luit
884 4089 933 4143 per
956 4071 1096 4126 hominem
1119 4072 1226 4140 regium
1245 4071 1381 4126 Mathism

138 4160 306 4217 canonicum
324 4159 650 4230 quinqueecclesisnsem.

200 4247 318 4301 Weasel:
339 4245 403 4301 Ocd.
422 4246 500 4315 nipe.
519 4246 628 4314 Arpad.
647 4245 703 4300 ΠΙ.
719 4262 749 4314 p.
769 4249 812 4299 23.

194 4370 349 4422 cccxm
368 4369 397 4421 A
422 4371 499 4422 1236.
520 4367 681 4438 Capitulum
700 4368 831 4423 ecclesiae
849 4367 1033 4436 zagrabiensis
1052 4365 1182 4432 notificat,
1201 4365 1275 4434 quod
1294 4365 1382 4420 Bellro

139 4472 176 4510 ex
207 4471 265 4508 una
294 4464 372 4524 parte
404 4471 439 4509 ex
472 4455 527 4508 elia
559 4461 652 4510 eutem
682 4454 802 4508 Damald
827 4461 855 4508 et
883 4455 952 4508 Ivan
985 4453 1034 4506 filii
1063 4452 1169 4521 Wogsa
1189 4452 1382 4518 intimaverint,

138 4539 218 4611 quod
237 4540 347 4611 Endrey
365 4547 393 4596 et
412 4541 515 4612 Sepine
532 4541 568 4599 de
586 4557 687 4611 genere
704 4542 828 4611 ipsorum
846 4541 921 4595 dicto
942 4540 1010 4594 Sellr
1027 4545 1128 4594 terram
1147 4555 1227 4592 suam
1240 4538 1318 4592 Ebus
1330 4555 1381 4608 pro

138 4627 268 4682 ducentis
287 4628 380 4698 pensis
398 4629 512 4696 argenti,
536 4629 603 4684 item
621 4629 704 4682 sliam
728 4633 829 4681 terrnm
854 4627 995 4697 Zbogcina
1019 4625 1093 4680 idem
1115 4625 1184 4678 Ivan
1209 4630 1237 4679 et
1260 4623 1380 4679 Damald
