3488 5380
726 471 863 515 uucueus
1344 447 1409 518 275

186 640 291 696 litteras
309 653 375 694 snae
393 635 700 710 capitulum,tlruoiieri
718 639 746 692 et
763 651 856 692 onmes
873 637 1034 694 retulerunt
1052 635 1158 694 Datum
1176 652 1226 710 per
1243 651 1344 694 manns
1360 653 1418 694 ma·

181 727 258 798 gistri
276 725 411 798 Stephani
428 725 644 782 vicecancellarii
662 723 744 780 sulse
762 723 900 796 reginalis.

233 813 299 872 Oud.
317 813 387 884 dipl.
404 812 518 884 patrisso
541 812 586 868 VI.
604 827 631 882 p.
651 815 704 867 166
723 825 757 867 ea
775 811 889 867 aretino
908 813 1038 870 comitum
1060 810 1156 869 Glrdlre'.

229 953 398 1012 ouxx1v.
417 957 498 1012 1266.
517 953 679 1025 Capitulum
694 953 827 1009 ecelesiae
851 952 1030 1010 Ohumende
1048 957 1147 1010 notum
1164 953 1237 1022 facit,
1258 955 1334 1028 quod
1352 941 1417 1012 oon‘-

178 1043 281 1100 stitutis
305 1057 398 1098 coram
417 1057 451 1098 eo
468 1041 506 1099 ab
523 1055 581 1096 una
604 1045 683 1112 parte
707 1040 857 1110 Paugrntlo
884 1041 992 1110 comite,
1019 1041 1057 1096 ab
1083 1042 1171 1098 altera
1197 1047 1291 1098 entem
1317 1045 1418 1100 comite

177 1129 344 1186 Ieuatuohio
362 1127 420 1185 tillo
438 1127 512 1200 Vyd,
530 1127 604 1182 idem
626 1127 793 1198 Paugrntius
816 1142 910 1183 comes
926 1127 1071 1200 praedium
1090 1145 1172 1184 sunm
1189 1129 1370 1187 Kclkocheoh
1389 1131 1417 1185 iu

178 1218 294 1290 Byuohe
312 1232 363 1290 pro
381 1215 494 1286 triginta
511 1215 611 1270 marcia
626 1229 690 1269 oum
703 1214 762 1268 suia
775 1214 947 1286 pertinentiis
962 1213 1132 1272 vendidisset
1146 1215 1235 1272 eidem
1250 1217 1417 1274 Lenataohio

176 1307 238 1362 inre
256 1307 400 1376 perpetuo.
419 1301 507 1358 Ocius
524 1306 614 1356 terrae
625 1305 700 1356 meta
713 1301 810 1372 incipit
820 1316 838 1356 a
851 1305 929 1372 parte
941 1302 1067 1358 orientali
1079 1304 1158 1360 iuxta
1170 1307 1272 1360 terram
1284 1305 1417 1376 emptoris

175 1392 226 1448 ubi
243 1396 271 1448 et
288 1391 372 1447 arbor
395 1390 437 1446 tul
454 1390 482 1444 iu
501 1389 592 1444 rivulo
617 1404 682 1456 nno,
701 1393 729 1442 et
746 1403 796 1460 per
813 1389 907 1460 ipsum
918 1389 1039 1444 rivulum
1056 1390 1092 1445 ad
1110 1395 1213 1446 terram
1225 1392 1416 1460 cunensium,

176 1478 278 1535 deiude
302 1477 337 1534 ad
356 1481 463 1549 purtem
488 1476 623 1531 vicinatur
649 1480 737 1530 terrae
762 1475 874 1532 urenae
900 1479 927 1531 et
951 1475 1044 1533 eundo
1066 1493 1115 1548 per
1139 1493 1270 1550 magnum
1291 1479 1365 1534 viam
1387 1480 1415 1534 in

176 1582 280 1638 magno
298 1565 390 1636 apatlo
408 1577 458 1635 per
475 1563 566 1618 varlas
583 1565 674 1619 metae
692 1567 796 1618 terreas
818 1561 953 1618 vicinatur
970 1567 1059 1620 terrae
1076 1563 1185 1620 Benscm
1203 1569 1231 1620 et
1248 1566 1348 1622 iterum
1367 1581 1416 1636 per

174 1653 380 1720 variasmetas
405 1650 480 1706 venit
496 1649 532 1705 ad
551 1653 653 1705 terram
677 1649 804 1720 Moyceu,
829 1648 893 1705 lude
917 1649 952 1706 ad
977 1650 1093 1706 domum
1117 1651 1178 1709 ihor
1200 1657 1228 1708 et
1251 1653 1416 1725 pervarias

175 1744 264 1796 metae
282 1737 356 1795 cedit
372 1737 401 1792 in
419 1753 521 1808 equam
539 1734 720 1793 Kolkooheoh
738 1739 766 1791 et
783 1736 942 1807 relinquens
961 1753 1022 1794 eam
1042 1739 1178 1796 vicinatur
1191 1743 1279 1798 terrae
1292 1739 1415 1796 Mathaei

174 1833 204 1884 et
220 1825 345 1882 Thomu
365 1824 486 1880 tiliorum
504 1823 605 1887 Kuesl,
615 1824 703 1880 tendit
720 1823 756 1878 ad
775 1825 893 1896 primam
904 1829 1015 1881 metam.
1028 1829 1087 1882 Nec
1100 1827 1327 1898 praetermittitur
1338 1825 1414 1898 quod

176 1913 329 1983 Gregorius
347 1911 421 1966 tilius
440 1910 524 1966 Mark
540 1927 634 1966 comes
652 1910 687 1966 de
704 1910 828 1981 Ryuoha
847 1911 987 1978 Wameoh,
1009 1913 1094 1984 Myle,
1118 1914 1246 1985 Muyoen,
1271 1913 1414 1982 Zlobelch,

176 1999 287 2072 Tybold
305 1999 380 2054 filius
398 1997 488 2070 ilnpk,
506 1998 672 2070 jobagiouee
695 1997 838 2053 caenida
862 1999 992 2070 Byveche
1013 2005 1042 2056 et
1065 2000 1134 2056 luae
1157 2017 1259 2070 comes,
1283 2005 1341 2057 tam
1365 2017 1415 2073 per

173 2093 270 2144 uotam
288 2102 436 2160 personam
454 2101 539 2158 quern
557 2099 606 2156 per
623 2085 729 2140 litteras
747 2099 812 2140 suae
830 2085 895 2142 hnic
913 2085 1064 2143 venditioni
1078 2091 1106 2142 et
1117 2089 1250 2160 emptioni
1267 2103 1413 2144 assensum

172 2175 369 2248 praebuerunt
1260 2173 1263 2180 “

225 2262 274 2318 Ec
291 2264 466 2330 trummpto
485 2257 605 2329 capituli
625 2258 798 2316 ffimmeaue
816 2259 850 2316 de
866 2275 893 2315 o.
912 2261 989 2316 1668.
1007 2264 1033 2316 6.
1051 2260 1119 2316 duee.
1138 2260 1177 2316 od
1192 2261 1354 2330 petitionem
1366 2261 1412 2330 jc·

172 2349 301 2421 wenis
312 2347 372 2418 filii
390 2345 554 2404 martti
571 2345 605 2400 de
624 2345 784 2402 Plnnnicec.
799 2349 838 2403 'les
856 2346 1015 2403 collectione
1032 2347 1149 2404 Rudcel.
1167 2348 1297 2418 Inpulit.

225 2485 377 2544 OMXXV.
396 2490 474 2543 1266.
494 2485 656 2558 Capitulum
672 2487 806 2542 ecclesiae
825 2486 1004 2542 Ohasmeneie
1017 2488 1162 2558 signifieat
1181 2489 1256 2560 quod
1269 2488 1327 2544 Job
1339 2489 1413 2546 filius

172 2575 307 2644 Drask(o)
330 2574 476 2630 coufessus
495 2575 531 2628 eit
548 2589 580 2630 ae
598 2572 755 2630 vendidisse
781 2578 883 2630 terram
908 2591 988 2629 snam
1015 2575 1093 2630 iuxta
1119 2576 1211 2630 locum
1238 2577 1291 2632 fori
1318 2575 1413 2649 Gurig,

171 2663 257 2719 Petro
276 2662 374 2742 generi·
394 2660 486 2715 Drask
511 2665 539 2715 et
561 2661 621 2715 eins
647 2661 725 2716 tratri
748 2661 837 2716 Paulo
862 2676 913 2732 pro
935 2659 1064 2716 undecim
1082 2663 1196 2730 marcier
1221 2663 1301 2718 cuius
1324 2665 1414 2735 prima

176 2753 252 2806 mete
268 2748 366 2820 incipit
384 2763 401 2802 a
419 2752 497 2818 parte
516 2747 641 2802 orientali
660 2748 688 2801 in
707 2747 813 2802 Beanik
830 2747 909 2802 iuxta
926 2763 1056 2817 magnam
1075 2749 1148 2804 vlam
1166 2765 1216 2820 per
1233 2765 1317 2820 quum
1341 2751 1416 2806 eadit

176 2835 205 2890 iu
224 2849 327 2905 aquam
345 2833 440 2903 Garig,
462 2832 591 2904 superine
616 2833 674 2888 exit
695 2833 723 2888 in
746 2833 889 2889 Ramnrne
913 2834 1000 2904 potolr
1026 2839 1054 2889 et
1077 2835 1204 2890 venitin
1227 2835 1333 2892 sontem
1351 2837 1416 2907 Wy·

174 2919 268 2978 domia
285 2925 313 2976 et
333 2936 383 2992 per
400 2920 491 2976 variae
509 2925 597 2976 metes
616 2921 672 2975 exit
690 2920 726 2975 ad
744 2935 847 2990 uquam
866 2921 1012 2976 Dobouch.

229 3025 295 3082 God.
313 3024 383 3094 dipl.
398 3024 520 3093 patriae.
545 3024 606 3080 VH.
628 3040 658 3094 p.
682 3028 741 3078 103.
760 3039 794 3079 ec
812 3024 884 3080 actia
901 3039 967 3080 mm.
985 3024 1106 3094 Erdtdy
1120 3025 1285 3095 (inmersum
1303 3025 1415 3083 ablotis.

230 3163 402 3222 DMXXVI.
420 3164 457 3220 In
475 3163 571 3236 uinta,
590 3167 668 3219 1266.
686 3163 839 3236 Dyonlsius
863 3179 957 3220 comes
974 3162 1010 3218 de
1027 3164 1154 3220 Polhauu
1172 3171 1200 3221 et
1218 3166 1299 3222 Peset
1318 3171 1416 3223 notum

173 3253 248 3321 facit,
274 3250 350 3322 qnod
374 3254 454 3322 pstea
478 3249 609 3306 Mathone
631 3249 719 3306 abbas
742 3250 778 3306 de
806 3250 921 3322 Toplica
938 3251 1155 3323 calumpniaeeet
1172 3251 1309 3322 quasdam
1327 3269 1416 3324 equas

174 3356 246 3412 qnae
264 3339 305 3394 illi
323 3338 358 3393 de
376 3338 503 3394 Pothaua
526 3337 579 3392 sibi
604 3337 737 3392 violenter
764 3337 946 3408 usurpabant,
964 3354 1036 3408 quoe
1055 3354 1103 3393 rex
1121 3339 1189 3394 Bela
1206 3339 1234 3392 iu
1253 3344 1417 3410 perpetuam

174 3426 356 3483 elemosinam
374 3424 530 3480 contulerat
546 3425 715 3480 monasterio
742 3425 897 3496 toplicensi.
916 3425 971 3480 Pro
990 3441 1046 3496 qua
1064 3441 1093 3480 re
1111 3425 1211 3483 ambae
1235 3431 1328 3497 partes
1352 3442 1416 3482 oon·

175 3517 312 3570 venerunt
328 3512 357 3566 in
374 3511 473 3582 Bichig
491 3512 539 3566 ubi
557 3511 654 3567 Slavec
663 3510 751 3582 judex
769 3511 805 3567 de
824 3511 965 3570 Polchana
977 3517 1005 3566 et
1016 3511 1179 3583 iobagionee
1191 3513 1315 3568 eiusdem
1328 3518 1416 3570 terrae

170 3599 292 3657 confessi
321 3599 388 3667 siut,
414 3603 503 3656 totum
527 3613 623 3654 verum
652 3613 714 3652 esse
743 3597 820 3668 quod
849 3597 938 3653 abbas
967 3597 1137 3667 affirmabat,
1164 3605 1192 3655 et
1221 3599 1298 3670 quod
1327 3599 1415 3656 dictas

171 3702 270 3758 aquea
287 3701 358 3756 qnae
376 3685 466 3741 tenuit
482 3684 658 3754 Ludegarine
678 3690 706 3739 et
723 3684 867 3753 Pribislav‚
895 3684 1023 3742 videlieet
1042 3685 1133 3754 Oeam,
1151 3686 1253 3764 Tragia
1278 3691 1306 3743 et
1330 3687 1414 3744 Ohre·

171 3773 262 3842 ulcha,
281 3776 309 3828 et
326 3777 392 3844 post
409 3772 517 3843 aliquot
534 3788 622 3828 annue
647 3771 742 3827 abbati
766 3771 881 3844 pacifice
905 3771 1092 3840 reddiderunt,
1117 3773 1170 3830 nisi
1194 3773 1269 3846 quod
1293 3775 1414 3832 Desiuec

172 3859 307 3934 Polprudi
334 3860 533 3931 calumpniavit
556 3873 617 3914 esse
640 3874 728 3914 auam.
750 3858 917 3928 Impositum
935 3859 1009 3916 dioto
1027 3859 1148 3916 Desiuec
1171 3859 1304 3916 iudicium
1324 3875 1413 3918 sacre·

171 3949 258 4005 menti
283 3963 347 4003 cum
370 3945 518 4002 duodecim
544 3945 704 4002 hominibus
721 3945 768 4000 ille
786 3949 926 4016 praestare
944 3961 1000 4001 non
1019 3945 1117 4017 potnit
1136 3947 1235 4017 Aquae
1253 3949 1346 4018 itaque
1364 3947 1412 4004 ad·

169 4035 311 4091 iudicatae
329 4032 442 4090 suerunt
459 4032 555 4090 abbati
572 4032 645 4089 detis
663 4033 704 4089 illi
722 4031 863 4105 pristaldis
881 4032 955 4089 Jaxa
973 4039 1001 4088 et
1018 4033 1054 4088 de
1072 4033 1198 4089 Polhaua
1214 4034 1349 4092 Nadevna
1368 4035 1411 4092 Si·

170 4122 269 4194 guitum
294 4122 455 4194 appositum
479 4120 601 4176 Ladlalal
629 4120 753 4192 episcopi
779 4120 915 4192 tynieusle
940 4125 967 4175 st
990 4119 1108 4176 fratrum
1126 4120 1352 4178 Praedicatorum
1377 4121 1412 4178 de

224 4295 351 4353 itam:
369 4297 443 4352 una.
461 4295 524 4352 tut
549 4296 577 4352 Τ.
595 4294 620 4350 1.
636 4308 665 4362 p.
685 4297 745 4350 135.

223 4435 404 4494 cmxxvn.
423 4439 502 4494 1266.
521 4437 574 4492 Per
598 4440 765 4492 conventum
792 4435 985 4507 Topliceueem
1013 4434 1072 4490 ord.
1089 4435 1194 4492 cisterc
1218 4434 1412 4491 describuntur

170 4529 262 4581 metue
280 4523 426 4596 emptitiae
450 4527 539 4580 terrae
556 4521 592 4580 de
610 4522 743 4592 Viuodol,
767 4539 885 4594 quarum
910 4523 999 4596 prima
1020 4522 1117 4593 incipit
1139 4539 1157 4578 a
1180 4521 1292 4577 flumine
1319 4522 1411 4594 Culpa

169 4629 267 4670 versus
285 4610 428 4668 meridiem
446 4611 517 4667 inter
542 4611 765 4668 Moscheuicsam
786 4609 918 4667 fluentem
936 4615 964 4667 et
982 4610 1083 4666 siccam
1101 4625 1191 4681 usque
1208 4609 1244 4666 ad
1262 4613 1347 4682 caput
1369 4609 1410 4680 ip·

168 4700 235 4770 aius,
254 4704 283 4757 et
300 4715 350 4772 per
367 4699 457 4771 ipsam
474 4715 492 4754 a
509 4699 614 4757 dextris
631 4703 704 4755 terra
722 4699 855 4772 episcopi.
875 4698 921 4754 Ad
940 4713 1070 4754 occmnm
1087 4713 1137 4769 per
1154 4697 1274 4754 rivulum
1291 4695 1409 4752 Valsen-
