3376 5350
344 375 411 441 460
849 385 868 428 1.
887 339 1097 438 aununtiavit,

347 568 478 638 magister
496 565 642 637 Philippus
661 566 741 621 dedit
759 567 891 636 magistro
910 565 1049 634 Ladislao,
1068 565 1140 620 idem
1160 569 1253 620 autem
1266 564 1412 620 Ladislaus
1431 581 1513 620 suam
1534 583 1592 636 pos·

348 657 500 711 sessionem
519 653 607 710 Chala
625 660 770 724 prenotato
789 653 925 724 Philippo.
945 653 1022 708 Meta
1041 654 1198 723 praedictae
1222 660 1310 708 terrae
1328 651 1439 708 Grabss
1462 654 1596 724 incipite

347 743 467 814 quadam
485 743 581 797 arbore
599 741 680 806 illicis
699 743 776 796 iuxta
794 739 866 794 dam
885 757 956 810 quae
975 741 1052 795 ducit
1070 740 1105 795 de
1123 741 1189 796 villa
1213 739 1313 796 Nemel
1336 755 1431 795 versus
1459 741 1594 794 orientem

347 830 383 885 ad
410 831 506 885 silvam
533 828 696 900 Budigosth,
724 845 818 882 versus
843 829 1068 898 septemtrionem
1096 829 1171 884 venit
1185 827 1230 894 ¹ad
1255 827 1370 882 fluvium
1396 827 1507 898 Vouya,
1535 829 1597 882 inds

348 935 396 988 per
414 918 516 972 dictam
535 919 631 972 silvam
651 923 679 971 et
696 917 810 970 lindum
828 913 863 970 ad
882 917 955 970 viam
974 933 1023 987 per
1040 932 1124 986 quam
1146 915 1181 970 de
1200 915 1283 970 domo
1301 914 1397 986 Marys
1415 914 1465 968 tilii
1484 915 1597 986 Gyopol

347 1007 456 1060 venitur
480 1005 516 1060 ad
541 1003 704 1060 Zombothel
729 1010 757 1058 et
781 1019 830 1074 per
856 1004 944 1058 varias
968 1009 1057 1058 metas
1081 1003 1117 1058 ad
1140 1003 1232 1058 lacum
1257 1002 1402 1069 Narastov,
1421 1002 1526 1056 deiude
1552 1020 1599 1074 per

348 1093 436 1146 varias
455 1099 542 1146 metas
560 1090 652 1146 caindo
670 1090 705 1144 ad
724 1089 816 1144 villam
835 1089 1008 1158 Eleveyarea
1033 1095 1060 1144 st
1085 1090 1120 1145 ad
1144 1090 1264 1161 quodam
1285 1097 1414 1160 stagnum
1432 1089 1599 1161 Mergustov

348 1181 395 1235 ubi
415 1181 571 1235 taminatus.
600 1221 601 1224 ,

404 1268 470 1323 cod.
489 1267 557 1338 dipl.
577 1281 643 1321 eom.
662 1267 757 1335 Zieby.
779 1268 802 1320 Ι.
821 1283 849 1336 p.
867 1271 909 1318 93.

400 1387 581 1446 MDOXXII.
606 1390 714 1445 Budas.
735 1391 810 1442 1299.
830 1392 854 1442 t.
874 1388 1005 1456 August-i.
1029 1387 1156 1443 Andreas
1180 1389 1231 1443 III.
1258 1405 1306 1444 rex
1331 1389 1522 1444 enumerando
1542 1407 1597 1443 ser-

350 1479 416 1532 vitia
434 1483 462 1532 et
480 1478 578 1532 merita
596 1477 725 1531 avunculi
755 1476 796 1528 sui
822 1475 957 1530 Albertiui
983 1475 1142 1530 Mauroceui
1166 1475 1252 1544 ducis,
1272 1476 1389 1530 contulit
1413 1477 1437 1530 ei
1462 1476 1599 1530 ducatum

350 1565 436 1619 totius
456 1563 609 1628 slavonios,
629 1563 677 1632 qui
696 1569 738 1616 est
755 1564 845 1632 prima
864 1563 984 1632 dignitas
1009 1563 1100 1632 regiae
1125 1563 1219 1634 prolis,
1244 1569 1271 1618 et
1295 1563 1407 1634 iusuper
1434 1563 1600 1618 comitatum

356 1653 391 1705 de
409 1651 525 1720 Posega,
551 1652 597 1720 qui
617 1649 652 1703 ad
670 1651 714 1703 ius
733 1651 851 1719 pertinet
868 1651 960 1720 regale
979 1667 1028 1705 seu
1048 1651 1176 1721 reginale,
1195 1653 1224 1706 in
1243 1657 1415 1722 perpetuum,
1428 1651 1515 1722 pleno
1533 1653 1600 1706 iure.

398 1740 499 1806 ‘Fejew
521 1737 585 1792 Cod.
606 1738 675 1808 dipl.
695 1739 793 1808 Hanp.
816 1739 844 1792 Τ.
869 1739 935 1793 VII.
957 1739 1006 1818 col.
1025 1742 1049 1793 5.
1070 1755 1097 1809 p.
1115 1743 1174 1793 547.

404 1861 596 1916 MDOXXIII.
615 1858 748 1932 Neapoli.
768 1866 843 1915 1295).
867 1866 890 1916 4.
911 1864 1042 1932 depasti.
1068 1863 1189 1918 Karalus
1208 1862 1244 1917 ΙΙ.
1264 1862 1374 1918 Siciliae
1392 1879 1441 1917 rex
1459 1871 1487 1918 et
1507 1863 1600 1918 Maria

352 1939 463 2005 consors
482 1951 549 2016 eius,
569 1949 663 2019 regina
682 1949 830 2020 ngariae‚
856 1958 1002 2020 pensantes
1026 1951 1120 2020 gravia
1149 1957 1177 2005 et
1202 1957 1281 2020 grata
1308 1950 1418 2006 servitia
1447 1967 1521 2022 quae
1549 1969 1600 2022 psr

353 2037 425 2091 viros
445 2037 688 2092 nobiles.Paulum
707 2038 811 2092 bauum
830 2038 995 2092 Orestarum
1019 2043 1047 2092 et
1072 2037 1222 2108 Georgium
1247 2053 1279 2092 ac
1299 2037 1468 2092 Blandiuum
1487 2037 1600 2106 batres,

352 2126 493 2180 oisitatum
511 2125 668 2180 Dalmatiae
686 2127 808 2193 comites,
828 2125 942 2179 dilectos
961 2127 1178 2195 consaugviueos
1196 2125 1339 2180 staffines
1364 2143 1439 2192 suos,
1464 2126 1501 2180 ab
1533 2127 1602 2180 olim

352 2214 392 2266 eis
411 2213 533 2267 exhibita
551 2213 668 2280 fueraut,
687 2213 812 2283 illudque
831 2213 942 2282 speciali
957 2213 1177 2268 remuneratione
1190 2213 1339 2280 volventes,
1358 2212 1433 2284 quod
1453 2213 1482 2266 iu
1501 2229 1602 2267 mauu-

353 2299 481 2366 tenenda,
500 2299 680 2368 gubernanda
699 2307 726 2354 et
745 2299 919 2354 defendenda
938 2315 1021 2353 causa
1045 2293 1140 2353 sonim
1166 2299 1200 2354 de
1224 2316 1309 2370 reguo
1333 2299 1476 2370 Ungeriae
1504 2312 1603 2356 contra

352 2387 467 2444 hostiles
486 2387 600 2444 iusidias
618 2395 651 2442 et*
664 2395 788 2454 conatus,
813 2387 921 2441 labores
947 2403 1050 2456 graves,
1076 2387 1268 2443 solicitudiues
1296 2387 1393 2457 vigiles
1418 2391 1445 2442 et
1473 2387 1603 2443 taediosa

352 2475 513 2544 gravamine
531 2475 702 2544 pertulerint,
722 2491 818 2530 omues
836 2491 932 2529 sonim
952 2475 1086 2541 ciuitates,
1104 2482 1201 2542 castra,
1221 2474 1308 2541 villas,
1331 2483 1417 2530 terras
1442 2481 1470 2530 at
1488 2493 1601 2546 posses-

353 2564 443 2617 siones
461 2564 489 2617 iu
508 2579 594 2633 regno
613 2562 753 2632 Ungariae
771 2568 798 2618 et
818 2563 964 2617 Slavouiae
983 2568 1010 2616 et
1029 2564 1153 2632 partibus
1167 2562 1295 2617 Oroatiae
1314 2569 1342 2616 et
1359 2562 1519 2617 Dalmatiae
1536 2580 1602 2618 con·

353 2652 474 2720 stitutus,
493 2667 564 2722 quae
583 2651 640 2710 sive
664 2651 828 2718 habueruut,
852 2651 896 2706 vel
921 2651 955 2706 de
980 2668 1052 2704 novo
1076 2652 1260 2720 acquireruut,
1285 2651 1319 2705 de
1342 2667 1415 2708 novo
1438 2650 1546 2706 deuant
1576 2657 1602 2705 et

353 2738 524 2792 confirmant.
831 2783 834 2788 ,

411 2825 536 2879 Wencel:
555 2826 628 2880 Acta
647 2831 740 2880 extero
761 2827 784 2879 Ι.
804 2843 831 2896 p.
852 2827 909 2878 135.

409 2948 602 3004 MDCXXIV.
622 2949 755 3018 Neapoli.
774 2951 851 3002 1299.
871 2951 896 3002 7.
910 2947 1084 3017 Septembris.
1098 2946 1219 3002 Karalus
1233 2947 1270 3001 11.
1283 2946 1394 3003 Siciliae
1406 2964 1456 3002 rex
1469 2955 1499 3004 et
1512 2947 1604 3004 Maria

356 3037 451 3105 regina
469 3037 616 3106 ngariae,
635 3035 731 3090 audito
757 3035 831 3106 quod
851 3035 900 3090 viri
919 3035 1025 3088 nobiles
1044 3034 1209 3104 Stephanus,
1227 3033 1378 3104 donasses,
1397 3035 1549 3090 Radislaus
1578 3050 1604 3091 et

256 3135 261 3143 ’
357 3124 418 3179 Och
443 3125 566 3190 comites,
584 3125 634 3178 tilii
656 3125 786 3190 Rabonio,
802 3129 944 3193 mmquam
963 3123 990 3176 iu
1010 3121 1065 3176 lide
1089 3139 1184 3178 eorum
1209 3123 1353 3190 ferventes,
1378 3122 1473 3178 hostes
1500 3125 1604 3178 nostris

353 3211 419 3265 facti
448 3217 513 3266 suut
535 3211 661 3266 hostibus
689 3219 717 3265 et
740 3217 930 3282 persecutores
952 3209 1078 3276 inimicis,
1103 3211 1139 3264 ob
1164 3227 1247 3280 quern
1271 3211 1406 3265 fervorem
1433 3227 1482 3266 eos
1507 3209 1601 3279 dignis

355 3298 485 3354 laudibus
511 3298 704 3353 commendant
732 3305 759 3352 et
783 3315 879 3352 eorum
907 3297 1019 3352 cuilibet
1042 3314 1153 3352 omnem
1178 3298 1297 3368 eulpam,
1316 3299 1460 3362 offensam,
1482 3314 1602 3367 poenam

353 3386 454 3442 realem
473 3392 501 3440 et
519 3387 692 3456 personalem
711 3402 746 3438 ex
761 3386 902 3456 promissis
925 3386 1100 3440 commissam
1113 3386 1257 3440 remittunt
1270 3393 1298 3441 et
1310 3392 1445 3456 perpetuo
1464 3385 1601 3440 relaxant.

353 3490 504 3543 eorumque
532 3474 721 3543 possessiones
744 3480 771 3527 et
795 3473 950 3543 dignitates,
971 3463 1093 3528 Baua'tus
1117 3474 1157 3528 eis
1179 3472 1377 3528 rationabiliter
1395 3478 1597 3542 competentes,

356 3562 528 3618 confirment.

412 3648 536 3702 Wensel:
555 3647 628 3702 Acta
652 3653 746 3702 eatena
767 3649 791 3704 Ι.
811 3667 837 3719 p.
857 3652 915 3701 1:56.
935 3653 993 3706 137.

407 3770 587 3826 MDCXXV.
606 3771 738 3841 Neapoli,
759 3774 834 3824 1299.
857 3776 896 3825 2²9.
917 3771 1090 3838 Septembris.
1110 3771 1227 3825 Carolus
1246 3771 1282 3825 II.
1302 3769 1412 3826 Siciliae
1425 3787 1474 3824 rex
1486 3771 1604 3826 mandat

355 3859 372 3914 J
376 3859 458 3912 oauui
478 3858 512 3912 de
532 3859 621 3912 Oruce
639 3858 728 3925 militi,
743 3857 925 3912 Prothoutiuo
936 3859 1103 3928 Mouopolis‚
1123 3875 1186 3913 cum
1205 3857 1395 3913 serenissimus
1413 3859 1525 3928 genitor
1542 3861 1605 3913 eius

357 3947 480 4016 reginam
505 3946 645 4015 ngariae
671 3945 882 4012 (Elisabetham)
908 3963 1028 4000 sororem
1051 3963 1129 4000 suam
1155 3953 1183 4000 et
1207 3947 1320 4000 amitam
1345 3947 1419 4017 regis
1442 3947 1479 4000 ad
1507 3956 1605 4017 partes

356 4034 475 4104 Apuliae
500 4033 648 4104 providerit
676 4033 776 4087 debere
801 4034 900 4100 venire,
926 4041 1064 4103 quatenus
1090 4035 1182 4089 statim
1206 4034 1338 4105 procedat
1361 4034 1552 4088 Brundusium
1579 4045 1607 4088 et

357 4121 426 4174 duas
456 4121 550 4190 galeas
569 4121 603 4175 de
621 4120 781 4174 melioribus
800 4127 828 4174 et
846 4121 1004 4176 fortioribus
1023 4124 1115 4177 carnae
1140 4128 1217 4193 aptat
1236 4129 1263 4176 et
1287 4123 1394 4176 muniat
1412 4128 1441 4176 et
1459 4131 1556 4188 armat,
1580 4129 1605 4175 et

357 4225 419 4262 uum
440 4209 479 4261 eis
497 4209 611 4263 accedat
630 4210 657 4262 iu
678 4207 837 4262 Siasouiam
856 4207 892 4261 ad
911 4209 1050 4263 civitatem
1070 4209 1175 4280 Spalati
1198 4215 1226 4264 et
1249 4209 1317 4263 inibi
1336 4209 1469 4279 reginam,
1488 4209 1606 4266 Petrum

357 4295 391 4349 de
411 4295 492 4349 Suria
510 4303 538 4350 et
556 4296 670 4349 Petrum
689 4295 834 4362 Pilectum,
854 4295 1003 4350 familiares
1021 4315 1094 4364 snos,
1108 4315 1158 4352 uec
1172 4313 1226 4352 nou
1239 4295 1358 4352 familias
1377 4313 1474 4351 eorum
1487 4297 1605 4368 recipiat

358 4388 386 4436 et
406 4399 470 4436 erum
488 4383 544 4437 illis
564 4383 693 4437 Barolum
712 4383 755 4437 vel
774 4382 995 4438 Maufredouiam
1015 4385 1115 4440 redeat.

416 4470 539 4523 Weusel:
558 4471 630 4523 Acta
649 4476 742 4523 enter-a
761 4471 786 4524 Ι.
806 4475 864 4525 138.

411 4591 603 4647 MDOXXVI.
623 4593 769 4649 chasmate
796 4597 837 4649 17.
857 4594 985 4649 Nomas).
1004 4599 1081 4649 1299.
1100 4595 1219 4649 Michael
1240 4597 1388 4667 episcopus
1407 4595 1609 4666 Zagrabiensis

358 4685 456 4733 uotum
474 4681 547 4749 facit,
567 4680 642 4750 qnod
662 4697 725 4734 cum
743 4681 843 4735 nobilis
862 4683 902 4736 vir
921 4697 1014 4735 comes
1028 4682 1157 4750 Ugrinus,
1177 4683 1250 4738 tilius
1269 4683 1406 4748 Andreas,
1424 4683 1454 4736 iu
1473 4686 1611 4756 operibus
