3376 5350
645 375 792 466 massas
1277 411 1341 478 417

149 601 337 658 MODXLIX.
367 603 443 656 2289.
463 601 609 658 Ladislaus
627 602 678 659 IV.
697 619 746 658 rex
764 604 895 672 notificat,
924 603 999 676 quod
1024 603 1127 672 Endre,
1146 603 1289 658 Dionisius
1317 609 1345 657 et

95 689 254 744 Lothardus
280 691 329 746 filii
353 689 487 744 Lethardi
515 689 549 744 ds
574 690 673 744 deners
698 689 839 746 Gutkeled
863 694 1009 766 petierunt,
1036 699 1067 746 ut
1085 692 1230 747 collectam
1255 707 1343 762 popu·

95 778 186 832 lorum
205 795 318 832 suorum
336 780 366 832 in
384 779 516 832 comitatu
535 777 628 846 Wlko,
647 780 862 834 marturinarom
881 779 1016 846 videlicet,
1041 785 1146 850 septem
1165 779 1343 834 denariorum

97 873 127 920 et
145 866 315 932 victualium,
341 881 412 936 quae
435 865 585 935 vulgariter
608 865 740 920 Zalnsina
766 873 951 938 nuncupatur,
975 863 1079 922 eisdem
1103 867 1226 921 relaxare
1250 864 1346 936 digna·

94 959 179 1006 retur.
197 951 258 1006 Rex
277 953 361 1022 igitur
378 951 558 1007 consideratis
582 953 698 1008 servitiis
723 969 818 1008 eorum
838 971 910 1024 qnae
927 955 956 1008 in
975 954 1105 1010 omnibus
1122 953 1345 1024 expeditionibus

94 1041 173 1109 regni
194 1039 311 1094 fideliter
329 1039 522 1110 inpenderunt,
541 1057 638 1094 omnes
662 1041 783 1111 populos
807 1057 855 1095 sen
876 1041 1043 1112 johagiones
1066 1041 1191 1111 ipsorum
1215 1041 1244 1094 in
1268 1053 1346 1110 prae

96 1126 158 1181 sato
177 1129 309 1182 comitatu
329 1133 531 1186 commorantes
555 1145 572 1182 a
595 1127 743 1198 praedictis
766 1128 958 1183 exactionibus
976 1127 1056 1182 duxit
1073 1126 1242 1193 eximendos,
1260 1127 1299 1180 ita
1316 1131 1347 1180 ut

94 1215 132 1268 de
151 1221 260 1269 caetero
278 1216 352 1270 bano
371 1231 421 1286 pro
440 1221 564 1286 tempore
584 1217 735 1270 constituto
754 1216 890 1270 exactioni
916 1233 965 1270 seu
990 1215 1122 1270 collectae
1140 1213 1298 1268 huiusmodi
1318 1215 1346 1268 in

93 1302 174 1356 nullo
193 1301 373 1358 dinoscantur
390 1303 515 1358 adiacere
534 1303 583 1358 sed
602 1303 715 1358 omnino
734 1303 855 1373 exempti
875 1302 1049 1358 haberentur.
1067 1301 1171 1356 Datum
1186 1318 1235 1371 per
1247 1317 1347 1356 manns

92 1389 226 1458 Thomas,
245 1389 368 1461 episcopi
387 1389 569 1457 Wachiensis,
587 1389 667 1444 aulae
685 1389 850 1445 cancellarii.

154 1477 278 1532 Wsaael:
299 1476 364 1533 God.
383 1477 453 1546 dipl.
471 1479 540 1546 Arp.
560 1477 614 1532 IX.
634 1480 695 1532 493.

151 1618 266 1674 MODL.
284 1619 416 1676 Prima.
438 1622 513 1674 1289.
534 1618 692 1690 Stephanus
711 1618 793 1688 Uros,
818 1635 867 1674 rex
891 1618 1013 1686 Serbise,
1031 1620 1067 1674 ad
1086 1621 1247 1690 petitionem
1269 1619 1347 1674 nobi·

92 1707 166 1762 lium
185 1706 285 1760 Lucari
305 1705 466 1764 Mihoilovio
484 1713 512 1762 st
531 1707 604 1762 Petri
624 1706 772 1775 Goislavit,
785 1709 933 1762 missorum
946 1707 1054 1762 comitis
1070 1707 1170 1760 Marini
1190 1705 1299 1777 Gjorgji
1319 1711 1346 1760 et

93 1795 253 1848 communis
271 1793 395 1864 Ragnsii,
414 1795 443 1848 in
461 1795 617 1865 praesentia
635 1794 810 1850 servientium
834 1811 949 1849 snorum
974 1795 1140 1865 Dragoslavi
1159 1800 1187 1848 et
1205 1794 1346 1848 Bndislasi

92 1880 215 1935 Hvaldic
234 1882 331 1936 statuit
349 1898 431 1951 posse
448 1881 606 1954 Ragusinos
625 1881 766 1952 possidere
785 1882 879 1936 vineas
897 1888 925 1938 et
943 1897 1024 1953 agros
1042 1883 1071 1936 in
1090 1898 1175 1952 regno
1194 1897 1255 1949 suo,
1277 1897 1347 1950 quas

92 1967 281 2038 possederunt
298 1975 430 2040 regnante
449 1975 526 2040 patre
544 1970 611 2024 eius.

148 2055 314 2112 Mikloeich:
333 2058 411 2112 Mon.
430 2057 535 2112 sabico
548 2074 578 2126 p.
597 2059 641 2116 55.

150 2215 281 2270 MODLI.
308 2217 446 2273 Kabala.
475 2219 551 2272 1289.
583 2216 694 2272 Helena
722 2218 817 2289 regina
842 2215 954 2272 Serbiae
979 2215 1126 2270 confirmat
1143 2213 1294 2285 Ragnsinis
1318 2214 1346 2268 in

95 2304 253 2374 praesentia
268 2303 371 2375 judicis
388 2303 534 2374 Boleslavi,
554 2305 746 2360 cubiculorum
765 2303 888 2376 magistri
904 2303 1021 2358 Mariani
1040 2309 1068 2358 et
1082 2301 1187 2372 judicis
1199 2301 1346 2368 Desislavi‚

95 2397 125 2446 et
144 2392 291 2446 missorum
309 2391 520 2464 Ragnsaeorum
538 2393 638 2447 Lucani
663 2392 825 2448 Mihsilovic
844 2398 872 2446 et
890 2391 963 2446 Petri
983 2389 1125 2446 Goislsvit
1143 2390 1347 2459 possessionem

95 2479 241 2532 tinearum
260 2496 329 2550 quas
348 2487 481 2551 regnante
500 2481 558 2534 lilio
576 2481 636 2535 eius
655 2479 756 2536 Urosio
775 2485 804 2535 et
822 2478 940 2534 condam
958 2494 1023 2549 rege
1042 2476 1229 2548 possidebant

152 2567 329 2620 Miklossich:
348 2568 428 2622 Mon.
447 2567 523 2622 Serb.
538 2585 568 2636 p.
587 2571 629 2622 55.

152 2707 299 2763 MODLlI.
318 2711 395 2761 1:²89.
416 2709 543 2763 Andreas
561 2709 648 2763 abbas
672 2708 843 2762 Zaladisnsis
868 2713 896 2761 et
919 2713 995 2761 totns
1019 2711 1171 2762 conventus
1195 2705 1346 2770 nohhcant,

99 2795 176 2865 quod
195 2797 326 2866 magister
344 2795 438 2850 anad
457 2803 484 2851 et
503 2795 646 2851 Feldricua
664 2795 714 2850 lilii
733 2795 813 2849 Ohak
831 2796 896 2849 bani
915 2796 1119 2865 possessionem
1137 2795 1269 2864 ipsorum,
1282 2809 1345 2863 por·

98 2884 203 2938 tionem
222 2883 367 2940 Michaelis
385 2885 435 2939 lilii
453 2883 572 2938 Tristani
591 2884 619 2940 in
638 2883 728 2954 Royh,
741 2881 929 2937 vendidissent
942 2882 1036 2936 comiti
1049 2879 1152 2948 Ochus,
1165 2879 1223 2934 lilio
1236 2879 1346 2933 comitis

98 2969 203 3038 Buaad,
221 2970 298 3026 fratri
317 2971 468 3026 eomndem
487 2987 537 3042 pro
555 2971 668 3041 triginta
686 2971 793 3024 marcis.

159 3057 282 3112 Wcasel:
303 3058 369 3115 uod.
388 3059 458 3131 dipl.
477 3061 547 3130 Arp.
566 3057 622 3113 IX.
640 3059 699 3111 506.

159 3197 319 3254 MODLllI.
339 3202 416 3254 usu
435 3199 561 3254 Andreas
582 3198 668 3254 abbas
692 3198 863 3254 Zaladiensis
882 3203 909 3252 st
926 3203 1001 3251 totus
1024 3201 1176 3251 conventus
1200 3195 1254 3250 loci
1277 3195 1349 3249 noti·

103 3285 194 3352 licant,
213 3285 288 3356 quod
307 3287 420 3341 domina
437 3287 532 3342 relicta
550 3287 658 3342 comitis
670 3285 779 3342 Nicolai
792 3285 841 3339 filii
855 3283 933 3338 Ohalr
951 3283 1016 3338 bani
1029 3289 1057 3338 et
1066 3299 1163 3350 ,comes
1176 3281 1348 3347 Herhordus,

105 3373 180 3426 iilius
198 3374 349 3442 Laurentii,
367 3375 411 3429 cui
430 3373 526 3430 eadem
544 3374 658 3428 domins
674 3379 762 3428 totam
786 3390 865 3428 suam
883 3387 995 3426 causam
1015 3369 1126 3436 dimisit,
1145 3369 1348 3440 possessionem

103 3477 181 3515 snam
202 3461 332 3516 Katht'en
350 3463 379 3516 in
398 3461 531 3518 Oltamch
549 3463 712 3518 existentem
730 3477 781 3531 pro
799 3461 913 3531 triginta
929 3458 1029 3512 marcis
1053 3457 1146 3512 comiti
1172 3455 1267 3511 Ochus
1291 3455 1349 3509 lilio

98 3549 223 3618 magistri
242 3549 337 3604 Buzad
355 3549 515 3606 vendiderit.
535 3549 587 3604 Oui
605 3555 694 3605 terrae
713 3548 894 3604 commetanei
913 3551 979 3600 sunt
996 3545 1127 3616 magister
1138 3541 1234 3597 anad
1246 3547 1274 3598 et
1286 3541 1346 3596 Fri·

100 3635 210 3690 dericus
228 3637 277 3692 filii
296 3637 375 3692 Chalc
393 3637 467 3705 bani,
486 3637 522 3692 ab
540 3638 646 3692 oriente
664 3641 729 3692 sunt
747 3642 836 3690 terrae
859 3632 995 3705 Descych,
1021 3649 1037 3686 a
1061 3629 1176 3687 meridie
1199 3629 1274 3684 rivus
1301 3627 1348 3685 Ol-

99 3723 197 3782 tarnch
215 3723 251 3778 ab
269 3725 400 3796 aquilone
418 3731 490 3780 terra
508 3724 630 3780 Baebita

158 3811 284 3868 Weaael:
305 3811 370 3869 God.
389 3812 439 3868 dil.
458 3812 546 3868 Arod.
566 3811 622 3867 IX.
640 3813 700 3866 509.

154 3971 314 4028 MCDLIV.
333 3972 482 4044 'l'ragnrlh
502 3975 577 4028 1290.
603 3975 645 4026 31.
671 3971 808 4027 Jaaaarii
828 4000 860 4009 -
880 3971 921 4022 10.
941 3965 1058 4035 Aprilis.
1077 3965 1130 4020 Die
1155 3963 1197 4018 31.
1222 3961 1348 4016 Januarii

102 4067 236 4115 statutum
254 4061 308 4115 fuit
325 4061 353 4114 in
373 4060 489 4115 consilio
512 4060 718 4114 communitatis
742 4055 940 4128 Traguriensis,
959 4060 990 4108 nt
1008 4053 1057 4107 fiat
1075 4051 1190 4106 collecta
1208 4066 1258 4120 pro
1277 4049 1350 4103 solu-

103 4150 179 4204 tione
196 4149 233 4204 40
249 4148 394 4204 hominnm
413 4147 559 4202 missorum
572 4147 653 4214 bano,
672 4153 700 4200 et
717 4143 894 4214 provideatur
913 4141 947 4195 de
966 4140 1127 4196 necessariis
1141 4138 1264 4209 galeotta
1276 4151 1349 4190 eom·

36 4239 40 4248 '
102 4237 203 4302 munis,
222 4251 294 4306 quae
312 4243 354 4290 est
372 4235 447 4306 apud
466 4234 577 4289 Farum.
596 4264 629 4274 —
649 4235 690 4287 10.
715 4231 826 4302 Aprilis.
851 4230 941 4300 Super
964 4229 1061 4282 litteris
1085 4227 1177 4281 missis
1196 4241 1212 4278 a
1231 4224 1257 4278 d.
1276 4223 1349 4276 bano

101 4329 130 4377 et
148 4323 210 4378 Elia
227 4329 364 4394 potestate
383 4322 553 4378 Sihenicensi
573 4322 697 4376 mittatur
716 4319 895 4374 ambassator.

154 4411 276 4466 Lucius:
294 4413 376 4466 Mem.
396 4411 426 4464 di
442 4411 525 4464 Trou.
540 4426 571 4478 p.
591 4413 649 4463 131.

138 4571 283 4626 MODLV.
301 4571 447 4643 Trapnrii.
466 4573 543 4624 1290.
561 4573 586 4622 7.
605 4567 716 4622 Martii.
732 4567 834 4621 Actum
852 4566 881 4619 in
899 4563 1002 4634 palatio
1015 4560 1132 4615 civitatis
1145 4557 1349 4628 Traguriensis,

102 4661 294 4731 praesentibus
318 4659 431 4714 Donato
453 4658 576 4724 Nicolae,
601 4655 797 4720 examinatore,
822 4653 912 4707 Dessa
934 4647 1077 4712 Amblasii,
1105 4645 1182 4699 Luca
1206 4642 1350 4710 Matthaei,

103 4749 254 4804 Valentino
273 4747 417 4802 Oasarizaa
435 4753 463 4801 et
481 4747 542 4801 aliis
567 4744 671 4799 vocatis
695 4749 723 4799 et
747 4741 859 4812 rogatis.
885 4737 959 4805 Quia
982 4735 1090 4802 Petrus,
1109 4733 1207 4800 Lucas,
1232 4731 1350 4798 Zannes,
