3376 5350
667 447 814 492 asemas.
1304 438 1368 504 385

172 627 385 684 dcccxxxi.
406 631 483 684 1292.
503 631 545 682 18.
568 629 699 683 Octobris.
720 629 880 700 Capitulum
900 629 1032 684 ecclesiae
1051 629 1130 700 Zagr.
1143 629 1278 696 notiticat,
1291 631 1367 700 quod
1413 668 1415 671 -

124 717 280 772 constitutis
298 717 333 770 ah
352 733 407 770 una
426 721 503 786 parte
521 715 652 770 Farcasio
672 716 729 772 iilic
752 716 834 781 Jurk,
852 718 946 772 nobile
965 717 999 772 de
1019 717 1107 787 Blyua
1125 725 1154 771 et
1171 717 1295 772 Henrico
1314 735 1368 772 ser-

120 806 211 859 viente
229 805 330 858 nobilis
349 805 398 858 viri
418 803 551 873 Stephani
570 804 643 872 bani,
665 805 714 859 filii
740 803 882 874 Stephani,
906 807 1017 860 nomine
1042 805 1165 860 eiusdem
1196 806 1300 861 domini
1325 808 1367 860 sui

120 893 155 945 ab
173 893 266 956 altera,
285 891 358 946 idem
379 891 524 946 Farcasius
542 893 686 948 confessus
704 895 740 946 sit
759 899 859 947 terram
878 909 957 948 suam
981 899 1009 947 et
1033 894 1149 948 fratrum
1168 911 1283 950 auorum
1303 896 1367 949 hae·

123 977 282 1032 reditarium
311 979 481 1048 Zuyunieha,
507 981 744 1035 consentientibus
769 979 906 1048 fratribus,
931 981 1094 1051 propinquis
1112 989 1140 1035 et
1158 985 1283 1051 cognatis
1302 984 1367 1050 suia,

121 1067 192 1120 sicut
209 1066 293 1120 homo
312 1067 425 1136 capituli
445 1065 562 1121 Samson
582 1067 711 1122 sacerdos
731 1067 765 1122 ue
784 1067 872 1138 Blyna
885 1068 988 1134 retulit,
1007 1085 1036 1122 se
1055 1068 1213 1124 vendidisse
1226 1070 1368 1140 Stephano

120 1155 192 1208 bano
211 1159 239 1207 et
257 1153 421 1208 haeredibus
439 1170 489 1224 pro
508 1155 543 1209 50
560 1155 667 1222 marcis,
686 1155 811 1226 singulas
830 1155 864 1209 de
883 1155 1005 1225 quinque
1024 1157 1117 1226 pensis
1131 1155 1305 1212 denariorum
1318 1159 1366 1212 ba·

122 1241 233 1295 nulium.
253 1241 331 1295 Meta
348 1247 442 1295 autem
461 1242 559 1312 incipit
578 1260 594 1296 a
613 1244 694 1296 vinea
713 1243 799 1309 hlerlr,
820 1243 991 1296 contermina
1010 1249 1097 1298 terrae
1122 1245 1231 1299 abbatis
1256 1245 1291 1300 de
1315 1246 1368 1300 To·
1451 1309 1453 1315 Α

121 1329 200 1400 plica,
218 1327 296 1382 vadit
313 1345 408 1382 versus
426 1330 559 1384 orientem
578 1346 627 1400 per
646 1331 725 1398 riam,
739 1335 766 1384 et
780 1347 828 1400 per
846 1331 934 1384 varias
953 1336 1040 1384 metas
1059 1331 1095 1385 ad
1115 1332 1198 1386 aliam
1212 1333 1282 1387 viam
1297 1350 1368 1404 quae

121 1417 198 1471 ducit
215 1419 243 1470 in
262 1415 461 1487 Zuynniclram.
486 1417 635 1471 Transiens
654 1419 725 1472 viam
751 1418 928 1487 pervenitad
948 1419 1035 1472 rivum
1055 1419 1083 1472 in
1101 1419 1244 1488 Zuinielre,
1264 1422 1366 1476 cadens

122 1505 150 1558 in
169 1505 297 1559 eundem.
317 1505 353 1557 Et
375 1503 451 1558 vadit
475 1505 509 1558 ad
535 1505 705 1575 praedictam
731 1505 802 1560 viam
827 1521 898 1576 quae
924 1505 1001 1560 ducit
1023 1508 1052 1562 in
1077 1507 1276 1577 Zuyunicham,
1302 1509 1368 1564 inde

121 1593 245 1661 pervenit
268 1592 303 1645 sd
325 1593 418 1646 locum
442 1594 489 1662 qui
516 1591 617 1646 dicitnr
640 1595 763 1647 tumulus
788 1593 910 1660 caninus,
937 1601 965 1648 et
991 1595 1145 1664 procedens
1176 1613 1225 1666 per
1251 1596 1367 1650 eandem

121 1680 201 1744 viam,
221 1680 319 1732 transit
338 1679 438 1733 vallem
457 1685 484 1733 et
503 1681 590 1734 rivum
610 1688 638 1734 et
656 1682 730 1736 venit
747 1680 782 1734 ad
802 1687 915 1752 pontem
935 1686 1065 1748 terreum,
1084 1682 1158 1737 uude
1180 1685 1331 1738 revertitur.

176 1765 400 1820 Panteichion.
421 1767 498 1820 Hist.
521 1768 550 1820 Τ.
570 1767 594 1821 Ι.
610 1784 640 1836 p.
658 1771 717 1822 209.

157 1906 390 1962 mcccxxxu.
410 1911 486 1962 resa.
507 1908 653 1964 Liuianus
672 1909 723 1964 ιν.
743 1925 792 1964 rex
813 1913 912 1964 norum
932 1909 1004 1978 saort,
1030 1911 1106 1980 quoe
1122 1884 1274 1965 'amemus
1293 1911 1367 1966 arius

74 2035 79 2048 .
121 1995 245 2048 althaeae
265 1995 390 2050 exhibuit
409 1998 432 2050 ei
454 1997 627 2068 privilegium
652 1997 765 2069 capituli
792 1998 826 2051 de
851 1997 961 2068 Posega
985 2015 1069 2067 super
1091 1999 1264 2067 possessione
1290 1999 1368 2053 Pala

121 2099 292 2150 concessum,
311 2090 409 2154 petens
429 2088 459 2137 ut
477 2084 597 2138 eundem
611 2086 774 2140 confirmare
788 2085 955 2156 dignaretur.
976 2085 1028 2140 Oui
1048 2085 1174 2156 petitioni
1192 2103 1241 2140 rex
1259 2088 1364 2140 annuit.

121 2171 226 2223 Datum
246 2187 296 2241 per
313 2187 411 2226 manus
431 2189 503 2242 mag.
517 2171 720 2226 Bartholomaei
733 2173 813 2227 aulae
829 2173 1053 2228 vicecancellarii.

175 2257 239 2312 Ood.
260 2258 327 2326 dipl.
343 2260 459 2327 patrias
477 2260 536 2314 ΙΙΙ.
552 2275 580 2328 p.
601 2261 642 2314 35.
662 2261 689 2314 Α
708 2265 795 2331 terpo:
814 2261 847 2315 de
865 2261 947 2316 Poka
966 2261 999 2314 dc
1017 2261 1151 2315 comitatu
1174 2261 1269 2316 Vollro.

173 2397 419 2454 ntcccxxxffl.
439 2401 514 2453 1282.
535 2399 677 2456 Elisabeth
696 2401 783 2455 maior
801 2403 897 2471 regina
921 2401 1026 2471 Hung,
1052 2400 1162 2455 ducissa
1189 2401 1276 2455 totius
1305 2399 1363 2454 Sla-

122 2487 226 2552 voniae,
246 2487 280 2542 de
299 2486 419 2542 Machor
442 2493 469 2542 et
494 2489 529 2542 de
548 2490 641 2542 Bozna
665 2490 831 2556 manifestat,
860 2489 937 2560 quod
962 2503 978 2542 a
1002 2489 1103 2544 comite
1129 2489 1279 2542 Benedicta
1308 2487 1365 2542 tilio

120 2575 230 2628 comitis
248 2575 382 2641 lu'auehe
413 2578 617 2645 possessiouem
642 2595 720 2631 suam
745 2577 923 2647 Podgoriam,
943 2593 1026 2646 quam
1053 2593 1070 2630 a
1096 2576 1204 2630 Mathia
1230 2582 1257 2629 et
1284 2575 1366 2628 Petro

119 2662 183 2715 tiliis
203 2661 344 2716 Mortonos
364 2671 551 2734 comparatam
570 2665 606 2718 ad
624 2666 668 2718 ins
686 2672 713 2719 et
731 2665 927 2736 proprietatem
947 2664 1146 2735 magnitudinis
1159 2679 1225 2716 suae
1239 2679 1287 2732 per
1300 2679 1365 2715 con-

119 2749 256 2804 cambium
277 2757 365 2804 terrae
385 2767 450 2804 suae
475 2751 587 2806 Orboua
616 2752 746 2813 (Vrhoval
770 2753 905 2822 reciperat
930 2768 980 2820 pro
1005 2751 1123 2804 utilitate
1142 2750 1266 2820 reginali,
1295 2765 1365 2818 quae

120 2837 185 2891 licet
204 2855 253 2908 per
272 2838 448 2893 collationem
475 2856 552 2894 suam
576 2839 698 2893 Thomas
722 2839 779 2893 tilio
804 2839 925 2894 Cornelii
951 2845 979 2892 et
1004 2839 1137 2908 magistro
1159 2837 1281 2892 Johanni
1308 2836 1364 2888 tilio

120 2924 229 2978 Nicolai
249 2925 283 2979 de
303 2941 402 2994 genere
421 2926 499 2980 Chalc
518 2928 657 2996 assignata
676 2928 818 2993 extitisset,
843 2927 932 2996 ipsam
956 2933 1048 2980 tamen
1068 2926 1102 2980 ab
1121 2923 1225 2978 eisdem
1244 2923 1365 2977 ablatam

119 3019 147 3065 et
167 3011 273 3066 diutius
291 3021 478 3068 conservatam
498 3015 550 3084 ipsi
570 3015 663 3068 comiti
688 3013 839 3069 Benedicto
863 3015 892 3068 in
916 3014 1108 3068 concambium
1128 3012 1284 3082 praedictae
1303 3027 1366 3082 pos-

118 3101 248 3155 sessionis
262 3101 400 3171 Podgoria
413 3103 582 3156 contulisset.
595 3103 714 3172 Insupra
725 3103 830 3172 recepit
842 3103 877 3156 ab
891 3101 988 3156 eodem
1001 3102 1101 3155 comite
1115 3099 1247 3154 ducentas
1260 3115 1366 3154 marcas

122 3190 149 3242 iu
169 3196 292 3259 argento.
313 3190 349 3244 Et
368 3191 434 3259 quia
458 3190 588 3244 dominus
612 3207 659 3243 rex
684 3189 758 3243 tilius
782 3205 850 3243 suns
873 3205 921 3259 per
940 3189 1081 3242 saevitiam
1100 3185 1284 3257 quorumdam
1307 3185 1366 3240 inli-

124 3277 228 3332 delium
253 3278 331 3348 regul
352 3285 450 3348 captus
469 3279 651 3344 detinebatur,
675 3280 736 3348 ipsa
759 3278 824 3332 hine
848 3278 913 3332 inde
936 3292 1070 3348 quaereus
1095 3275 1259 3341 subsidium,
1278 3273 1367 3328 dictas

119 3363 254 3418 ducentas
273 3381 379 3419 marcas
398 3381 448 3436 pro
467 3365 630 3419 liberatione
647 3365 696 3418 tilii
717 3366 759 3418 sui
779 3364 917 3435 expendit,
939 3371 966 3418 et
979 3366 1018 3417 sic
1031 3365 1235 3434 possessionem
1253 3362 1367 3416 Orboua

118 3459 174 3505 tam
188 3453 294 3506 ratione
304 3453 456 3507 concambii
468 3469 552 3522 quarn
562 3453 645 3506 titulo
655 3453 820 3506 venditionis
833 3459 984 3506 memorato
998 3450 1148 3505 Benedicto
1161 3451 1188 3503 in
1201 3455 1366 3519 perpetuum

118 3539 228 3595 dimisit.

171 3628 219 3681 Ea
238 3630 309 3682 act-is
324 3644 375 3696 per
394 3628 497 3682 bunum
510 3626 796 3696 Klaseas-Hedervdry
815 3644 849 3681 ec
867 3627 978 3681 arelatae
997 3626 1076 3696 rapui
1095 3624 1199 3678 adlatis
1217 3624 1254 3678 N.
1274 3623 1309 3678 R.
1329 3623 1364 3676 A.

118 3717 194 3769 1511.
214 3715 267 3770 Nr.
286 3719 326 3769 19.
346 3721 372 3769 et
391 3716 472 3771 Fuso.
492 3717 569 3769 1503.
589 3717 640 3770 Nr.
659 3718 702 3771 23.

169 3874 414 3931 MCCOXXXIV.
433 3880 510 3930 1282.
531 3876 692 3947 Capitulum
712 3875 843 3930 ecelesiae
861 3875 887 3928 b.
908 3873 983 3926 Petri
998 3872 1031 3926 de
1044 3871 1154 3940 Poaaga
1172 3876 1269 3924 notum
1289 3865 1362 3934 iacit,

117 3963 192 4034 quod
211 3966 343 4034 magister
361 3965 481 4018 Mathias
501 3965 575 4018 filius
595 3963 714 4018 Rolandi
734 3964 797 4016 bani
817 3977 867 4032 pro
886 3979 915 4015 se
935 3967 962 4014 et
980 3977 1030 4030 pro
1049 3957 1189 4012 Ratholdo
1209 3956 1293 4009 fratre
1312 3971 1363 4008 suo

117 4051 260 4105 confessus
279 4053 321 4119 sit,
341 4052 417 4122 quod
436 4053 501 4106 lieet
520 4053 608 4122 primo
628 4051 821 4120 possessiones
839 4065 908 4103 suas·
923 4047 1069 4117 tiologova
1089 4051 1116 4098 et
1134 4043 1242 4098 l'ethna
1267 4043 1295 4095 in
1320 4057 1364 4095 co-

117 4141 217 4194 mitatu
236 4140 269 4194 de
288 4141 398 4212 Posaga
423 4141 517 4194 comiti
543 4137 693 4193 Benedicto
718 4138 775 4191 filio
801 4135 910 4190 comitis
936 4133 1079 4188 Ivvanchae
1105 4147 1155 4201 pro
1183 4131 1235 4184 150
1264 4130 1364 4182 marcis

115 4229 355 4300 impignorassent,
373 4228 421 4282 tali
441 4227 539 4282 modo:
559 4225 635 4296 quod
660 4227 687 4279 in
712 4225 829 4280 termino
853 4223 994 4291 assignato
1020 4219 1131 4276 easdem
1150 4218 1284 4272 redimere
1307 4232 1362 4269 non

115 4325 238 4388 possent,
257 4324 357 4371 extunc
377 4315 462 4385 duplo
481 4314 607 4368 eiusdem
634 4330 758 4367 summae
786 4311 975 4372 subiacereut;
1000 4307 1047 4376 qui
1072 4321 1136 4358 cum
1159 4305 1188 4356 in
1214 4303 1287 4355 dieto
1312 4309 1364 4355 ter·

116 4407 191 4460 mino
209 4404 314 4459 solvere
332 4419 386 4457 nou
406 4402 569 4472 potuissent,
589 4401 743 4471 praedictas
763 4399 949 4469 possessiones
964 4409 1095 4448 unacum
1113 4393 1180 4446 turri
1203 4392 1260 4444 sive
1273 4396 1363 4442 castro

116 4498 144 4546 et
162 4492 291 4546 omuibus
310 4493 480 4561 pertiuentiis
500 4507 550 4560 pro
568 4491 621 4543 400
639 4491 737 4542 marcis
751 4487 785 4540 de
799 4493 913 4556 argento
926 4491 954 4538 et
967 4481 1085 4535 denariis
1099 4479 1191 4532 comiti
1213 4475 1363 4530 Benedicta

116 4579 311 4634 vendidissent.
326 4579 403 4633 Meta
421 4587 514 4632 autem
533 4585 622 4631 terrae
641 4576 738 4645 incipit
751 4593 768 4628 a
780 4581 857 4643 parte
871 4569 1044 4625 meridionali
1057 4569 1085 4620 iu
1099 4567 1188 4635 eapite
1202 4563 1363 4632 Bahswelge

114 4669 180 4723 inde
198 4668 234 4722 ad
253 4668 316 4720 Birh
336 4668 438 4720 rnoutis
452 4664 593 4723 llotbeek,
611 4663 709 4716 ahlriuc
729 4679 778 4730 per
801 4662 872 4714 viam
893 4659 1019 4723 Keralva,
1039 4656 1102 4709 dein
1120 4654 1156 4708 ad
1175 4659 1289 4723 puteum
1310 4651 1363 4704 De-

114 4756 265 4822 trichlsuta,
285 4755 359 4810 eadit
380 4756 408 4808 iu
432 4753 539 4807 Pethna
567 4751 652 4822 potok
677 4750 724 4804 ubi
750 4754 933 4803 commetatur
957 4753 1046 4800 terrae
1064 4743 1200 4808 Burstian,
1224 4739 1289 4794 iude
1315 4755 1364 4808 per
