3376 5350
318 403 382 468 402
822 413 841 453 1.
855 400 1063 467 normanno,
1117 429 1123 440 ·

320 593 430 646 cumina
448 592 550 646 montis
569 591 682 662 Hualey
702 592 845 664 usquead
865 593 952 648 rivum
973 593 1118 660 Brochina,
1137 593 1245 664 pignori
1265 593 1404 664 obligasse
1422 595 1577 666 Stephano

318 679 392 734 bano
411 697 461 750 pro
479 680 575 750 viginti
594 679 692 733 marcis
717 679 891 734 denariorum
905 681 1141 752 Zagrsbiensinm.

375 767 504 821 iicetc'ib:
522 768 601 821 Mon.
621 768 697 821 Hiat.
721 769 750 820 T.
770 769 793 820 Ι.
810 771 916 835 12216.

373 907 589 962 Mcccxcra
614 909 742 978 Zepned.
768 913 845 962 1:285.
872 911 911 961 15.
939 909 1113 976 Septembris.
1133 909 1279 964 Ladislaus
1302 909 1354 966 IV.
1378 927 1427 964 rex
1451 911 1576 965 mandat

319 995 476 1050 hominibus
495 997 523 1050 in
543 994 710 1062 Gereenchs,
729 1011 792 1050 cum
822 997 881 1066 ipse
909 997 1071 1051 comitatum
1097 997 1131 1050 de
1156 995 1316 1052 Gemenche
1340 997 1485 1054 Timotheo
1511 1001 1576 1068 epi-

320 1100 405 1155 scopo
424 1083 503 1152 Zagr.
523 1083 673 1148 donaverit,
693 1090 830 1154 quatenus
855 1085 947 1138 omnia
968 1083 1033 1153 jura
1057 1091 1085 1138 st
1111 1091 1260 1154 proventus
1284 1085 1377 1140 comiti
1403 1083 1512 1140 debitos
1543 1093 1575 1139 et

321 1177 475 1236 consvetos,
488 1170 603 1234 officiali
620 1171 709 1240 ipsius
725 1171 848 1242 episcopi
867 1171 926 1224 dari
943 1170 1046 1225 faciant
1064 1178 1092 1226 et
1110 1171 1239 1242 persolvi,
1258 1188 1291 1228 eo
1309 1171 1402 1239 modo,
1422 1187 1477 1242 qno
1497 1179 1576 1228 tern-

321 1275 387 1327 pore
405 1258 489 1312 Betae
508 1257 586 1311 ducis
605 1257 697 1312 fratris
715 1259 789 1328 regis
807 1257 973 1314 officialibus
991 1259 1080 1328 ipsius
1099 1265 1297 1312 consveverant
1316 1260 1479 1314 ministrare„

327 1353 328 1357 ’
376 1345 503 1400 Tkatc'ib:
521 1345 601 1398 Mors.
620 1344 697 1400 Hist.
712 1345 749 1400 -Τ,
768 1345 792 1398 I.
807 1361 843 1413 p.
855 1347 915 1398 217.

356 1483 693 1540 accerserentur.
715 1487 791 1540 1285.
817 1489 857 1539 17.
890 1485 1022 1540 Octobris.
1049 1487 1187 1541 Domnius
1216 1487 1364 1557 episcopus
1388 1485 1574 1540 (iatharensis

321 1579 415 1629 aretum
435 1571 509 1636 facit,
529 1587 592 1626 cum
612 1571 637 1626 d.
658 1572 748 1626 Heinz
767 1572 802 1626 de
827 1573 940 1626 Bibsnis
965 1573 1031 1628 civis
1056 1573 1244 1628 Priscovensis
1269 1591 1348 1628 suam
1373 1572 1511 1644 capellam
1536 1573 1572 1628 B.

320 1659 358 1712 M.
377 1658 501 1728 Virginis
516 1659 646 1714 fratribus
659 1659 900 1714 Praedicatoribus
913 1661 947 1714 da
960 1659 1084 1729 Rugusio
1097 1661 1247 1728 donaverit,
1261 1660 1337 1732 quod
1350 1661 1386 1715 ad
1400 1661 1570 1730 petitionem

320 1747 456 1800 dictorum
475 1745 600 1812 fratrum,
619 1747 734 1802 eandem
754 1747 930 1802 donationem
950 1749 1161 1816 confirmaverit,
1181 1749 1265 1817 salvo,
1284 1747 1360 1818 quod
1379 1746 1444 1802 dicti
1466 1747 1573 1803 fratres

320 1832 356 1887 de
371 1823 450 1888 ¹nullo
463 1834 528 1904 jure
546 1834 658 1903 majoris
673 1834 805 1890 ecclesiae
824 1851 854 1889 se
872 1836 1046 1905 aliquatenus
1059 1835 1250 1891 intromittant.
1326 1835 1333 1842 “

372 1921 501 1974 Frtrlati:
521 1921 603 1990 illyr.
625 1921 706 1976 Sacr.
728 1923 756 1976 Τ.
780 1921 828 1976 VI.
844 1939 873 1992 p.
893 1925 952 1976 443.

373 2046 572 2103 MCGOXCII.
590 2047 722 2104 cathari.
743 2050 816 2118 1285.
835 2051 878 2102 30.
901 2049 1031 2103 Octobris.
1050 2048 1083 2102 In
1102 2047 1256 2118 praesentia
1269 2045 1409 2100 Marchisii
1422 2045 1571 2100 &recolli

319 2135 440 2188 consutis
461 2135 632 2188 Venetorum
651 2137 679 2188 in
699 2135 806 2202 Cataro,
826 2135 940 2204 Ugolini
959 2136 992 2190 de
1011 2135 1106 2189 Marca
1124 2141 1153 2190 st
1170 2134 1306 2190 Leonardi
1327 2134 1469 2188 Bonvisini
1490 2127 1571 2186 'mer-

251 2253 258 2276 ι
321 2229 448 2276 catorum
469 2221 503 2275 de
522 2221 655 2290 Venetiis,
675 2223 787 2276 testium
805 2207 912 2278 adhoc
931 2228 1098 2294 rogatorum,
1120 2223 1149 2277 in
1174 2217 1289 2276 consilio
1313 2223 1431 2276 civitatis
1449 2237 1571 2290 congre

319 2317 393 2380 gato,
424 2308 532 2362 Sarsina
558 2308 708 2364 Clementis
731 2318 759 2364 et
783 2310 883 2364 Nicola
908 2309 942 2364 de
967 2309 1086 2378 Crosoio,
1113 2311 1202 2364 nuntii
1227 2309 1334 2364 comitis
1358 2315 1386 2364 et
1408 2309 1571 2362 communis

320 2397 436 2466 Ragusii
455 2403 637 2466 porrexerunt
659 2396 730 2452 hanc
755 2397 982 2466 protestationem
1000 2399 1028 2451 in
1051 2398 1174 2466 scriptis:
1200 2398 1325 2451 Dicimus
1344 2413 1394 2466 pro
1414 2405 1491 2466 parto
1519 2411 1570 2450 oo·

322 2485 396 2538 mitis
415 2484 561 2539 Michaelis
581 2485 741 2538 Mauroccni
761 2491 789 2539 et
813 2487 967 2540 communis
986 2484 1110 2555 Rugusii,
1130 2485 1206 2554 quod
1229 2501 1293 2540 cum
1311 2483 1459 2554 anpanns
1478 2483 1568 2552 Desa,

321 2571 394 2626 tilius
419 2572 559 2642 quondam
584 2573 657 2641 regia
681 2571 821 2626 ladislavi
846 2579 873 2627 et
901 2573 1013 2626 domina
1036 2572 1180 2626 Beioslaaa
1208 2577 1295 2625 mater
1322 2571 1446 2629 eiusdem
1470 2571 1567 2624 Desae

321 2659 499 2730 deposuerint
517 2661 544 2714 in
564 2659 689 2728 Ragonio
708 2660 841 2730 quasdam
861 2677 912 2724 res,
931 2667 1066 2713 venerunt
1087 2659 1242 2730 Ragusinm
1260 2658 1404 2713 iohannes
1423 2657 1458 2710 da
1476 2657 1568 2724 Pribi,

319 2746 453 2800 Nicotaus
472 2747 618 2813 Dabronis,
636 2745 778 2802 iohannes
797 2747 934 2812 Gimanoi,
952 2745 1095 2800 iohannes
1114 2745 1196 2810 Gille,
1216 2745 1328 2799 Marcus
1346 2744 1439 2798 Basilii
1458 2751 1486 2798 et
1504 2744 1569 2797 Me-

321 2834 417 2888 dosins
435 2833 557 2904 Thomas
576 2833 715 2905 Dragonis
734 2834 831 2890 sindici
850 2841 878 2888 et
896 2841 1087 2905 procuratores
1106 2833 1261 2888 communis
1281 2832 1393 2900 Gattaei,
1407 2836 1439 2886 ut
1451 2837 1567 2886 constat

322 2922 434 2992 publico
453 2923 637 2976 instrumento
657 2922 801 2992 presbiteri
819 2921 984 2991 Thriphonis
1003 2927 1070 2976 tunc
1096 2921 1193 2974 notarii
1218 2919 1319 2986 Catari,
1344 2925 1373 2973 et
1396 2927 1569 2988 acceperunt
1590 2927 1593 2936 ’

279 3025 296 3049 ⁰·
321 3009 355 3064 de
375 3011 501 3064 manibus
521 3009 546 3064 d.
566 3010 674 3064 comitis
693 3016 720 3064 et
739 3010 892 3062 communis
911 3008 1000 3062 dictas
1017 3025 1061 3062 res
1080 3008 1114 3062 de
1133 3007 1257 3079 predicto
1275 3005 1411 3077 deposito.
1435 3003 1489 3071 Qui
1509 3007 1568 3060 sin-

321 3096 375 3150 dici
395 3097 588 3167 obligaverunt
605 3113 635 3151 se
652 3097 765 3150 nomine
784 3097 939 3150 communia
958 3096 1060 3162 Catari,
1079 3095 1154 3165 quod
1173 3096 1195 3148 si
1214 3095 1308 3165 aliqua
1326 3110 1444 3165 persona
1469 3091 1568 3148 futuro

322 3189 448 3253 ternpore
467 3185 626 3254 apparuerit
638 3184 673 3238 ad
687 3184 836 3254 petendum
857 3183 945 3237 dictas
958 3201 1010 3250 res,
1029 3189 1057 3238 et
1075 3183 1168 3238 comiti
1186 3191 1214 3238 et
1232 3183 1371 3237 communi
1390 3181 1506 3253 Ragusii
1524 3181 1565 3234 ri-

323 3270 440 3336 debitur,
460 3270 535 3339 quod
554 3271 601 3328 illa
620 3288 738 3341 persona
755 3271 855 3324 habeat
869 3271 918 3340 jus
937 3272 963 3324 in
984 3270 1064 3324 dictis
1082 3271 1174 3335 rebus,
1192 3286 1340 3325 commune
1359 3270 1452 3324 Catari
1473 3268 1565 3323 dictas

319 3373 362 3410 res
385 3359 528 3412 restituere
548 3357 648 3412 debeat
667 3359 760 3412 comiti
774 3360 950 3412 etcommuni
969 3357 1084 3428 Rugusii
1097 3358 1168 3412 infra
1180 3375 1267 3412 uuum
1280 3374 1410 3424 mensem,
1424 3363 1451 3412 et
1470 3358 1493 3410 si
1506 3373 1565 3412 non

319 3445 455 3498 voluerint
472 3446 624 3512 restituere,
644 3445 769 3498 homines
788 3445 880 3500 Catari
900 3445 1019 3499 debeant
1036 3445 1099 3499 dare
1118 3453 1146 3499 et
1164 3444 1270 3499 solvere
1289 3445 1428 3499 communi
1448 3445 1565 3515 Ragnsii

318 3537 436 3598 tantum,
461 3539 596 3602 quantum
622 3532 713 3585 dictae
736 3549 779 3586 res
804 3549 853 3601 per
880 3549 1026 3586 commane
1050 3533 1164 3602 Ragusii
1191 3533 1294 3586 fuerint
1317 3533 1467 3588 aestimate.
1492 3533 1567 3585 Oura

319 3621 403 3689 igitur
433 3620 641 3689 praenominata
669 3619 813 3672 Belosiava
841 3626 928 3673 mater
953 3620 1018 3674 dicti
1046 3621 1150 3674 Dcssae
1175 3637 1249 3673 nrrnc
1279 3622 1383 3674 venerit
1409 3619 1566 3690 Ragnsinm

319 3723 381 3760 cnm
401 3707 498 3760 litteris
523 3705 596 3759 dora.
620 3707 692 3775 regis
717 3705 831 3771 Urossii,
857 3708 1070 3773 continentibus,
1095 3707 1171 3778 qaod
1190 3707 1280 3761 dictae
1299 3723 1343 3761 res
1364 3707 1484 3761 debeant
1505 3707 1565 3760 dari

319 3793 488 3859 Belosiavae,
509 3792 640 3862 praedicti
659 3794 749 3846 nuntii
769 3793 876 3848 Sarsina
895 3801 922 3848 et
940 3795 1039 3848 Nicoia
1059 3795 1202 3864 requirnnt
1221 3811 1367 3848 commune
1386 3795 1479 3850 Catari
1498 3811 1565 3864 qua·

319 3888 399 3936 tenna
419 3881 506 3934 dictas
525 3897 568 3934 ros
586 3881 733 3934 'restituant
751 3889 799 3934 aut
818 3880 972 3934 secundum
998 3883 1217 3936 aestimationem
1245 3882 1410 3951 persolvant.
1437 3881 1475 3936 Et
1499 3883 1577 3952 qnia'

320 3969 440 4022 (batarini
461 3985 544 4022 suum
562 3969 698 4021 notarium
719 3969 852 4022 Themarn
878 3985 928 4038 pro
954 3969 1080 4024 iacienda
1096 3971 1229 4040 petitione
1255 3975 1282 4022 et
1307 3971 1505 4040 protestatione
1524 3972 1565 4024 eia

320 4057 499 4127 denegarunt,
517 4057 580 4110 ideo
600 4063 766 4125 rogaverant
791 4058 953 4124 magistram
979 4057 1157 4112 Thomasinm
1176 4057 1217 4114 ¹de
1237 4059 1337 4111 Severe
1356 4058 1493 4111 notarium
1513 4058 1563 4111 im-

319 4145 449 4214 perialem
468 4153 496 4198 et
525 4145 603 4198 dues
626 4144 809 4198 venetiarum
837 4152 864 4198 et
889 4147 1043 4198 communis
1069 4145 1183 4214 Ragusii
1208 4153 1238 4200 at
1263 4162 1347 4215 super
1370 4145 1439 4198 haec
1463 4145 1564 4198 instru-

319 4239 440 4286 mentum
461 4233 543 4286 iaciat
563 4232 713 4302 publicum.

371 4321 418 4372 Itis
437 4319 548 4372 archivo
567 4318 658 4371 aulico
682 4318 888 4372 Vindeboaeaai
907 4321 981 4371 r'atcr
1000 4326 1064 4372 arcta
1084 4320 1241 4387 liupatone
1261 4323 1345 4386 reate.

374 4457 585 4512 ntcccxcffl.
599 4459 745 4529 Traparii.
760 4463 836 4511 1285.
849 4463 891 4512 30.
906 4459 1068 4512 Derernbria.
1083 4459 1265 4527 Temporibus
1278 4457 1400 4512 Ladislai
1416 4457 1468 4511 IV.
1482 4457 1562 4528 regis,

320 4563 409 4600 venor.
429 4546 555 4616 Gregorii
574 4546 694 4615 episcopi
720 4545 920 4614 Tragrrricnsia,
947 4547 1009 4600 nob.
1039 4546 1165 4612 Gregorii
1191 4545 1299 4598 comitis
1318 4543 1509 4614 Traguriansis
1536 4553 1563 4598 et

320 4635 383 4686 nob.
406 4633 531 4687 l‘almerii
551 4635 585 4688 D.
605 4635 679 4688 Taici
697 4635 730 4687 de
745 4635 837 4687 Firmo
852 4635 996 4704 potestat-is
1015 4634 1128 4703 Tragur.
1147 4633 1273 4693 civitatis,
1288 4631 1446 4702 praedictus
1459 4631 1493 4684 G.
1509 4633 1565 4702 epi·

319 4738 421 4792 scopus
440 4738 495 4776 rrna
514 4738 576 4775 carn
596 4721 728 4774 (terensis
747 4721 948 4778 archidiacono,
969 4721 1143 4790 primiacerio
1163 4721 1294 4786 Casiotto,
1314 4726 1341 4773 et
1359 4725 1418 4772 toto
1441 4719 1566 4788 capitulo
