3480 5356
295 394 361 462 28⁰
803 418 824 457 1.
836 401 1034 476 tumvlo,

292 585 410 656 gmtrum
436 583 641 640 tavernicorum
659 587 688 639 st
704 583 833 640 comitem
857 582 893 638 de
917 582 1034 650 Barnun,
1060 594 1133 652 meg.
1159 579 1243 651 Mnys
1265 579 1397 637 comitem
1420 579 1539 653 remigi·

292 687 391 728 ensem
410 675 438 728 et
456 669 682 734 Vorosdiensem‚
701 670 816 742 Herney
834 669 938 725 bonnm
960 667 1088 724 comitem
1113 665 1289 736 NJtdsnsem,
1307 666 1470 739 Philippum
1493 684 1539 724 eo·

291 759 388 815 mitem
404 757 439 814 de
452 758 568 814 Walcov
586 762 637 813 etc.
651 758 716 828 quin
734 755 825 814 diotns
843 756 992 828 Ghepsnus
1009 759 1038 810 et
1055 754 1115 810 eius
1133 752 1190 810 duo
1208 753 1358 812 servientes
1370 753 1538 810 anentinus

293 851 321 901 et
348 846 442 901 Boron
469 844 631 901 occiderunt
656 845 786 900 comitem
813 844 873 915 Isip
900 847 1007 914 patrem
1033 840 1256 912 supradictorum
1283 843 1312 896 et
1338 841 1399 898 eins
1427 857 1539 898 servum

292 932 414 990 Petrum.
432 933 526 988 Motae
546 935 634 987 terrm
654 931 767 988 fuerunt
780 929 934 987 meandum
945 929 1051 984 litteras
1068 927 1212 984 honesti!
1229 926 1328 984 indicis
1346 928 1449 996 ennae,
1467 933 1540 985 terra

293 1019 418 1076 Thomas
438 1023 467 1074 et
483 1018 594 1074 Nicolei
611 1017 728 1074 fratrum
746 1018 825 1074 Phile
843 1017 1004 1089 praepositi,
1022 1015 1088 1071 inde
1106 1014 1245 1086 quaedam
1271 1029 1373 1086 magns
1397 1016 1450 1084 sis,
1475 1014 1540 1072 inde

293 1111 368 1162 terra
388 1105 514 1177 Ohepnni
532 1120 605 1176 qnae
624 1109 734 1177 sepernt
752 1109 826 1161 mete
843 1120 861 1160 a
879 1103 1016 1160 Ruthenis
1034 1102 1218 1160 existentibus
1236 1103 1315 1158 iuxta
1333 1117 1435 1174 squnm
1454 1102 1540 1172 omn,

295 1193 331 1248 sd
352 1193 525 1250 occidentem
543 1195 609 1248 sunt
626 1191 809 1248 commetnnei
833 1191 933 1264 populi
949 1189 985 1246 de
1003 1195 1094 1246 oasim
1119 1189 1240 1246 Wolknv
1263 1188 1328 1245 inde
1351 1189 1425 1245 dnae
1450 1191 1540 1246 terrae

295 1280 405 1336 abbatis
430 1297 480 1336 seu
505 1279 665 1336 monasterii
689 1278 718 1335 S.
743 1277 863 1350 Spiritus
886 1277 921 1334 de
940 1277 1070 1335 Wolkos.
1093 1277 1164 1332 Inde
1187 1292 1290 1347 magna
1316 1277 1396 1333 saliis
1424 1277 1541 1334 asom

295 1369 371 1424 venit
389 1367 425 1422 ed
443 1367 600 1424 clausuram
619 1365 829 1437 Ghnbsgsatha.
846 1366 916 1422 Inde
935 1381 985 1436 per
1002 1365 1093 1420 sarias
1111 1369 1199 1420 metas
1217 1363 1254 1419 ad
1274 1365 1400 1436 primam.

352 1453 418 1511 Ocd.
438 1454 507 1523 dipl.
524 1455 637 1524 patmos
659 1453 689 1508 V.
713 1451 759 1507 VI.
776 1467 805 1523 p.
824 1455 886 1508 148.
900 1467 935 1508 en
952 1452 1065 1509 cretico
1077 1452 1207 1507 comitem
1226 1451 1344 1508 Festetid
1355 1451 1387 1507 ia
1400 1451 1541 1524 retem.

353 1593 552 1650 GMXXXIX.
570 1593 603 1648 Is
620 1593 742 1652 Oronoa
764 1596 841 1650 12⁶7.
860 1596 902 1650 12.
920 1591 1088 1649 Novembris.
1107 1592 1176 1647 Beln
1193 1589 1245 1646 IV.
1263 1606 1313 1646 rex
1330 1590 1449 1648 ratificat
1473 1590 1542 1646 nmi-

301 1681 419 1738 oabilem
436 1679 666 1752 compositionem
683 1680 739 1735 litis
757 1680 829 1736 inter
846 1679 1053 1750 generationem
1064 1677 1134 1734 June
1153 1683 1181 1734 et
1197 1678 1362 1749 magistrum
1372 1677 1541 1735 Hoholdnm

300 1769 394 1840 magni
412 1767 540 1824 Hoholdi
557 1767 666 1823 comitis
688 1767 784 1834 filium,
809 1767 948 1823 mediante
973 1765 1054 1823 ohsk
1079 1765 1153 1820 bano
1177 1765 1278 1822 comite
1300 1763 1457 1821 Snladienei
1481 1781 1542 1838 per·

298 1862 397 1913 actam
415 1855 492 1912 Inter
510 1855 581 1910 alios
598 1855 626 1910 in
645 1853 813 1910 documento
831 1856 989 1910 nominatos
1002 1853 1122 1909 occurrit
1139 1853 1240 1908 Ibronr
1252 1852 1380 1920 (Itouri)
1392 1856 1421 1909 et
1433 1851 1542 1924 Stephk

299 1957 363 1999 cnm
382 1942 446 1998 filiis
463 1957 496 1998 ac
515 1942 654 1996 Martinus
676 1941 750 1996 filins
774 1941 902 2012 Budivoy
925 1940 960 1997 de
984 1941 1161 2012 generatione
1179 1939 1244 2010 Iure
1271 1956 1307 1996 ex
1334 1940 1420 1998 nitere
1447 1947 1543 1998 entem

299 2034 378 2102 parte
395 2028 431 2085 de
448 2029 628 2099 generatione
649 2027 775 2086 Hoholdi
794 2027 876 2084 Ohnlr
896 2028 1068 2084 banoscum
1087 2027 1145 2084 tilio
1163 2044 1215 2084 suo
1240 2028 1385 2099 Dyonisio‚
1409 2029 1543 2098 magister

299 2115 380 2172 Ohalr
397 2131 491 2172 eomes
509 2113 544 2170 de
562 2113 664 2184 Vrbes,
682 2130 776 2171 comes
794 2115 949 2170 Lnncretus
967 2131 1032 2171 eum
1044 2115 1175 2182 filiosuo,
1190 2115 1311 2172 Michael
1328 2115 1403 2172 filins
1420 2115 1545 2172 mani

300 2207 328 2259 et
346 2201 442 2260 Ochus
459 2201 533 2256 fliius
551 2201 655 2257 Burad.
680 2201 821 2257 Statntum
845 2203 928 2256 etiem
952 2201 1006 2258 suit
1028 2201 1105 2272 quod
1128 2203 1260 2272 magister
1286 2201 1438 2260 Hoholdns
1461 2217 1544 2274 geae-

300 2289 400 2346 rationi
418 2287 487 2344 Jure
506 2289 613 2344 solvere
638 2288 739 2344 debeat
756 2289 791 2344 25
808 2305 916 2346 marcas
939 2291 1046 2345 ratione
1070 2305 1263 2361 expensarum,
1283 2287 1377 2350 dando
1401 2305 1452 2361 pro
1476 2306 1544 2361 qua·

301 2373 370 2432 libet
387 2391 481 2431 marca
499 2375 623 2446 quinque
641 2390 743 2447 pensas
764 2373 940 2432 denariorum
966 2375 1196 2447 anrabiensium
1214 2380 1264 2432 ant
1281 2375 1377 2434 decem
1396 2392 1499 2450 pensas
1516 2377 1545 2433 in

305 2461 494 2517 vienensibus
513 2461 616 2517 sivein
635 2461 729 2534 parvis
747 2461 867 2518 denariis
885 2461 1065 2520 numerando.

353 2547 448 2617 Pejor:
470 2549 563 2606 Codex
580 2549 650 2619 dipl.
672 2551 701 2605 Τ.
719 2548 772 2606 IV.
790 2549 843 2607 eoi.
861 2549 919 2604 ΙΙΙ.
935 2565 965 2619 p.
985 2553 1048 2604 403.

355 2687 470 2744 OMXL.
483 2689 629 2760 Tragurii.
648 2692 692 2744 29.
711 2688 876 2746 Decembris.
890 2688 1040 2746 Gervnsius
1053 2689 1229 2746 Primicerins
1241 2694 1331 2746 rector
1344 2705 1394 2746 sen
1406 2688 1545 2762 plebanus

303 2776 436 2833 ecclesiae
459 2776 488 2833 S.
513 2776 627 2832 Martini
655 2777 690 2832 de
718 2792 856 2832 consensu
885 2777 1017 2849 episcopi,
1043 2777 1152 2833 comitis
1179 2781 1207 2834 et
1233 2777 1419 2846 dominorum,
1437 2777 1547 2832 comitis

303 2863 405 2920 Marini
423 2863 569 2934 Amblasil‚
587 2863 693 2935 Dsymi
710 2863 745 2920 dc
764 2865 848 2935 (iege,
858 2863 1001 2920 Valentini
1019 2865 1101 2932 Petri,
1120 2863 1244 2920 Bastiani
1262 2863 1364 2932 Lucae,
1384 2863 1543 2934 Tirecdoaii,

304 2949 413 3007 Dessae
437 2950 573 3006 Amblnsii
597 2955 625 3006 et
651 2949 760 3022 Jacoby
785 2952 883 3023 Pomp,
901 2951 949 3022 qui
968 2967 998 3006 se
1016 2949 1214 3007 haereditarios
1238 2951 1334 3008 dieunt
1351 2965 1413 3006 esse
1433 2966 1482 3022 per
1499 2967 1547 3022 pa·

305 3038 450 3093 rentellam
468 3037 579 3094 illorum
597 3035 633 3093 de
651 3037 859 3094 Mschenaturis
877 3037 1015 3094 contraxit
1032 3043 1144 3110 pactum
1163 3054 1227 3094 cum
1244 3037 1332 3093 Lucio
1351 3036 1476 3094 Mathsei
1499 3037 1547 3110 qui

309 3139 340 3180 se
358 3140 408 3196 per
425 3123 527 3180 dictam
545 3125 728 3195 parentellnm
745 3125 834 3196 ipsine
853 3125 985 3180 eeclesiae
1003 3124 1218 3180 haereditarium
1235 3139 1297 3180 esse
1315 3122 1433 3192 dieebst,
1450 3121 1479 3180 in
1491 3139 1548 3196 qno

305 3209 397 3266 dictus
414 3210 520 3266 Lucius
538 3211 665 3281 promisit
683 3211 790 3266 elevare
808 3211 891 3266 altius
910 3211 1024 3266 domum
1043 3209 1133 3267 diotae
1151 3212 1291 3268 ecclesiae.
1319 3213 1421 3266 Actum
1444 3209 1474 3266 in
1498 3223 1547 3282 pa-

305 3296 373 3352 lstio
392 3296 515 3368 episcopi
532 3301 679 3367 ¹praesente
697 3299 809 3370 Duymo
832 3297 986 3354 Domiohae
1010 3301 1037 3353 et
1059 3297 1180 3355 edane
1198 3297 1300 3354 Marini
1318 3296 1427 3365 amsa
1445 3296 1548 3354 unmi-

306 3388 388 3440 nator
406 3381 591 3454 Lampredins
612 3383 720 3440 Jacnbi.

359 3473 472 3528 Laetae:
493 3473 576 3530 Mens.
594 3472 625 3528 di
646 3473 730 3541 itare,
746 3487 775 3541 p.
794 3475 853 3526 113.

361 3607 495 3666 OMXLI.
514 3614 596 3666 1267.
614 3611 682 3666 Beln
694 3609 745 3666 1v.
763 3627 812 3666 rex
831 3611 1008 3667 considerans
1020 3609 1131 3666 fidelem
1144 3625 1227 3666 sunm
1238 3609 1402 3681 magistrum
1413 3609 1550 3668 nomam

308 3698 390 3753 anlne
409 3713 477 3754 suae
494 3699 634 3754 notmirnn
658 3699 806 3769 specialem
824 3703 852 3754 et
869 3697 1028 3754 Johannem
1053 3697 1166 3753 fratrem
1190 3695 1314 3752 eiusdem
1337 3697 1367 3752 in
1390 3696 1474 3755 domo
1499 3715 1551 3756 sna

309 3783 442 3840 educatos
461 3791 488 3840 et
506 3801 523 3840 a
541 3785 693 3842 inventutis
717 3786 844 3856 ipsorum
869 3783 1027 3856 primordiis
1050 3783 1236 3858 locupletatos
1258 3783 1408 3842 virtutibrn
1432 3789 1461 3841 et
1484 3785 1550 3842 tide-

308 3871 435 3927 litstibns
452 3871 566 3940 meritis,
583 3871 701 3928 contulit
718 3871 787 3943 ipsis
808 3877 909 3926 terram
932 3871 1015 3926 castri
1033 3871 1077 3926 sni
1094 3869 1293 3928 Varosdiensis
1316 3870 1424 3928 Komor
1447 3871 1475 3926 in
1500 3871 1551 3932 la·

309 3958 395 4030 geria,
421 3958 618 4030 praecipiendo
643 3957 776 4028 magistro
803 3957 927 4013 Johsnni
950 3957 1044 4013 comiti
1068 3956 1257 4014 Wnrosdiensi
1281 3961 1313 4013 nt
1334 3957 1426 4028 ipsam
1449 3962 1552 4016 terram

309 4044 466 4116 inspiceret,
484 4062 502 4100 a
520 4061 577 4116 quc
601 4045 767 4101 informatos
793 4045 847 4102 fuit
874 4043 949 4116 quod
976 4045 1039 4118 ipsa
1064 4049 1138 4101 terre
1164 4045 1200 4100 sit
1227 4043 1368 4100 sufficiens
1394 4043 1552 4116 quindecim

309 4132 408 4188 aratris
427 4137 455 4187 et
472 4131 548 4203 quod
567 4132 672 4200 vineae,
691 4131 784 4202 sylves
803 4137 830 4187 et
847 4133 958 4204 pratum
976 4131 1031 4187 sint
1048 4133 1077 4186 in
1095 4131 1200 4210 eadem
1228 4131 1340 4188 Exemit
1353 4132 1437 4188 etiam
1461 4131 1552 4204 ipsam

310 4223 413 4273 terram
431 4234 481 4274 rex
499 4219 536 4274 nb
555 4219 629 4274 omni
648 4234 731 4275 onere
750 4225 778 4274 et
793 4217 986 4290 jurisdictione
1004 4219 1112 4276 comitis
1139 4215 1252 4274 tradens
1277 4219 1353 4275 illam
1376 4219 1501 4276 Thomse
1524 4224 1553 4276 et

310 4303 441 4361 fratribus
459 4305 519 4362 eius
536 4304 668 4374 «Iohanni,
684 4305 894 4378 christophoro,
907 4305 996 4362 Paulo
1015 4312 1042 4360 et
1060 4306 1213 4376 Stephano,
1231 4311 1259 4362 et
1276 4306 1342 4364 iecit
1354 4321 1403 4362 eos
1414 4305 1552 4362 introduci

310 4407 360 4462 per
377 4391 535 4448 Johnnnem
558 4392 724 4462 magistrum
748 4393 951 4450 tavernieornm
970 4392 1053 4449 Belae
1070 4392 1151 4450 ducis
1169 4393 1256 4450 totins
1274 4392 1423 4450 Selsvcnia
1440 4393 1491 4450 tilii
1509 4393 1552 4450 sni

312 4485 340 4535 et
361 4479 490 4535 comitem
508 4478 742 4536 Wnrosdiensem.

363 4584 412 4640 Ea
430 4589 606 4655 troneampto
624 4583 781 4642 litterarum
805 4583 977 4656 septemanas·
999 4587 1070 4656 regis
1092 4585 1125 4642 de
1142 4603 1169 4642 o.
1188 4589 1259 4641 uec
1278 4592 1304 4643 et
1321 4589 1400 4643 1635.
1427 4587 1466 4642 Ie
1492 4601 1552 4643 areo

311 4669 476 4729 arcesse
495 4671 571 4729 Ides
586 4672 765 4742 entitatem
784 4677 988 4742 trememtem
1007 4689 1034 4730 a
1052 4677 1130 4732 1431.
1142 4687 1193 4745 per
1205 4671 1378 4744 despiceres
1396 4673 1551 4745 Rationes
