3490 5408
662 427 806 470 nuceam.
1332 407 1395 472 313

205 587 271 644 ML.
296 591 370 644 1271.
397 587 559 659 Capitulum
587 589 766 646 Ohaemensis
796 591 930 648 ecclesiae
957 592 1102 662 significat,
1133 593 1208 664 quod
1239 595 1396 650 constitutis

154 691 248 730 coram
266 691 299 730 eo
317 675 354 730 ab
372 693 428 730 una
447 681 525 747 parte
543 677 636 732 Petrin
655 677 712 734 filio
730 678 813 742 Patri,
833 677 938 734 Glisma
955 679 1013 735 lilio
1032 680 1137 750 Zeoyk,
1158 681 1289 748 Mathaei,
1310 681 1395 750 Seni,

152 761 246 830 (iinsc,
271 761 404 817 Gardolra
427 763 484 818 filio
508 762 608 831 Ginka,
627 764 743 835 Wialov,
767 765 888 837 Moycho
912 766 970 823 filio
994 766 1135 838 Moychin,
1155 767 1317 840 Caeruiglav
1336 769 1393 825 lilio

151 847 293 915 Nekemir,
311 849 394 904 Maris
412 850 470 906 filio
487 851 579 906 Bonsr
600 850 635 906 de
659 867 760 921 genere
783 851 913 919 Buchka;
937 855 973 908 ab
996 854 1083 908 altera
1108 861 1201 910 autem
1226 856 1313 911 Mirse
1338 856 1395 911 illio

150 935 267 1007 Destyn,
285 935 360 992 idem
378 937 472 992 Petrin
491 943 519 993 et
537 938 583 994 alii
602 938 670 993 socii
688 943 789 994 terram
808 955 888 994 suam
908 945 936 994 et
952 955 1138 1008 communem,
1158 941 1276 996 vicinam
1294 947 1322 997 et
1339 942 1396 998 fers

150 1022 349 1078 circumdatam
367 1040 431 1079 cum
450 1030 523 1080 terra
548 1025 634 1080 Mirse
660 1042 710 1095 pro
732 1025 830 1082 decem
854 1027 954 1082 mercis
983 1032 1012 1082 et
1038 1025 1127 1082 tribus
1155 1029 1250 1099 pensis
1276 1029 1396 1084 confessi

151 1113 216 1163 eunt
233 1125 264 1166 se
282 1107 446 1166 vendidisse.
467 1111 555 1166 (iuius
573 1117 662 1168 tarrae
680 1117 755 1168 meta
775 1113 872 1184 incipit
889 1113 926 1167 ub
944 1112 1087 1170 occidente
1104 1115 1133 1170 in
1152 1115 1292 1170 vicinitate
1307 1119 1396 1170 terrae

151 1195 238 1250 Mirse
256 1195 321 1251 inde
338 1196 413 1253 cedit
431 1199 459 1252 in
478 1197 614 1262 Znhodol,
632 1199 716 1253 intrat
733 1200 762 1253 in
781 1215 882 1270 aquam
902 1199 1044 1270 Rogozna,
1060 1199 1125 1256 inde
1143 1200 1179 1256 ad
1197 1201 1395 1269 molendinum,

148 1281 215 1338 inde
231 1283 261 1336 in
279 1300 380 1354 magno
399 1284 549 1354 spacioni
568 1289 669 1340 terram
694 1285 812 1340 Maritus
833 1285 882 1340 filii
905 1286 978 1341 Tuol
1000 1303 1017 1341 a
1040 1286 1155 1343 meridie
1179 1293 1268 1343 terrae
1287 1287 1394 1343 Wirlov

152 1374 179 1424 et
199 1369 379 1442 anmoglav,
398 1388 447 1442 per
465 1372 555 1427 varim
573 1377 662 1428 metes
680 1371 716 1427 ed
735 1372 824 1444 ripam
844 1371 968 1428 Wrbona
986 1373 1022 1427 ad
1041 1375 1170 1446 priorem.
1299 1430 1302 1436 .

205 1457 250 1512 Ec
267 1458 381 1514 arctico
399 1459 532 1514 summati
549 1459 682 1514 Βιιιίιιιιί.Ι
706 1459 828 1514 Wcaecl:
852 1459 918 1515 God.
937 1459 1006 1528 dipl.
1025 1460 1133 1530 Arped.
1152 1459 1231 1516 VHI.
1248 1466 1311 1517 357.

202 1597 283 1651 MLI.
302 1599 338 1652 la
356 1597 446 1656 Senia
474 1605 539 1654 cute
563 1599 704 1654 ecclesium
727 1597 756 1654 S.
778 1599 902 1654 Jounnr'a
925 1599 1012 1667 Bapt.
1035 1603 1115 1656 1271.
1139 1599 1265 1655 Jacobns
1287 1600 1396 1672 uicepc·

149 1688 244 1750 testas,
262 1683 432 1755 iudicesque,
458 1685 609 1740 consiliarii
633 1691 662 1740 et
684 1689 743 1740 tota
764 1686 921 1741 comanitas
945 1685 1103 1741 Scenienais
1129 1686 1294 1756 significant,
1318 1689 1395 1757 qnod

150 1786 214 1826 cum
233 1771 318 1827 frater
337 1771 478 1827 Henricns
497 1773 650 1827 monachus
669 1772 850 1842 Toplicensis,
870 1773 974 1828 electus
992 1773 1117 1829 eiusdem
1136 1773 1261 1838 civitatis,
1282 1775 1395 1830 veniens

154 1857 182 1911 in
201 1859 291 1928 ipsam
312 1859 450 1914 civitatem
475 1859 534 1914 vice
552 1864 580 1914 et
597 1859 710 1914 nomine
732 1857 841 1913 abbatis
859 1858 894 1914 de
912 1859 1037 1930 Toplica‚
1055 1859 1161 1915 litteras
1179 1861 1302 1930 magistri
1321 1861 1395 1916 Petri

149 1943 335 2000 archidiaconi
362 1945 480 2014 Zagrab.
507 1947 708 2016 praesentavit,
735 1944 811 2015 quod
838 1945 939 2001 domne
963 1961 1044 2012 anus,
1072 1963 1142 2016 quas
1172 1946 1302 2002 dominus
1334 1948 1395 2003 Bel-

149 2033 264 2086 aaninus
282 2033 310 2087 in
329 2031 403 2088 dicta
421 2033 532 2088 civitate
549 2033 585 2088 ab
604 2034 703 2089 eodem
726 2034 810 2090 Petro
833 2034 954 2105 tenebat,
973 2034 1008 2089 ad
1026 2051 1127 2089 msnns
1146 2034 1257 2089 abbatis
1281 2035 1395 2090 deberet

149 2120 298 2188 assignare.
320 2119 376 2187 Qui
394 2120 425 2175 B.
444 2119 544 2175 domus
568 2120 724 2191 praedictas
743 2120 833 2176 eidem
851 2121 890 2175 H.
910 2121 968 2176 sine
993 2120 1209 2177 contradictione
1234 2122 1394 2192 assignavit.

202 2205 326 2262 reeicit:
345 2209 419 2262 Mon.
438 2207 501 2262 litet.
523 2209 550 2260 Τ.
570 2210 592 2261 Ι.
609 2223 639 2276 p.
658 2207 721 2261 160.

198 2346 294 2402 MLII.
313 2347 451 2419 Bichipii.
470 2352 550 2404 1271.
567 2345 693 2404 Jcccbus
711 2348 800 2402 maior
818 2347 900 2403 villae
912 2353 940 2402 et
952 2351 1011 2403 tcta
1023 2348 1208 2403 communitas
1221 2348 1338 2404 civitatis
1357 2348 1392 2404 de

146 2431 229 2502 Bihig
246 2439 346 2488 notum
364 2434 439 2502 facit,
459 2434 534 2504 quod
553 2441 715 2506 compatre
734 2435 864 2490 Mathaeo
888 2434 990 2490 abbate
1013 2434 1049 2489 de
1073 2435 1189 2506 Toplica
1211 2436 1295 2490 talem
1320 2435 1395 2492 ordi·

145 2525 282 2574 naverunt
309 2521 548 2591 compositionem,
568 2527 599 2576 nt
617 2522 677 2592 ipse
702 2522 811 2576 nullum
830 2521 864 2576 de
882 2538 979 2578 eorum
1000 2521 1199 2592 jobagionibus
1222 2521 1258 2577 de
1276 2521 1394 2578 Velicho

147 2606 182 2661 ad
202 2623 283 2662 suum
301 2607 456 2664 districtum
475 2607 510 2664 de
529 2608 613 2664 Orcla
637 2609 760 2679 recipiat,
779 2615 807 2662 et
825 2607 865 2663 illi
884 2625 1052 2665 econverso
1077 2609 1185 2665 nnllnm
1202 2609 1238 2664 de
1257 2609 1340 2664 Orcla
1358 2609 1393 2665 ad

131 2682 305 2749 'districtum
324 2693 360 2750 de
378 2694 480 2750 Velilrc
500 2711 669 2751 assummere
689 2701 876 2766 praesumant.

201 2782 327 2838 cecicit.-
345 2785 420 2838 Mon.
438 2783 504 2837 hist.
527 2785 554 2835 Τ.
573 2783 596 2838 1.
612 2799 641 2851 p.
654 2785 714 2838 160.

198 2939 309 2995 MLllI.
328 2939 475 3011 Trapurii.
495 2943 570 2994 1272.
597 2944 621 2993 7.
639 2940 804 3012 Junnucrii.
824 2939 925 2994 Comes
942 2939 1134 3011 Stepicinade
1154 2941 1273 3010 (leptina
1295 2944 1323 2994 et
1345 2941 1389 2994 sui

148 3027 348 3096 consanguinei
366 3025 515 3096 ancepta,
538 3025 613 3080 filius
637 3025 788 3080 Previslavi
811 3031 839 3082 et
862 3025 1049 3094 Predialurue,
1073 3027 1147 3081 filins
1171 3027 1331 3094 Qualimsre
1355 3026 1390 3083 de

146 3113 266 3184 Oeptina
283 3129 318 3168 ex
338 3129 394 3168 nne
411 3117 498 3184 parte,
516 3117 544 3166 et
561 3111 638 3166 Elias
662 3113 736 3167 lilius
761 3113 915 3181 Radovani,
934 3113 1094 3169 volchenea
1119 3113 1153 3168 de
1178 3111 1316 3182 Sibeoico,
1343 3129 1391 3169 no-

145 3200 219 3254 mine
237 3201 444 3256 communitatis
462 3199 592 3265 sitonici,
612 3204 640 3254 et
657 3200 749 3255 Dessa
768 3200 913 3266 Amblasii,
937 3201 1015 3256 Luca
1033 3201 1108 3256 Patri
1133 3203 1160 3255 et
1183 3200 1324 3272 Lamprus
1342 3199 1391 3255 Ja-

144 3286 207 3341 cobi
226 3286 333 3342 iudices
351 3287 469 3342 civitatis
492 3287 620 3356 Tragurii
642 3287 755 3342 nomine
780 3287 936 3342 communis
959 3286 1152 3357 Tragurieusis
1177 3303 1213 3342 ex
1236 3287 1331 3357 altera,
1356 3286 1390 3342 ad

144 3374 227 3428 talem
245 3371 422 3429 concordiam
440 3379 641 3446 pervenerunt:
665 3373 750 3442 Quod
769 3375 792 3429 si
811 3374 911 3444 aliquis
930 3373 966 3428 de
984 3373 1102 3444 Oeptina
1126 3374 1259 3429 damnum
1284 3373 1391 3429 dederit

144 3461 227 3516 alicui
246 3461 281 3516 de
299 3461 434 3532 Tragurio
454 3463 498 3517 vel
516 3461 551 3517 de
569 3461 700 3517 Sibenicc
719 3467 747 3516 et
765 3477 829 3516 enm
848 3462 1016 3532 percusserit
1027 3467 1077 3517 snt
1095 3462 1260 3532 sanguinem
1278 3461 1388 3530 fuderit,

146 3553 273 3603 tencatur
291 3547 397 3604 dictum
414 3547 549 3604 damnum
567 3549 714 3604 emendare
741 3554 769 3603 et
794 3549 817 3602 si
842 3564 897 3603 non
920 3549 1029 3619 poterit,
1057 3550 1183 3604 undatur
1210 3548 1392 3620 personaliter

144 3635 184 3688 illi
202 3636 246 3691 cni
273 3634 407 3690 damnum
425 3635 521 3691 fecerit
545 3641 593 3690 aut
616 3651 698 3705 quem
724 3635 892 3704 percusserit
910 3641 937 3690 ct
955 3651 970 3690 e
989 3651 1123 3692 converso
1147 3635 1320 3706 Tragurinus
1345 3636 1389 3690 vel

145 3720 325 3778 Sibiniceneis
344 3721 486 3778 Oetinensi
503 3722 616 3778 homini.
636 3722 673 3776 Et
691 3722 714 3775 si
733 3721 836 3792 aliquis
855 3721 983 3776 inventus
1001 3723 1085 3778 fuerit
1098 3727 1196 3794 postea
1209 3722 1303 3791 aliquo
1321 3727 1390 3776 tem·

11 3793 13 3806 ¹
109 3873 111 3878 y
144 3823 220 3880 pore,
239 3809 314 3880 qnod
334 3810 471 3866 malitiose
492 3809 593 3864 dixerit
611 3815 639 3864 et
657 3808 766 3879 petierit
789 3807 865 3878 qnod
891 3809 977 3879 petiit,
1001 3813 1129 3863 tenentur
1147 3808 1254 3864 solvere
1273 3808 1390 3878 duplum

145 3894 179 3950 de
198 3912 239 3964 eo,
259 3896 334 3966 qnod
359 3898 467 3967 accepit
484 3912 535 3967 pro
562 3894 664 3950 damno
687 3894 734 3962 illi,
760 3911 778 3948 a
802 3911 858 3964 quo
882 3895 990 3966 accepit
1015 3893 1161 3949 emendam
1184 3893 1287 3948 damni.
1310 3893 1391 3948 Haec

145 3997 243 4036 omnes
262 3981 296 4036 sd
315 3983 433 4038 invicem
446 3983 515 4038 alter
528 3983 589 4037 altri
602 3983 788 4054 promiserunt
801 3988 828 4036 et
840 3981 1020 4053 corporaliter
1033 3983 1193 4036 iuraverunt
1204 3986 1265 4035 rata
1279 3980 1389 4036 hebere.

197 4068 304 4122 Eadem
322 4069 368 4124 die
387 4069 506 4140 Stapcus
524 4069 598 4125 filius
617 4069 722 4126 Stancii
750 4075 778 4125 et
804 4069 929 4124 Joannes
957 4069 1032 4124 filius
1059 4067 1194 4138 Bogdani,
1222 4067 1328 4122 indices
1354 4067 1390 4122 de

145 4155 283 4232 Ohlisaza,
298 4171 332 4210 ex
351 4171 407 4210 una
426 4166 503 4228 parte
522 4173 573 4228 pro
597 4173 648 4210 sua
666 4156 864 4210 communitate
882 4161 910 4211 et
928 4155 1004 4210 Elias
1029 4155 1093 4209 filiis
1112 4154 1258 4209 Radovsni
1276 4159 1304 4209 et
1321 4154 1388 4210 Vol·

144 4241 243 4296 chesas
262 4241 297 4297 de
316 4241 464 4300 Scibenico
483 4261 533 4314 pro
559 4259 610 4298 sua
637 4243 836 4298 communitate
864 4247 892 4298 st
919 4241 1024 4297 iudices
1051 4241 1251 4311 Tragurisnses
1281 4241 1392 4295 nomine

144 4345 212 4383 snae
230 4330 438 4385 communitatis
456 4346 491 4385 ex
509 4331 597 4386 altera
622 4335 708 4400 perte,
727 4329 763 4384 ad
782 4329 856 4384 idern
880 4335 992 4400 pactum
1017 4333 1049 4383 ut
1073 4345 1158 4399 snpra
1183 4333 1388 4382 consenserunt.

145 4416 341 4472 Praesentibus
360 4416 463 4471 Zancia
485 4417 601 4484 anotti‚
627 4417 737 4472 Marino
756 4416 792 4472 de
810 4415 948 4480 (lacarias,
974 4415 1103 4485 Georgeo
1122 4413 1157 4469 ds
1176 4414 1263 4482 (lnge,
1289 4415 1389 4467 llanro

144 4503 253 4568 Sioche,
273 4509 301 4558 et
319 4503 431 4574 Duymo
451 4503 587 4559 Domiche
611 4510 639 4559 et
662 4505 724 4560 aliis
744 4503 870 4570 testibus,
889 4508 917 4559 et
934 4502 1078 4572 Stephano
1105 4501 1206 4555 Marini
1224 4500 1305 4569 Ruga
1324 4515 1388 4554 exa·

143 4590 285 4645 minatore.

195 4677 314 4733 meus:
334 4677 416 4732 Mem.
435 4678 466 4731 di
487 4679 562 4733 lieu
580 4694 608 4746 p.
630 4683 673 4731 86.
