3376 5350
586 445 732 536 ascum.
1011 395 1014 404 ’
1285 441 1346 506 387

100 635 220 690 Wollrov
239 642 266 690 et
284 633 379 695 maiori
394 633 578 704 jobagionum
597 631 677 684 castri
697 636 724 684 et
742 630 838 682 maiori
858 631 993 684 exercitus
1012 637 1040 686 et
1059 632 1192 686 universis
1222 631 1349 702 johagio·

101 725 184 778 nibus
203 723 327 778 eiusdem
346 723 494 776 comitatus
513 719 709 784 communicat,
728 716 803 788 quod
830 733 894 770 cunr
919 722 1006 772 terras
1032 717 1183 790 Scelepche
1210 727 1239 774 et
1262 721 1350 789 Eade-

101 811 164 864 voln
183 813 211 866 in
231 811 362 865 comitatu
382 809 416 863 de
435 807 545 863 Volkov
564 808 639 874 sitas,
654 823 722 876 quas
735 822 783 860 rex
796 805 942 859 Ladislaus
955 805 1028 858 tilius
1042 807 1101 860 eius
1113 809 1140 860 in
1156 810 1349 862 concambium

102 907 193 953 terrae
220 902 316 968 Anyas
343 897 421 950 iuxta
445 895 643 950 monasterium
668 893 750 958 Zeer,
774 892 893 947 Johauni
918 891 1043 946 Adriano
1069 901 1096 948 et
1120 893 1179 964 Isip
1204 895 1268 950 liliis
1292 895 1350 966 Isip

101 985 223 1040 dedisset
243 993 270 1040 et
289 983 460 1050 contulisset,
479 981 593 1036 mandat
613 989 644 1034 ut
663 980 775 1034 eosdem
794 979 823 1032 in
844 979 924 1033 dictis
942 980 1022 1034 terris
1041 999 1095 1035 non
1116 983 1272 1037 molestent.

157 1072 222 1128 Ood.
242 1073 310 1142 dipl.
326 1073 441 1141 patrias
464 1071 512 1124 VI.
528 1087 557 1138 p.
577 1071 637 1121 688.
656 1069 704 1121 Es
723 1067 834 1121 archim
853 1067 983 1120 concitum
1000 1067 1129 1124 Featetia'.

155 1229 399 1286 MCCOXXXIX.
418 1229 553 1288 venetiis
580 1231 656 1284 1283.
674 1231 700 1282 2.
720 1228 831 1281 oraria.
852 1226 905 1282 Per
924 1227 1069 1282 consilium
1089 1231 1179 1300 majus
1197 1231 1350 1302 iniungitur

99 1319 242 1374 Friderico
261 1325 289 1373 et
306 1319 389 1373 Petro
408 1317 554 1372 comitibus
576 1317 693 1387 Vagae,
718 1322 749 1370 ut
773 1315 932 1386 persolvant
951 1315 1075 1370 debiturn
1095 1315 1130 1370 de
1148 1317 1258 1386 regaliis
1284 1319 1348 1373 filiis

99 1407 242 1462 Laurentii
261 1407 377 1477 'Iiepolo
396 1405 537 1476 quondam
558 1403 644 1457 ducis.

152 1494 271 1562 Ipabic‘a
288 1495 367 1548 Mon.
386 1495 411 1548 Ι.
427 1509 459 1561 p.
477 1495 535 1546 134.

156 1634 321 1690 MCCCXL.
341 1634 480 1691 iaderae.
498 1637 573 1688 1283.
593 1636 635 1686 28.
655 1633 767 1686 Martii.
787 1631 970 1702 Temporibus
987 1631 1106 1686 Joannis
1125 1633 1257 1700 Danduli,
1271 1633 1349 1688 dacis

99 1724 292 1790 Venetiarunr,
318 1722 441 1792 magistri
466 1721 617 1786 Laurentii,
640 1719 839 1790 archiepiscopi
865 1718 1018 1784 dadrensis,
1045 1719 1182 1774 Gabrielis
1203 1720 1347 1776 Michaelis

99 1811 217 1876 comitis,
237 1825 300 1864 cum
324 1809 481 1863 Fridericus
509 1808 654 1877 Crisogoni
674 1807 709 1862 de
727 1808 834 1873 ltlauro,
860 1806 1089 1860 Bartholomaeus
1115 1806 1149 1860 de
1174 1806 1296 1862 Saladini
1322 1815 1350 1862 et

98 1899 232 1952 Bivaldus
252 1897 286 1952 de
306 1898 421 1962 Batono,
440 1897 512 1950 cives
531 1895 690 1962 Jadrenses,
710 1901 801 1949 essent
817 1893 922 1948 iudices
939 1895 1149 1961 examinatores,
1165 1896 1239 1949 venit
1255 1895 1349 1949 Domi·

100 1987 182 2039 nicus
200 1984 354 2054 Slogodina
373 2001 553 2054 conquerens,
573 1983 649 2054 quod
668 1983 769 2036 Dessin
789 1980 896 2035 Stricha
915 1982 1027 2036 intravit
1039 1983 1068 2034 in
1081 1983 1140 2036 eius
1159 1983 1264 2038 curiam
1278 2000 1349 2052 (lune

98 2079 142 2126 eat
166 2071 269 2126 Jsdrae
294 2073 322 2125 in
348 2071 468 2126 confinio
493 2071 632 2124 Babarnm
656 2085 720 2124 curn
747 2085 797 2124 suo
826 2070 937 2139 pariete,
963 2069 1038 2122 unde
1062 2069 1173 2140 petebat
1198 2086 1262 2124 eum
1287 2087 1349 2124 cum

98 2177 150 2213 suo
169 2161 274 2229 pariete
292 2176 309 2212 a
329 2160 411 2214 domo
431 2175 482 2212 sua
500 2173 653 2222 renrovere;
674 2162 804 2210 econtra
821 2157 940 2210 asseruit
962 2156 1063 2210 Dessin
1083 2155 1173 2210 Strica
1191 2155 1266 2228 qnod
1286 2159 1347 2212 eius

99 2248 203 2301 curiam
223 2263 278 2300 non
297 2247 439 2300 intraverit
458 2246 506 2300 sed
525 2247 597 2300 sicut
615 2245 682 2299 emit
700 2243 814 2298 domurn
833 2244 971 2297 stlocum
991 2260 1007 2297 a
1026 2243 1135 2298 hiarino
1160 2243 1290 2300 Stumulo
1308 2247 1348 2300 ita

99 2351 173 2388 nunc
191 2341 274 2388 tenet.
293 2334 358 2388 Hoc
376 2336 469 2404 ipsum
489 2333 662 2387 confirmavit
680 2331 770 2386 dictus
790 2331 916 2386 Marinus
935 2331 1082 2386 Stumulus
1101 2338 1129 2386 et
1147 2333 1207 2402 ejus
1222 2333 1348 2387 venditor

99 2421 225 2475 Marinus
245 2421 279 2475 de
298 2421 408 2476 Stance.
427 2420 542 2474 Judices
561 2421 741 2474 inhibuerunt
764 2419 869 2474 dictum
888 2420 1038 2474 Dessinnm
1064 2436 1242 2490 quocumque
1266 2423 1348 2477 modo

98 2509 200 2566 intrare
219 2508 333 2562 domum
352 2516 380 2563 et
397 2509 489 2563 locum
507 2509 656 2574 Dominici,
676 2513 704 2561 et
723 2507 858 2564 dederunt
877 2525 960 2578 super
978 2510 1132 2562 sententiae
1152 2507 1345 2564 diffinitionem

99 2595 263 2666 pristaldunr
283 2595 422 2663 Maurum,
440 2597 527 2650 tilium
541 2595 676 2650 Volcinae
690 2595 724 2649 de
738 2594 865 2664 Sagatisa
878 2596 964 2650 civem
977 2595 1142 2650 Jadrensem
1156 2603 1184 2650 et
1197 2597 1347 2662 tribunum,

99 2683 146 2753 qui
165 2683 218 2737 hoc
238 2685 402 2738 breviarium
422 2685 480 2738 fieri
499 2682 567 2737 fecit
586 2701 679 2737 coram
699 2684 817 2737 testibus
835 2683 919 2737 Petro
938 2684 1064 2754 Zupanio
1085 2697 1112 2737 et
1125 2722 1131 2734 .
1145 2725 1171 2738 ..
1191 2690 1219 2737 ta
1238 2683 1344 2738 Subina

97 2771 281 2825 Jadreusibus
300 2778 329 2824 at
347 2771 416 2824 aliis.
442 2770 671 2824 Bartholomaeus
691 2769 813 2823 Saladini
838 2772 1007 2824 examinator
1031 2787 1144 2824 maurim
1170 2772 1251 2825 misit.
1279 2772 1345 2825 Vin·

97 2860 205 2912 centius
224 2877 245 2912 s.
265 2858 399 2928 Stephani
419 2858 554 2926 presbiter
571 2856 649 2910 Jadr.
669 2857 790 2911 notarius
810 2859 926 2926 scripsit.

152 2946 200 3000 Ea
218 2947 284 3000 ineis
302 2944 486 3000 inisccllaaeia
505 2944 665 2998 dalmaticis
683 2945 817 3012 autiquae
835 2944 1011 2999 collectionis.

153 3104 335 3158 MOCCXLI.
354 3102 488 3174 Rapnsil.
508 3105 583 3155 1283.
603 3105 644 3154 10.
664 3102 782 3170 Aprilis.
802 3077 944 3172 Ragusino
972 3104 1094 3174 capitulo
1123 3113 1292 3178 congregato
1317 3107 1345 3162 in

100 3191 158 3244 sala
183 3190 411 3262 archiepiscopali
431 3207 482 3245 nec
500 3206 554 3243 non
568 3190 642 3244 clero
655 3189 772 3244 civitatis
786 3189 918 3260 circadam,
933 3193 1078 3246 occasione
1091 3193 1234 3248 cuiusdam
1248 3195 1344 3266 dilapi-

99 3278 217 3334 dationis
236 3279 324 3334 sactae
343 3282 371 3334 in
391 3279 436 3334 die
454 3278 674 3333 Resurrectionis
693 3277 847 3332 dominicae
871 3281 936 3347 post
960 3294 1087 3348 vesperas
1111 3287 1207 3334 contra
1230 3280 1341 3336 domum

97 3366 296 3436 archiepiscopi
316 3367 525 3422 Bonaveuturae
543 3371 571 3420 et
590 3373 686 3420 contra
703 3366 794 3436 ipsum
814 3371 842 3418 et
860 3364 985 3433 ejusdem
1004 3365 1145 3435 familiam,
1165 3377 1342 3440 praecaptum

99 3454 153 3507 luit
179 3455 308 3508 omnibus
335 3454 450 3524 capituli
475 3453 608 3524 praedicti
627 3457 655 3506 et
679 3453 744 3506 cleri
769 3451 961 3506 ecelesiasticis
987 3459 1014 3506 et
1039 3455 1197 3523 presbiteris
1221 3458 1274 3512 suh
1299 3473 1345 3511 ex-

100 3543 359 3596 communicationis
390 3559 488 3612 poena,
516 3542 591 3612 quod
619 3559 701 3612 super
725 3541 902 3612 inquisitione
927 3541 1069 3610 praedicta
1087 3547 1115 3596 et
1133 3561 1216 3614 super
1241 3546 1343 3614 quibus

96 3631 260 3698 interrogati
278 3629 380 3683 luerint
399 3647 496 3700 puram
516 3631 635 3684 debeant
654 3628 744 3683 dicere
768 3629 918 3704 veritatem,
944 3627 1119 3682 Convocatus
1138 3631 1192 3684 fuit-
1210 3632 1291 3685 etiam
1312 3633 1339 3685 in

96 3718 281 3785 praesentiam
294 3717 408 3787 capituli
427 3725 454 3770 et
474 3717 538 3770 cleri
558 3717 746 3770 subdiaconus
764 3715 888 3770 Joannes
902 3715 936 3770 de
950 3715 1124 3783 Prodanello,
1138 3719 1184 3787 qni
1200 3718 1343 3773 dicebatur

96 3804 247 3858 concitator
266 3803 356 3858 dictae
376 3803 589 3874 delapidationis
607 3804 700 3858 suisae.
722 3803 777 3868 Qui
795 3804 848 3858 sub
863 3805 1022 3874 juramento
1042 3803 1198 3870 declaravit,
1219 3807 1294 3876 quod
1315 3807 1342 3860 in

96 3891 144 3944 illo
168 3907 279 3945 rumore
305 3890 411 3945 audivit
436 3907 453 3945 a
477 3891 652 3960 quibusdam,
671 3891 746 3960 quod
775 3893 962 3961 consanguuei
982 3894 1023 3946 sui
1044 3891 1154 3946 fuerant
1174 3896 1295 3964 percussi
1316 3903 1343 3949 et

95 3985 161 4032 tunc
180 3979 240 4048 ipse
259 3978 330 4032 dixit
349 3978 402 4032 ista
420 3979 517 4032 verbs:
539 3979 611 4045 ,Ista
630 3995 685 4032 non
705 3984 770 4032 sunt
799 3977 870 4031 ultra
893 3979 1055 4034 sustinenda
1081 3980 1156 4050 quod
1182 3981 1287 4036 familia
1315 3983 1341 4038 d.

97 4065 296 4136 archiepiscopi
316 4067 453 4136 percutiat
473 4067 545 4119 cives
564 4072 681 4132 nostros,
701 4072 729 4119 et
747 4065 822 4134 quod
841 4066 894 4135 ipsi
914 4065 939 4118 d.
958 4065 1167 4138 archiepiscopo
1186 4084 1241 4122 nou
1262 4077 1340 4124 eraut

95 4152 257 4205 sustinenda
275 4153 350 4206 talia.
370 4153 473 4207 Dicens
499 4154 589 4218 etiam,
615 4153 691 4222 quod
716 4169 771 4206 non
798 4151 900 4207 fecerat
923 4163 1047 4221 quartam
1073 4161 1178 4223 partem
1203 4155 1338 4209 malorum

96 4239 171 4308 quod
192 4239 326 4294 debuerat
344 4239 457 4294 fecisse“
479 4248 507 4294 et
525 4240 593 4294 haec
613 4239 683 4294 dixit
701 4241 728 4293 in
748 4239 831 4309 pleno
850 4239 972 4309 capitulo
992 4241 1027 4294 ad
1047 4243 1168 4295 sonitum
1182 4259 1341 4312 campanae,

97 4333 128 4380 ut
146 4328 230 4380 moris
249 4335 299 4380 est.
318 4327 335 4381 J
339 4329 408 4380 urati
428 4333 513 4381 testes
530 4335 626 4381 contra
638 4327 833 4380 Prodanellum
848 4327 972 4380 fuerunt:
991 4329 1130 4382 Antonius
1150 4329 1184 4383 de
1203 4330 1341 4400 Gaioppa,

96 4415 241 4468 Bassaricas
260 4413 294 4468 de
315 4415 470 4482 Ballislava,
491 4416 621 4470 Clemens
640 4416 674 4469 de
699 4415 838 4484 Gangulo,
864 4415 965 4468 Vitalis
990 4415 1024 4468 de
1049 4416 1193 4484 Prodazio,
1223 4417 1339 4472 clericus

95 4502 205 4556 Blasius
225 4502 260 4556 de
279 4501 375 4568 Surco,
388 4502 562 4572 Nicephorus
582 4503 616 4557 de
635 4503 757 4571 Ranana,
777 4502 877 4556 Nicola
896 4503 930 4556 de
950 4501 1071 4569 Orossio,
1091 4505 1136 4573 qui
1158 4521 1253 4558 omnes
1272 4511 1340 4559 atte-

94 4595 203 4644 starunt
221 4589 295 4658 quod
315 4589 498 4644 Prodanellus
516 4591 669 4645 incitaverit
688 4592 798 4661 publice
816 4590 952 4661 populum
977 4595 1073 4644 contra
1099 4592 1337 4663 archiepiscopum

94 4677 130 4731 ad
149 4676 330 4747 lapidandum
350 4684 406 4731 tam
425 4693 487 4732 eum
508 4695 591 4748 quam
611 4679 670 4747 ejus
690 4677 831 4744 familiam,
851 4678 998 4732 vocitando
1017 4679 1088 4733 iuter
1113 4686 1221 4733 caetera
1240 4685 1267 4733 et
1291 4681 1341 4733 rni-

94 4766 186 4820 naudo
214 4765 436 4837 archiepiscopo:
461 4767 544 4821 Illum
569 4768 700 4820 rusticum
728 4783 780 4837 ego
804 4766 902 4820 faciam
928 4765 1057 4836 lapidare.
1085 4767 1149 4833 (Die
1174 4767 1272 4822 Martis
1299 4771 1341 4822 18.
