3376 5350
681 457 826 501 rneram.
1312 445 1377 514 449

133 636 279 708 mancipia,
298 651 391 692 servos
410 643 438 692 et
456 637 578 692 ancillas.
597 636 688 708 Super
712 655 766 708 qua
786 636 920 692 divisione
938 637 991 692 tria
1008 637 1085 708 paria
1102 637 1246 708 privilegia
1264 637 1379 708 capituli

135 731 162 778 et
180 723 316 778 Duciesae
335 723 481 779 Slavoniae
499 731 672 796 acceperunt.

192 811 316 865 ll⁷earel:
337 811 403 866 Ood.
422 811 491 882 dipl.
511 813 619 884 Arpad.
640 812 677 866 X.
692 829 722 881 p.
739 816 801 866 232.

1267 925 1278 950 Ι

190 959 385 1022 MDLXXIX.
405 971 481 1023 1296.
499 973 524 1021 6.
544 971 656 1024 clareii.
675 971 810 1026 Nicolaus
829 970 1003 1042 praepositus
1022 975 1051 1024 et
1068 967 1221 1039 capitulum
1235 967 1378 1037 Quinque·

140 1054 288 1110 eclesiense
308 1057 474 1127 significant,
493 1058 568 1128 quod
585 1055 728 1112 Johannes
746 1057 820 1112 filius
839 1057 930 1112 Bechs
950 1057 985 1112 de
1003 1055 1127 1128 Keulgee
1145 1057 1259 1112 totalem
1276 1063 1378 1112 terram

136 1159 212 1197 auam
233 1143 366 1214 lieulgee,
385 1145 457 1199 ultra
475 1145 589 1200 fluvium
608 1146 717 1200 Dravee
736 1146 826 1212 sitem,
844 1161 908 1200 cum
924 1143 1032 1200 duabus
1050 1144 1122 1199 villis
1135 1151 1164 1198 et
1177 1145 1306 1198 omnibus
1318 1160 1378 1213 per-

136 1232 258 1286 tinentiis
274 1233 392 1286 contulit
403 1233 542 1302 magistris
554 1233 712 1300 Laurentio,
726 1233 836 1304 Philipo
850 1239 879 1288 et
893 1231 1023 1288 Ladislao
1036 1232 1100 1286 liliis
1115 1230 1238 1303 magistri
1251 1230 1378 1300 Philipus

132 1319 196 1389 jure
215 1327 358 1391 perpetuo,
378 1337 393 1374 e
411 1327 507 1376 contra
525 1321 577 1391 ipsi
592 1321 710 1391 juvenes
729 1321 778 1375 tilii
797 1321 920 1392 magistri
945 1320 1073 1391 Philipue
1099 1320 1149 1374 filii
1173 1319 1282 1374 comitis
1307 1317 1378 1372 Cleti

137 1410 341 1477 possessionem
355 1425 433 1462 suam
446 1407 684 1479 Franoheusseldy
701 1409 743 1462 vel
762 1409 912 1479 Zeueboog
930 1409 958 1463 in
977 1409 1083 1462 ambitu
1096 1425 1152 1462 uuo
1165 1408 1239 1461 ultra
1250 1406 1379 1460 Dravum

136 1494 213 1548 iuxta
231 1494 344 1550 fluvium
363 1495 470 1550 Karaeo
489 1495 516 1548 in
536 1496 726 1550 concambium
748 1495 891 1563 dederunt,
904 1499 987 1566 prout
998 1495 1067 1549 haec
1080 1495 1164 1550 etiam
1178 1493 1204 1547 in
1218 1493 1378 1564 patentibus

138 1581 236 1636 litteris
264 1581 391 1636 dominae
416 1583 553 1638 Ducissae
578 1583 724 1638 Slavoniae
748 1583 950 1650 (Thomasiuae)
977 1583 1158 1638 continentur.
1185 1581 1263 1636 Meta
1286 1586 1380 1634 autem

136 1677 224 1724 terrae
243 1669 413 1740 Zeuoboogh
430 1671 527 1742 incipit
545 1671 572 1724 in
591 1671 684 1726 littore
709 1671 784 1726 fluvii
809 1671 916 1726 Karaeo
941 1669 1102 1738 (Karteron),
1120 1668 1195 1724 cadit
1222 1669 1251 1722 in
1277 1683 1379 1738 aquam

136 1760 298 1815 viminoeam
317 1757 410 1812 Katha
434 1759 518 1828 plesa,
544 1758 669 1830 procedit
693 1759 728 1814 ad
750 1759 877 1814 arborem
895 1775 1024 1830 magnum
1049 1757 1214 1826 Berekuuya
1237 1761 1310 1810 terra
1333 1771 1379 1808 cu·

137 1845 278 1914 muletam,
297 1845 363 1900 iude
382 1845 456 1900 cadit
474 1847 501 1902 in
521 1863 621 1916 aquam
640 1845 790 1916 Nevleuya,
811 1845 989 1917 pervenitad
1008 1861 1137 1916 maguam
1149 1845 1223 1900 viam
1236 1842 1271 1898 de
1284 1841 1377 1912 Saagh

137 1933 327 1988 decurrentem
346 1934 381 1987 ad
401 1935 546 1988 ecclesiam
565 1934 590 1988 b.
609 1933 714 1988 Mariae
733 1933 767 1988 de
785 1933 873 1995 Lulra,
894 1933 969 1988 venit
986 1932 1022 1986 ad
1041 1932 1150 1986 foveam
1167 1948 1217 1986 seu
1240 1929 1378 1984 fossatum

138 2021 247 2075 Kalista
266 2038 401 2092 aquarum
420 2039 453 2074 ex
472 2022 652 2076 inundatione
670 2021 826 2092 pluviarum
844 2019 993 2092 aliquando
1012 2026 1105 2074 autem
1128 2020 1241 2086 siccum,
1260 2035 1378 2072 comme-

99 2133 104 2144 ·
136 2115 211 2162 tatur
229 2124 293 2162 cum
310 2109 391 2162 terris
410 2109 532 2178 magistri
558 2109 700 2163 Benedicti
726 2117 753 2163 et
776 2109 855 2162 terrie
879 2108 999 2162 filiorum
1023 2106 1114 2160 David
1133 2112 1161 2160 et
1179 2104 1321 2160 Samsonis
1346 2103 1380 2158 de

137 2211 237 2260 genere
261 2195 396 2262 Havasth,
416 2203 444 2250 et
462 2195 638 2265 procedendo
658 2213 706 2266 per
724 2213 854 2266 magnam
879 2197 952 2250 viam
976 2196 1052 2250 venit
1075 2195 1111 2248 ed
1135 2193 1211 2249 allud
1235 2192 1378 2248 totamm.

137 2281 191 2336 Per
209 2284 298 2338 variae
317 2291 405 2338 metas
424 2283 498 2338 cadit
516 2285 544 2338 iu
563 2301 663 2353 aquam
690 2284 815 2338 Kereena
832 2291 861 2338 et
878 2283 952 2338 venit
976 2283 1013 2337 ad
1037 2299 1137 2354 aquam
1161 2283 1256 2353 Begya
1279 2279 1380 2350 mitia,

137 2369 237 2424 exinde
255 2388 341 2442 prope
360 2373 510 2426 sessionem
529 2372 662 2441 Scynork,
681 2371 745 2426 inde
763 2372 800 2426 ad
817 2373 943 2426 arborem
962 2372 1037 2442 pomi
1057 2371 1226 2441 Lubachym,
1252 2371 1327 2424 venit
1344 2370 1380 2426 ad

136 2475 237 2528 aquam
256 2459 408 2530 Zugoueulr
427 2466 454 2513 et
472 2460 634 2514 terminatur
652 2459 687 2513 ad
707 2459 820 2514 fluvium
838 2459 954 2514 Karasn.

196 2546 320 2600 ll'euzel:
342 2547 406 2600 Gorl.
426 2546 496 2618 dipl.
515 2546 615 2617 sirpod
643 2546 679 2600 X.
697 2549 757 2601 239.

191 2705 371 2760 MDLXXX.
392 2711 465 2760 1296.
489 2711 530 2761 12.
550 2707 662 2760 lllorlii.
681 2706 842 2777 Capitulum
870 2705 1047 2760 Chaemensie
1075 2705 1206 2760 ecclesiae
1233 2704 1378 2774 significat,

139 2793 214 2863 quod
234 2811 326 2848 comes
345 2793 496 2864 Gregorius
515 2795 588 2848 filius
607 2793 725 2848 Romani
738 2795 848 2863 petierit
866 2801 898 2846 ut
916 2793 1036 2862 aliquem
1055 2809 1089 2846 ex
1109 2791 1232 2862 capitulo
1244 2791 1280 2846 ad
1293 2807 1379 2846 ream-

139 2879 275 2934 bulandas
294 2888 379 2935 terrae
398 2883 456 2935 eius
479 2883 507 2935 in
536 2881 662 2934 districtu
687 2879 842 2934 Zaladiensi
871 2881 1035 2946 emitteret,
1061 2886 1213 2934 annuentes
1241 2880 1376 2949 petitioni,

137 2970 348 3024 transmiserunt
366 2971 528 3039 magistrum
546 2967 702 3022 iohannem
720 2973 860 3022 cantorem
877 2967 967 3021 dictae
986 2967 1125 3032 ecclesiae,
1144 2967 1192 3036 qul
1210 2967 1318 3021 rediens
1340 2981 1380 3020 re·

138 3055 210 3120 tulit,
230 3057 305 3126 quod
324 3057 434 3111 easdem
453 3064 540 3112 terras
559 3065 587 3111 et
604 3063 692 3110 metas
710 3057 860 3111 earundem
873 3057 931 3110 sine
948 3055 1166 3110 contradictione
1184 3055 1278 3125 aliqua
1294 3071 1381 3109 ream-

138 3143 270 3210 bnlassct,
289 3152 317 3199 et
336 3144 410 3216 quod
430 3145 541 3198 Endrus
554 3151 581 3199 et
594 3144 733 3198 Adrianus
745 3144 794 3198 filii
807 3143 909 3198 Vitalis
922 3150 950 3197 et
962 3142 1028 3196 Wllr
1040 3142 1114 3196 iilius
1128 3141 1185 3212 lsip
1198 3150 1225 3196 et
1243 3141 1381 3196 Martinus

138 3231 211 3284 filius
230 3231 352 3286 Ladizlai
371 3249 467 3287 omnes
485 3241 571 3286 terrae
589 3233 616 3286 in
636 3231 749 3302 Zegrma
768 3237 796 3285 et
813 3231 882 3286 Ebis
900 3232 1049 3289 existentes
1067 3247 1117 3300 pro
1136 3230 1320 3300 quadraginta
1332 3245 1381 3284 sex

137 3319 239 3372 marcis
260 3319 335 3373 dicto
354 3321 448 3374 comiti
468 3321 603 3389 Gregorio
622 3319 822 3388 dignoscuntur
839 3317 995 3372 vendidisse
1013 3319 1041 3372 in
1061 3324 1233 3388 perpetuum.
1257 3316 1381 3382 Quarum

138 3406 226 3474 prima
247 3414 322 3460 meta
340 3408 438 3477 incipit
455 3409 484 3460 in
502 3407 586 3461 fluvio
605 3407 731 3462 Curnech
751 3407 779 3460 in
799 3406 938 3460 vicinitate
957 3411 1045 3459 terrae
1063 3405 1267 3459 Cruciierorum
1286 3411 1314 3458 et
1332 3421 1383 3474 per

138 3492 237 3546 silvam
257 3494 285 3548 iu
304 3495 378 3548 bono
397 3497 487 3564 spatio
507 3497 582 3548 venit
600 3494 635 3548 ad
654 3494 768 3548 fluvium
786 3493 907 3562 Zeguna,
928 3494 974 3548 ubi
993 3493 1128 3547 vicinatur
1141 3499 1228 3546 terrae
1241 3489 1323 3561 Opoy
1336 3491 1381 3558 (de

138 3579 273 3651 Reunia),
292 3582 357 3637 iude
375 3583 404 3636 in
423 3583 518 3637 eodem
538 3583 622 3636 fluvio
639 3581 764 3636 ascendit
782 3588 810 3635 et
829 3581 903 3635 cadit
921 3582 948 3634 in
967 3579 1054 3651 potok
1068 3578 1214 3633 Berzench.
1233 3579 1380 3632 transiens

138 3683 266 3738 campum
287 3687 382 3723 versus
401 3671 543 3724 meridiem
562 3671 637 3724 veuit
655 3670 691 3724 ad
710 3685 839 3738 magnam
858 3668 929 3722 viam
957 3671 984 3720 et
1009 3683 1058 3736 per
1082 3667 1169 3719 variae
1194 3671 1282 3720 metes
1307 3667 1382 3719 venit

137 3754 174 3808 ad
192 3757 264 3810 viam
283 3773 354 3826 quae
373 3757 450 3811 ducit
467 3757 503 3812 ad
523 3758 667 3812 ecclesiam
686 3775 707 3811 s.
727 3756 831 3821 Crucis,
851 3772 945 3810 versus
964 3753 1135 3808 occidentem
1148 3753 1273 3822 iungitur
1291 3759 1379 3807 terrae

137 3843 280 3899 Benedicti
299 3845 348 3898 filii
367 3845 477 3915 Rodyn,
497 3846 561 3900 inde
575 3845 695 3900 declinat
707 3845 741 3898 ad
756 3860 885 3914 magnam
898 3842 996 3897 vallem
1010 3848 1038 3895 et
1050 3857 1144 3895 versus
1157 3840 1381 3910 septemtrionem

137 3931 174 3986 ad
193 3949 320 4003 magnam
340 3934 422 3999 viam,
441 3934 596 4003 pervarias
614 3939 702 3986 metas
721 3931 849 3984 arboreas
867 3929 902 3983 ad
921 3928 1040 3983 rivulum
1066 3927 1188 3982 Cemech
1208 3933 1236 3982 et
1253 3927 1317 3981 inde
1344 3927 1380 3980 ad

137 4021 256 4092 priorem
275 4028 386 4075 metam.

195 4109 319 4162 Weueel:
341 4108 405 4164 Ood.
426 4108 495 4178 dipl.
516 4107 623 4178 Arpad.
645 4107 682 4160 X.
703 4109 761 4160 219.

190 4249 383 4304 MDLXXXI.
404 4253 478 4303 1296.
498 4253 522 4300 1.
541 4249 624 4302 scirtii.
645 4245 804 4301 Conventus
823 4244 994 4299 Zaladiensis
1004 4243 1134 4309 declarat,
1153 4242 1227 4313 quod
1247 4241 1378 4310 magister

138 4337 262 4392 Jacobus
281 4338 355 4392 lilius
374 4338 482 4391 comitis
501 4337 601 4390 Panith
621 4335 655 4389 de
674 4351 774 4404 genere
794 4333 888 4387 anad
907 4339 935 4386 et
952 4331 1053 4385 nobilis
1072 4331 1184 4385 dominu
1203 4345 1315 4383 consors
1331 4346 1381 4382 sua

138 4428 220 4480 Anna
238 4425 297 4479 filia
316 4425 424 4479 comitis
442 4424 564 4478 Ludialai
584 4423 634 4476 filii
652 4422 761 4477 Nicolai
787 4427 944 4492 praesentes
969 4420 1120 4478 constituti.
1148 4416 1243 4472 eadem
1270 4415 1381 4470 domina

138 4512 265 4568 consessa
289 4521 338 4577 est,
362 4511 437 4582 quod
463 4511 499 4565 ob
519 4511 694 4564 dilectionem
708 4512 749 4564 eui
764 4511 853 4563 mariti
874 4509 967 4562 dotem
986 4523 1063 4560 suam
1083 4513 1111 4561 et
1133 4522 1175 4559 ree
1198 4503 1382 4574 parafernales

137 4601 160 4654 ei
184 4602 273 4671 ipsam
298 4607 361 4654 ante
385 4599 491 4654 dictum
515 4599 650 4653 Jacobum
676 4599 803 4652 meritum
823 4599 879 4650 vita
901 4595 1094 4662 transmigrare
1117 4593 1268 4662 contigeret
1292 4589 1381 4645 eidem

137 4690 245 4746 Jacobo
264 4689 423 4744 relaxaaaet.
441 4688 466 4740 E
484 4703 615 4740 converso
634 4687 724 4740 dictus
744 4686 859 4738 maritus
878 4685 938 4738 eius
972 4683 1096 4747 asseruit,
1116 4678 1190 4750 quod
1216 4678 1250 4732 de
1274 4693 1382 4749 posses·

137 4777 262 4832 sionibus
287 4778 343 4831 suis
369 4776 447 4843 duas,
468 4775 596 4830 videlicet
614 4781 676 4828 zent
694 4773 813 4828 Trinitas
837 4789 900 4826 eum
923 4779 996 4825 terra
1014 4769 1150 4838 Kakonya
1168 4767 1302 4837 emptitia,
1326 4781 1382 4819 me-
