<?xml version="1.0" encoding="UTF-8"?>
<!DOCTYPE html PUBLIC "-//W3C//DTD XHTML 1.0 Transitional//EN"
    "http://www.w3.org/TR/xhtml1/DTD/xhtml1-transitional.dtd">
<html xmlns="http://www.w3.org/1999/xhtml" xml:lang="en" lang="en">
 <head>
  <title>
</title>
<meta http-equiv="Content-Type" content="text/html;charset=utf-8" />
  <meta name='ocr-system' content='tesseract 3.04.00' />
  <meta name='ocr-capabilities' content='ocr_page ocr_carea ocr_par ocr_line ocrx_word'/>
</head>
<body>
  <div class='ocr_page' id='page_1' title='image "./regestadocument00sakcgoog_0305.png"; bbox 0 0 3480 5356; ppageno 0'>
   <div class='ocr_carea' id='block_1_1' title="bbox 691 339 1383 407">
    <p class='ocr_par' dir='ltr' id='par_1_1' title="bbox 691 339 1383 407">
     <span class='ocr_line' id='line_1_1' title="bbox 691 339 1383 407; baseline -0.001 -2"><span class='ocrx_word' id='word_1_1' title='bbox 691 363 836 406; x_wconf 78' lang='lat' dir='ltr'>sannaus.</span> <span class='ocrx_word' id='word_1_2' title='bbox 1319 339 1383 407; x_wconf 83' lang='lat'>299</span> 
     </span>
    </p>
   </div>
   <div class='ocr_carea' id='block_1_2' title="bbox 51 521 1386 1470">
    <p class='ocr_par' dir='ltr' id='par_1_2' title="bbox 51 521 1386 1470">
     <span class='ocr_line' id='line_1_2' title="bbox 85 521 1385 600; baseline 0.005 -25"><span class='ocrx_word' id='word_1_3' title='bbox 85 521 188 578; x_wconf 80' lang='lat' dir='ltr'>Item</span> <span class='ocrx_word' id='word_1_4' title='bbox 213 523 253 579; x_wconf 90' lang='lat' dir='ltr'>in</span> <span class='ocrx_word' id='word_1_5' title='bbox 276 539 352 596; x_wconf 88' lang='lat' dir='ltr'>aqua</span> <span class='ocrx_word' id='word_1_6' title='bbox 370 524 450 580; x_wconf 85' lang='lat' dir='ltr'>Ebsu</span> <span class='ocrx_word' id='word_1_7' title='bbox 469 523 622 582; x_wconf 81' lang='lat' dir='ltr'>diviserunt</span> <span class='ocrx_word' id='word_1_8' title='bbox 640 521 806 583; x_wconf 80' lang='lat' dir='ltr'>molendina</span> <span class='ocrx_word' id='word_1_9' title='bbox 825 527 896 582; x_wconf 87' lang='lat' dir='ltr'>Item</span> <span class='ocrx_word' id='word_1_10' title='bbox 919 525 1062 598; x_wconf 75' lang='lat' dir='ltr'>praedium</span> <span class='ocrx_word' id='word_1_11' title='bbox 1087 526 1184 598; x_wconf 87' lang='lat' dir='ltr'>Rupui</span> <span class='ocrx_word' id='word_1_12' title='bbox 1206 543 1271 582; x_wconf 91' lang='lat' dir='ltr'>cum</span> <span class='ocrx_word' id='word_1_13' title='bbox 1293 527 1385 600; x_wconf 89' lang='lat' dir='ltr'>capite</span> 
     </span>
     <span class='ocr_line' id='line_1_3' title="bbox 87 611 1386 684; baseline 0.003 -18"><span class='ocrx_word' id='word_1_14' title='bbox 87 611 263 682; x_wconf 82' lang='lat' dir='ltr'>Priskae,</span> <span class='ocrx_word' id='word_1_15' title='bbox 285 612 362 683; x_wconf 89' lang='lat' dir='ltr'>quod</span> <span class='ocrx_word' id='word_1_16' title='bbox 380 613 507 668; x_wconf 86' lang='lat' dir='ltr'>Andreas</span> <span class='ocrx_word' id='word_1_17' title='bbox 534 619 613 684; x_wconf 88' lang='lat' dir='ltr'>pater</span> <span class='ocrx_word' id='word_1_18' title='bbox 630 613 740 669; x_wconf 88' lang='lat' dir='ltr'>Nicolai</span> <span class='ocrx_word' id='word_1_19' title='bbox 767 613 929 669; x_wconf 73' lang='lat' dir='ltr'>vendiderat</span> <span class='ocrx_word' id='word_1_20' title='bbox 952 613 1089 684; x_wconf 74' lang='lat' dir='ltr'><strong>Gregorio</strong></span> <span class='ocrx_word' id='word_1_21' title='bbox 1113 615 1207 670; x_wconf 90' lang='lat' dir='ltr'>comiti</span> <span class='ocrx_word' id='word_1_22' title='bbox 1233 619 1261 670; x_wconf 88' lang='lat' dir='ltr'>et</span> <span class='ocrx_word' id='word_1_23' title='bbox 1287 615 1386 672; x_wconf 91' lang='lat' dir='ltr'>Petrus</span> 
     </span>
     <span class='ocr_line' id='line_1_4' title="bbox 92 699 1386 772; baseline 0.005 -20"><span class='ocrx_word' id='word_1_24' title='bbox 92 700 246 770; x_wconf 83' lang='lat' dir='ltr'>propris</span> <span class='ocrx_word' id='word_1_25' title='bbox 269 701 391 770; x_wconf 90' lang='lat' dir='ltr'>pecunia</span> <span class='ocrx_word' id='word_1_26' title='bbox 407 700 572 772; x_wconf 72' lang='lat' dir='ltr'>redemerat,</span> <span class='ocrx_word' id='word_1_27' title='bbox 589 699 678 757; x_wconf 88' lang='lat' dir='ltr'>eidem</span> <span class='ocrx_word' id='word_1_28' title='bbox 697 701 780 758; x_wconf 88' lang='lat' dir='ltr'>Petro</span> <span class='ocrx_word' id='word_1_29' title='bbox 803 701 939 757; x_wconf 86' lang='lat' dir='ltr'>Nicolaus</span> <span class='ocrx_word' id='word_1_30' title='bbox 961 701 1080 772; x_wconf 88' lang='lat' dir='ltr'>reliquit</span> <span class='ocrx_word' id='word_1_31' title='bbox 1105 701 1178 758; x_wconf 91' lang='lat' dir='ltr'>Item</span> <span class='ocrx_word' id='word_1_32' title='bbox 1202 706 1304 758; x_wconf 89' lang='lat' dir='ltr'>terram</span> <span class='ocrx_word' id='word_1_33' title='bbox 1328 703 1386 758; x_wconf 87' lang='lat' dir='ltr'>Ru·</span> 
     </span>
     <span class='ocr_line' id='line_1_5' title="bbox 53 779 1386 860; baseline 0.003 -20"><span class='ocrx_word' id='word_1_34' title='bbox 53 779 55 800; x_wconf 92' lang='lat'>&#39;</span> <span class='ocrx_word' id='word_1_35' title='bbox 95 787 246 856; x_wconf 81' lang='lat' dir='ltr'>pulsew,</span> <span class='ocrx_word' id='word_1_36' title='bbox 269 803 356 858; x_wconf 88' lang='lat' dir='ltr'>qnam</span> <span class='ocrx_word' id='word_1_37' title='bbox 375 805 450 844; x_wconf 90' lang='lat' dir='ltr'>nune</span> <span class='ocrx_word' id='word_1_38' title='bbox 468 788 566 860; x_wconf 89' lang='lat' dir='ltr'>populi</span> <span class='ocrx_word' id='word_1_39' title='bbox 591 789 704 860; x_wconf 89' lang='lat' dir='ltr'>reginae</span> <span class='ocrx_word' id='word_1_40' title='bbox 728 793 756 844; x_wconf 90' lang='lat' dir='ltr'>et</span> <span class='ocrx_word' id='word_1_41' title='bbox 779 787 876 844; x_wconf 79' lang='lat' dir='ltr'>Abbaa</span> <span class='ocrx_word' id='word_1_42' title='bbox 900 788 930 845; x_wconf 82' lang='lat' dir='ltr'>S.</span> <span class='ocrx_word' id='word_1_43' title='bbox 948 788 1061 844; x_wconf 88' lang='lat' dir='ltr'>Martini</span> <span class='ocrx_word' id='word_1_44' title='bbox 1089 787 1240 860; x_wconf 89' lang='lat' dir='ltr'>possident,</span> <span class='ocrx_word' id='word_1_45' title='bbox 1267 788 1386 846; x_wconf 86' lang='lat' dir='ltr'>contulit</span> 
     </span>
     <span class='ocr_line' id='line_1_6' title="bbox 97 871 1385 948; baseline 0.005 -22"><span class='ocrx_word' id='word_1_46' title='bbox 97 871 217 928; x_wconf 88' lang='lat' dir='ltr'>eidem</span> <span class='ocrx_word' id='word_1_47' title='bbox 241 873 333 931; x_wconf 89' lang='lat' dir='ltr'>Petro</span> <span class='ocrx_word' id='word_1_48' title='bbox 351 875 485 931; x_wconf 86' lang='lat' dir='ltr'>Nicolaus</span> <span class='ocrx_word' id='word_1_49' title='bbox 504 881 532 931; x_wconf 90' lang='lat' dir='ltr'>et</span> <span class='ocrx_word' id='word_1_50' title='bbox 549 871 684 931; x_wconf 73' lang='lat' dir='ltr'>relamrit</span> <span class='ocrx_word' id='word_1_51' title='bbox 702 876 826 947; x_wconf 83' lang='lat' dir='ltr'>precium</span> <span class='ocrx_word' id='word_1_52' title='bbox 852 880 967 947; x_wconf 78' lang='lat' dir='ltr'>quartae</span> <span class='ocrx_word' id='word_1_53' title='bbox 991 876 1087 948; x_wconf 77' lang='lat' dir='ltr'>partis.</span> <span class='ocrx_word' id='word_1_54' title='bbox 1110 875 1182 932; x_wconf 86' lang='lat' dir='ltr'>Item</span> <span class='ocrx_word' id='word_1_55' title='bbox 1207 875 1385 932; x_wconf 83' lang='lat' dir='ltr'>medietatem</span> 
     </span>
     <span class='ocr_line' id='line_1_7' title="bbox 100 961 1384 1036; baseline 0.002 -20"><span class='ocrx_word' id='word_1_56' title='bbox 100 961 327 1031; x_wconf 78' lang='lat' dir='ltr'>possessionis</span> <span class='ocrx_word' id='word_1_57' title='bbox 344 963 439 1034; x_wconf 89' lang='lat' dir='ltr'>Bogut</span> <span class='ocrx_word' id='word_1_58' title='bbox 455 979 520 1018; x_wconf 84' lang='lat' dir='ltr'>oum</span> <span class='ocrx_word' id='word_1_59' title='bbox 539 963 669 1020; x_wconf 89' lang='lat' dir='ltr'>omnibus</span> <span class='ocrx_word' id='word_1_60' title='bbox 686 963 830 1033; x_wconf 88' lang='lat' dir='ltr'>libertinis,</span> <span class='ocrx_word' id='word_1_61' title='bbox 859 968 968 1036; x_wconf 87' lang='lat' dir='ltr'>praeter</span> <span class='ocrx_word' id='word_1_62' title='bbox 995 964 1100 1034; x_wconf 84' lang='lat' dir='ltr'>Hogov</span> <span class='ocrx_word' id='word_1_63' title='bbox 1117 969 1146 1020; x_wconf 88' lang='lat' dir='ltr'>et</span> <span class='ocrx_word' id='word_1_64' title='bbox 1164 961 1245 1032; x_wconf 86' lang='lat' dir='ltr'>filios,</span> <span class='ocrx_word' id='word_1_65' title='bbox 1273 965 1384 1034; x_wconf 87' lang='lat' dir='ltr'>reliquit</span> 
     </span>
     <span class='ocr_line' id='line_1_8' title="bbox 51 1039 1384 1122; baseline 0.003 -21"><span class='ocrx_word' id='word_1_66' title='bbox 51 1039 52 1042; x_wconf 60' lang='grc'>’</span> <span class='ocrx_word' id='word_1_67' title='bbox 102 1048 222 1104; x_wconf 85' lang='lat' dir='ltr'>Petro.</span> <span class='ocrx_word' id='word_1_68' title='bbox 246 1049 323 1106; x_wconf 89' lang='lat' dir='ltr'>Item</span> <span class='ocrx_word' id='word_1_69' title='bbox 340 1051 441 1106; x_wconf 88' lang='lat' dir='ltr'>Petrus</span> <span class='ocrx_word' id='word_1_70' title='bbox 459 1050 534 1106; x_wconf 88' lang='lat' dir='ltr'>filius</span> <span class='ocrx_word' id='word_1_71' title='bbox 558 1051 633 1107; x_wconf 88' lang='lat' dir='ltr'>Petri</span> <span class='ocrx_word' id='word_1_72' title='bbox 651 1068 667 1107; x_wconf 91' lang='lat' dir='ltr'>e</span> <span class='ocrx_word' id='word_1_73' title='bbox 685 1067 820 1108; x_wconf 87' lang='lat' dir='ltr'>converso</span> <span class='ocrx_word' id='word_1_74' title='bbox 844 1051 934 1107; x_wconf 91' lang='lat' dir='ltr'>eidem</span> <span class='ocrx_word' id='word_1_75' title='bbox 958 1050 1075 1108; x_wconf 85' lang='lat' dir='ltr'>Nicolao</span> <span class='ocrx_word' id='word_1_76' title='bbox 1102 1051 1213 1122; x_wconf 88' lang='lat' dir='ltr'>reliquit</span> <span class='ocrx_word' id='word_1_77' title='bbox 1239 1050 1384 1122; x_wconf 88' lang='lat' dir='ltr'>praedium</span> 
     </span>
     <span class='ocr_line' id='line_1_9' title="bbox 105 1135 1384 1210; baseline 0.002 -20"><span class='ocrx_word' id='word_1_78' title='bbox 105 1135 245 1192; x_wconf 82' lang='lat' dir='ltr'>Godan.</span> <span class='ocrx_word' id='word_1_79' title='bbox 268 1137 342 1194; x_wconf 85' lang='lat' dir='ltr'>item</span> <span class='ocrx_word' id='word_1_80' title='bbox 359 1137 459 1192; x_wconf 88' lang='lat' dir='ltr'>Petrus</span> <span class='ocrx_word' id='word_1_81' title='bbox 479 1139 634 1210; x_wconf 88' lang='lat' dir='ltr'>portionem</span> <span class='ocrx_word' id='word_1_82' title='bbox 659 1155 739 1195; x_wconf 84' lang='lat' dir='ltr'>snam</span> <span class='ocrx_word' id='word_1_83' title='bbox 758 1138 793 1194; x_wconf 91' lang='lat' dir='ltr'>de</span> <span class='ocrx_word' id='word_1_84' title='bbox 812 1139 877 1194; x_wconf 87' lang='lat' dir='ltr'>villa</span> <span class='ocrx_word' id='word_1_85' title='bbox 901 1139 1017 1194; x_wconf 88' lang='lat' dir='ltr'>Pcucha</span> <span class='ocrx_word' id='word_1_86' title='bbox 1040 1144 1068 1194; x_wconf 91' lang='lat' dir='ltr'>et</span> <span class='ocrx_word' id='word_1_87' title='bbox 1091 1137 1174 1193; x_wconf 88' lang='lat' dir='ltr'>aliam</span> <span class='ocrx_word' id='word_1_88' title='bbox 1198 1154 1283 1208; x_wconf 91' lang='lat' dir='ltr'>quam</span> <span class='ocrx_word' id='word_1_89' title='bbox 1307 1139 1384 1194; x_wconf 89' lang='lat' dir='ltr'>iusti·</span> 
     </span>
     <span class='ocr_line' id='line_1_10' title="bbox 109 1223 1382 1298; baseline 0.002 -21"><span class='ocrx_word' id='word_1_90' title='bbox 109 1223 225 1278; x_wconf 77' lang='lat' dir='ltr'>ficarit</span> <span class='ocrx_word' id='word_1_91' title='bbox 246 1223 284 1280; x_wconf 89' lang='lat' dir='ltr'>de</span> <span class='ocrx_word' id='word_1_92' title='bbox 304 1223 439 1294; x_wconf 81' lang='lat' dir='ltr'>Gregorio</span> <span class='ocrx_word' id='word_1_93' title='bbox 457 1223 558 1282; x_wconf 89' lang='lat' dir='ltr'>comite</span> <span class='ocrx_word' id='word_1_94' title='bbox 576 1241 640 1280; x_wconf 89' lang='lat' dir='ltr'>cum</span> <span class='ocrx_word' id='word_1_95' title='bbox 657 1227 802 1298; x_wconf 80' lang='lat' dir='ltr'>mancipiis</span> <span class='ocrx_word' id='word_1_96' title='bbox 820 1231 848 1282; x_wconf 90' lang='lat' dir='ltr'>et</span> <span class='ocrx_word' id='word_1_97' title='bbox 866 1227 953 1282; x_wconf 81' lang='lat' dir='ltr'>vineis</span> <span class='ocrx_word' id='word_1_98' title='bbox 978 1225 1095 1283; x_wconf 89' lang='lat' dir='ltr'>contulit</span> <span class='ocrx_word' id='word_1_99' title='bbox 1112 1223 1244 1281; x_wconf 74' lang='lat' dir='ltr'>Nieoiao.</span> <span class='ocrx_word' id='word_1_100' title='bbox 1269 1224 1382 1296; x_wconf 91' lang='lat' dir='ltr'>Obliga·</span> 
     </span>
     <span class='ocr_line' id='line_1_11' title="bbox 111 1311 1383 1384; baseline 0 -16"><span class='ocrx_word' id='word_1_101' title='bbox 111 1315 233 1368; x_wconf 80' lang='lat' dir='ltr'>verunt</span> <span class='ocrx_word' id='word_1_102' title='bbox 254 1327 287 1366; x_wconf 88' lang='lat' dir='ltr'>se</span> <span class='ocrx_word' id='word_1_103' title='bbox 305 1312 389 1368; x_wconf 89' lang='lat' dir='ltr'>etiam</span> <span class='ocrx_word' id='word_1_104' title='bbox 411 1312 486 1382; x_wconf 90' lang='lat' dir='ltr'>quod</span> <span class='ocrx_word' id='word_1_105' title='bbox 506 1313 529 1369; x_wconf 87' lang='lat' dir='ltr'>&#39;si</span> <span class='ocrx_word' id='word_1_106' title='bbox 548 1329 603 1384; x_wconf 91' lang='lat' dir='ltr'>qua</span> <span class='ocrx_word' id='word_1_107' title='bbox 627 1313 752 1384; x_wconf 88' lang='lat' dir='ltr'>partium</span> <span class='ocrx_word' id='word_1_108' title='bbox 776 1314 903 1369; x_wconf 89' lang='lat' dir='ltr'>resilierit</span> <span class='ocrx_word' id='word_1_109' title='bbox 925 1329 943 1368; x_wconf 91' lang='lat' dir='ltr'>a</span> <span class='ocrx_word' id='word_1_110' title='bbox 966 1311 1168 1384; x_wconf 81' lang='lat' dir='ltr'>compositione</span> <span class='ocrx_word' id='word_1_111' title='bbox 1190 1329 1223 1368; x_wconf 90' lang='lat' dir='ltr'>ac</span> <span class='ocrx_word' id='word_1_112' title='bbox 1247 1314 1383 1368; x_wconf 90' lang='lat' dir='ltr'>sustinere</span> 
     </span>
     <span class='ocr_line' id='line_1_12' title="bbox 113 1399 1090 1470; baseline 0.003 -18"><span class='ocrx_word' id='word_1_113' title='bbox 113 1399 264 1466; x_wconf 84' lang='lat' dir='ltr'>noluerit,</span> <span class='ocrx_word' id='word_1_114' title='bbox 284 1400 357 1470; x_wconf 86' lang='lat' dir='ltr'>parti</span> <span class='ocrx_word' id='word_1_115' title='bbox 376 1399 523 1454; x_wconf 86' lang='lat' dir='ltr'>sustinenti</span> <span class='ocrx_word' id='word_1_116' title='bbox 542 1405 688 1456; x_wconf 80' lang='lat' dir='ltr'>sexcentas</span> <span class='ocrx_word' id='word_1_117' title='bbox 705 1416 813 1458; x_wconf 87' lang='lat' dir='ltr'>marcas</span> <span class='ocrx_word' id='word_1_118' title='bbox 832 1400 939 1458; x_wconf 79' lang='lat' dir='ltr'>solvere</span> <span class='ocrx_word' id='word_1_119' title='bbox 956 1404 1090 1456; x_wconf 86' lang='lat' dir='ltr'>teneatur.</span> 
     </span>
    </p>
   </div>
   <div class='ocr_carea' id='block_1_3' title="bbox 185 1489 1381 1576">
    <p class='ocr_par' dir='ltr' id='par_1_3' title="bbox 185 1489 1381 1576">
     <span class='ocr_line' id='line_1_13' title="bbox 185 1489 1381 1576; baseline 0 -18"><span class='ocrx_word' id='word_1_120' title='bbox 185 1501 260 1560; x_wconf 74' lang='lat' dir='ltr'>cna.</span> <span class='ocrx_word' id='word_1_121' title='bbox 280 1503 340 1574; x_wconf 82' lang='lat' dir='ltr'>dip.</span> <span class='ocrx_word' id='word_1_122' title='bbox 356 1505 471 1574; x_wconf 70' lang='lat' dir='ltr'>potstas</span> <span class='ocrx_word' id='word_1_123' title='bbox 494 1504 556 1560; x_wconf 86' lang='lat' dir='ltr'><strong><em>VII.</em></strong></span> <span class='ocrx_word' id='word_1_124' title='bbox 572 1521 602 1574; x_wconf 83' lang='lat' dir='ltr'>p.</span> <span class='ocrx_word' id='word_1_125' title='bbox 620 1507 680 1561; x_wconf 87' lang='lat'><em>120.</em></span> <span class='ocrx_word' id='word_1_126' title='bbox 693 1505 739 1560; x_wconf 76' lang='lat' dir='ltr'>Es·</span> <span class='ocrx_word' id='word_1_127' title='bbox 750 1505 963 1564; x_wconf 68' lang='lat' dir='ltr'>columnellam</span> <span class='ocrx_word' id='word_1_128' title='bbox 976 1504 1090 1575; x_wconf 68' lang='lat' dir='ltr'>meede</span> <span class='ocrx_word' id='word_1_129' title='bbox 1107 1489 1257 1576; x_wconf 57' lang='lat' dir='ltr'>(legerem</span> <span class='ocrx_word' id='word_1_130' title='bbox 1270 1505 1381 1561; x_wconf 77' lang='lat' dir='ltr'>ablatis.</span> 
     </span>
    </p>
   </div>
   <div class='ocr_carea' id='block_1_4' title="bbox 72 1661 1383 2608">
    <p class='ocr_par' dir='ltr' id='par_1_4' title="bbox 124 1661 1382 2172">
     <span class='ocr_line' id='line_1_14' title="bbox 182 1661 1382 1736; baseline 0.002 -20"><span class='ocrx_word' id='word_1_131' title='bbox 182 1661 228 1717; x_wconf 84' lang='grc' dir='ltr'>Μ.</span> <span class='ocrx_word' id='word_1_132' title='bbox 255 1662 340 1732; x_wconf 78' lang='lat' dir='ltr'>Apud</span> <span class='ocrx_word' id='word_1_133' title='bbox 367 1663 564 1719; x_wconf 78' lang='lat' dir='ltr'>monasteriam</span> <span class='ocrx_word' id='word_1_134' title='bbox 582 1663 609 1720; x_wconf 78' lang='lat' dir='ltr'>S.</span> <span class='ocrx_word' id='word_1_135' title='bbox 627 1665 750 1722; x_wconf 77' lang='lat' dir='ltr'>loannis</span> <span class='ocrx_word' id='word_1_136' title='bbox 767 1664 801 1720; x_wconf 82' lang='lat' dir='ltr'>de</span> <span class='ocrx_word' id='word_1_137' title='bbox 818 1665 971 1736; x_wconf 67' lang='lat' dir='ltr'>haguno.</span> <span class='ocrx_word' id='word_1_138' title='bbox 999 1667 1078 1718; x_wconf 77' lang='lat'><em>1270.</em></span> <span class='ocrx_word' id='word_1_139' title='bbox 1108 1669 1132 1718; x_wconf 81' lang='lat'>3.</span> <span class='ocrx_word' id='word_1_140' title='bbox 1156 1663 1274 1732; x_wconf 75' lang='lat' dir='ltr'>Aprilis,</span> <span class='ocrx_word' id='word_1_141' title='bbox 1299 1663 1382 1718; x_wconf 87' lang='lat' dir='ltr'>Prae·</span> 
     </span>
     <span class='ocr_line' id='line_1_15' title="bbox 124 1747 1382 1822; baseline 0.001 -19"><span class='ocrx_word' id='word_1_142' title='bbox 124 1747 265 1804; x_wconf 83' lang='lat' dir='ltr'>sentibus</span> <span class='ocrx_word' id='word_1_143' title='bbox 284 1748 412 1820; x_wconf 81' lang='lat' dir='ltr'>Georges</span> <span class='ocrx_word' id='word_1_144' title='bbox 430 1750 465 1806; x_wconf 93' lang='lat' dir='ltr'>de</span> <span class='ocrx_word' id='word_1_145' title='bbox 485 1749 569 1822; x_wconf 85' lang='lat' dir='ltr'>Oega,</span> <span class='ocrx_word' id='word_1_146' title='bbox 588 1751 700 1808; x_wconf 85' lang='lat' dir='ltr'>Marino</span> <span class='ocrx_word' id='word_1_147' title='bbox 717 1751 828 1820; x_wconf 81' lang='lat' dir='ltr'>Stoche,</span> <span class='ocrx_word' id='word_1_148' title='bbox 846 1752 958 1808; x_wconf 83' lang='lat' dir='ltr'>hiarino</span> <span class='ocrx_word' id='word_1_149' title='bbox 986 1750 1104 1806; x_wconf 84' lang='lat' dir='ltr'>Matthei</span> <span class='ocrx_word' id='word_1_150' title='bbox 1131 1755 1159 1806; x_wconf 91' lang='lat' dir='ltr'>et</span> <span class='ocrx_word' id='word_1_151' title='bbox 1185 1749 1290 1805; x_wconf 91' lang='lat' dir='ltr'>Duimo</span> <span class='ocrx_word' id='word_1_152' title='bbox 1318 1749 1382 1806; x_wconf 84' lang='lat' dir='ltr'>Ursi</span> 
     </span>
     <span class='ocr_line' id='line_1_16' title="bbox 126 1836 1381 1908; baseline 0.001 -17"><span class='ocrx_word' id='word_1_153' title='bbox 126 1841 219 1908; x_wconf 91' lang='lat' dir='ltr'>atque</span> <span class='ocrx_word' id='word_1_154' title='bbox 239 1836 368 1893; x_wconf 85' lang='lat' dir='ltr'>Vuleosa</span> <span class='ocrx_word' id='word_1_155' title='bbox 386 1837 493 1906; x_wconf 79' lang='lat' dir='ltr'>Euboe,</span> <span class='ocrx_word' id='word_1_156' title='bbox 512 1843 564 1896; x_wconf 82' lang='lat' dir='ltr'>etc.</span> <span class='ocrx_word' id='word_1_157' title='bbox 583 1838 730 1896; x_wconf 77' lang='lat' dir='ltr'>Scibenico</span> <span class='ocrx_word' id='word_1_158' title='bbox 749 1839 944 1907; x_wconf 71' lang='lat' dir='ltr'>examinatore,</span> <span class='ocrx_word' id='word_1_159' title='bbox 969 1837 1085 1896; x_wconf 74' lang='lat' dir='ltr'>stefano</span> <span class='ocrx_word' id='word_1_160' title='bbox 1109 1837 1212 1893; x_wconf 82' lang='lat' dir='ltr'>Marini</span> <span class='ocrx_word' id='word_1_161' title='bbox 1229 1838 1314 1904; x_wconf 87' lang='lat' dir='ltr'>ane,</span> <span class='ocrx_word' id='word_1_162' title='bbox 1333 1853 1381 1892; x_wconf 89' lang='lat' dir='ltr'>no·</span> 
     </span>
     <span class='ocr_line' id='line_1_17' title="bbox 131 1923 1381 1998; baseline 0.002 -21"><span class='ocrx_word' id='word_1_163' title='bbox 131 1923 207 1979; x_wconf 86' lang='lat' dir='ltr'>biles</span> <span class='ocrx_word' id='word_1_164' title='bbox 226 1925 280 1980; x_wconf 84' lang='lat' dir='ltr'>viri</span> <span class='ocrx_word' id='word_1_165' title='bbox 299 1923 439 1996; x_wconf 85' lang='lat' dir='ltr'>Georgius</span> <span class='ocrx_word' id='word_1_166' title='bbox 458 1923 560 1982; x_wconf 84' lang='lat' dir='ltr'>Vielox</span> <span class='ocrx_word' id='word_1_167' title='bbox 579 1925 614 1981; x_wconf 90' lang='lat' dir='ltr'>de</span> <span class='ocrx_word' id='word_1_168' title='bbox 633 1925 762 1984; x_wconf 80' lang='lat' dir='ltr'>Sibenico</span> <span class='ocrx_word' id='word_1_169' title='bbox 781 1933 809 1982; x_wconf 92' lang='lat' dir='ltr'>et</span> <span class='ocrx_word' id='word_1_170' title='bbox 826 1926 956 1998; x_wconf 84' lang='lat' dir='ltr'>Dnymns</span> <span class='ocrx_word' id='word_1_171' title='bbox 969 1968 976 1984; x_wconf 87' lang='lat'><strong>.</strong></span> <span class='ocrx_word' id='word_1_172' title='bbox 990 1966 996 1981; x_wconf 92' lang='lat'><strong><em>.</em></strong></span> <span class='ocrx_word' id='word_1_173' title='bbox 1010 1967 1036 1982; x_wconf 92' lang='lat'>..</span> <span class='ocrx_word' id='word_1_174' title='bbox 1055 1924 1205 1982; x_wconf 88' lang='lat' dir='ltr'>decadem</span> <span class='ocrx_word' id='word_1_175' title='bbox 1229 1923 1335 1997; x_wconf 82' lang='lat' dir='ltr'>syndici</span> <span class='ocrx_word' id='word_1_176' title='bbox 1353 1929 1381 1980; x_wconf 88' lang='lat' dir='ltr'>et</span> 
     </span>
     <span class='ocr_line' id='line_1_18' title="bbox 129 2011 1380 2085; baseline 0 -20"><span class='ocrx_word' id='word_1_177' title='bbox 129 2016 332 2081; x_wconf 84' lang='lat' dir='ltr'>procuratores</span> <span class='ocrx_word' id='word_1_178' title='bbox 350 2013 558 2068; x_wconf 72' lang='lat' dir='ltr'>communitatis</span> <span class='ocrx_word' id='word_1_179' title='bbox 586 2011 621 2068; x_wconf 91' lang='lat' dir='ltr'>de</span> <span class='ocrx_word' id='word_1_180' title='bbox 646 2011 776 2070; x_wconf 80' lang='lat' dir='ltr'>Sibenioo</span> <span class='ocrx_word' id='word_1_181' title='bbox 803 2014 839 2070; x_wconf 91' lang='lat' dir='ltr'>de</span> <span class='ocrx_word' id='word_1_182' title='bbox 866 2013 1002 2084; x_wconf 89' lang='lat' dir='ltr'>elegendo</span> <span class='ocrx_word' id='word_1_183' title='bbox 1029 2017 1167 2085; x_wconf 71' lang='lat' dir='ltr'>potestate</span> <span class='ocrx_word' id='word_1_184' title='bbox 1194 2011 1231 2068; x_wconf 89' lang='lat' dir='ltr'>ad</span> <span class='ocrx_word' id='word_1_185' title='bbox 1258 2011 1380 2082; x_wconf 90' lang='lat' dir='ltr'>regimen</span> 
     </span>
     <span class='ocr_line' id='line_1_19' title="bbox 130 2097 1382 2172; baseline -0.001 -18"><span class='ocrx_word' id='word_1_186' title='bbox 130 2099 227 2154; x_wconf 87' lang='lat' dir='ltr'>dictae</span> <span class='ocrx_word' id='word_1_187' title='bbox 245 2105 335 2155; x_wconf 90' lang='lat' dir='ltr'>terrae</span> <span class='ocrx_word' id='word_1_188' title='bbox 356 2100 498 2156; x_wconf 79' lang='lat' dir='ltr'>venientes</span> <span class='ocrx_word' id='word_1_189' title='bbox 517 2101 688 2171; x_wconf 78' lang='lat' dir='ltr'>Tragurium,</span> <span class='ocrx_word' id='word_1_190' title='bbox 707 2101 852 2172; x_wconf 86' lang='lat' dir='ltr'>elegerunt</span> <span class='ocrx_word' id='word_1_191' title='bbox 877 2101 1038 2158; x_wconf 87' lang='lat' dir='ltr'>solemniter</span> <span class='ocrx_word' id='word_1_192' title='bbox 1059 2101 1088 2154; x_wconf 93' lang='lat' dir='ltr'>in</span> <span class='ocrx_word' id='word_1_193' title='bbox 1113 2103 1279 2171; x_wconf 87' lang='lat' dir='ltr'>potestatem</span> <span class='ocrx_word' id='word_1_194' title='bbox 1304 2097 1382 2154; x_wconf 83' lang='lat' dir='ltr'>Sibe</span> 
     </span>
    </p>

    <p class='ocr_par' dir='ltr' id='par_1_5' title="bbox 72 2185 1383 2522">
     <span class='ocr_line' id='line_1_20' title="bbox 72 2185 1380 2269; baseline -0.002 -27"><span class='ocrx_word' id='word_1_195' title='bbox 72 2258 76 2269; x_wconf 30' lang='grc' dir='ltr'><strong><em>Ι</em></strong></span> <span class='ocrx_word' id='word_1_196' title='bbox 133 2188 277 2242; x_wconf 90' lang='lat' dir='ltr'>nicensem</span> <span class='ocrx_word' id='word_1_197' title='bbox 298 2203 456 2258; x_wconf 89' lang='lat' dir='ltr'>perunum</span> <span class='ocrx_word' id='word_1_198' title='bbox 481 2204 585 2242; x_wconf 89' lang='lat' dir='ltr'>annum</span> <span class='ocrx_word' id='word_1_199' title='bbox 609 2187 730 2244; x_wconf 89' lang='lat' dir='ltr'>nobilem</span> <span class='ocrx_word' id='word_1_200' title='bbox 756 2189 844 2246; x_wconf 62' lang='lat' dir='ltr'>mum</span> <span class='ocrx_word' id='word_1_201' title='bbox 862 2187 1043 2244; x_wconf 88' lang='lat' dir='ltr'>Valentinum</span> <span class='ocrx_word' id='word_1_202' title='bbox 1067 2187 1141 2242; x_wconf 86' lang='lat' dir='ltr'>Petri</span> <span class='ocrx_word' id='word_1_203' title='bbox 1164 2187 1250 2242; x_wconf 85' lang='lat' dir='ltr'>civem</span> <span class='ocrx_word' id='word_1_204' title='bbox 1276 2185 1380 2256; x_wconf 86' lang='lat' dir='ltr'>Tragu-</span> 
     </span>
     <span class='ocr_line' id='line_1_21' title="bbox 135 2271 1383 2346; baseline -0.002 -18"><span class='ocrx_word' id='word_1_205' title='bbox 135 2275 265 2341; x_wconf 89' lang='lat' dir='ltr'>riensem,</span> <span class='ocrx_word' id='word_1_206' title='bbox 276 2274 431 2344; x_wconf 70' lang='lat' dir='ltr'>obligantes</span> <span class='ocrx_word' id='word_1_207' title='bbox 450 2291 480 2330; x_wconf 92' lang='lat' dir='ltr'>se</span> <span class='ocrx_word' id='word_1_208' title='bbox 497 2275 610 2330; x_wconf 91' lang='lat' dir='ltr'>nomine</span> <span class='ocrx_word' id='word_1_209' title='bbox 629 2277 783 2332; x_wconf 87' lang='lat' dir='ltr'>communis</span> <span class='ocrx_word' id='word_1_210' title='bbox 801 2275 868 2332; x_wconf 88' lang='lat' dir='ltr'>dare</span> <span class='ocrx_word' id='word_1_211' title='bbox 886 2277 911 2331; x_wconf 90' lang='lat' dir='ltr'>ei</span> <span class='ocrx_word' id='word_1_212' title='bbox 931 2293 981 2346; x_wconf 89' lang='lat' dir='ltr'>pre</span> <span class='ocrx_word' id='word_1_213' title='bbox 1000 2275 1102 2331; x_wconf 84' lang='lat' dir='ltr'>salario</span> <span class='ocrx_word' id='word_1_214' title='bbox 1121 2289 1213 2329; x_wconf 89' lang='lat' dir='ltr'>annue</span> <span class='ocrx_word' id='word_1_215' title='bbox 1231 2273 1317 2328; x_wconf 88' lang='lat' dir='ltr'>libras</span> <span class='ocrx_word' id='word_1_216' title='bbox 1334 2271 1383 2326; x_wconf 82' lang='lat' dir='ltr'>OG</span> 
     </span>
     <span class='ocr_line' id='line_1_22' title="bbox 136 2360 1383 2435; baseline -0.002 -19"><span class='ocrx_word' id='word_1_217' title='bbox 136 2360 314 2418; x_wconf 73' lang='lat' dir='ltr'>domnorum</span> <span class='ocrx_word' id='word_1_218' title='bbox 332 2367 494 2418; x_wconf 81' lang='lat' dir='ltr'>venetorum</span> <span class='ocrx_word' id='word_1_219' title='bbox 514 2379 661 2434; x_wconf 85' lang='lat' dir='ltr'>parvorum</span> <span class='ocrx_word' id='word_1_220' title='bbox 691 2369 719 2419; x_wconf 90' lang='lat' dir='ltr'>et</span> <span class='ocrx_word' id='word_1_221' title='bbox 741 2363 894 2435; x_wconf 86' lang='lat' dir='ltr'>hospitium</span> <span class='ocrx_word' id='word_1_222' title='bbox 919 2368 1004 2434; x_wconf 87' lang='lat' dir='ltr'>atque</span> <span class='ocrx_word' id='word_1_223' title='bbox 1027 2367 1133 2434; x_wconf 89' lang='lat' dir='ltr'>partem</span> <span class='ocrx_word' id='word_1_224' title='bbox 1156 2361 1274 2433; x_wconf 89' lang='lat' dir='ltr'>piscium</span> <span class='ocrx_word' id='word_1_225' title='bbox 1300 2375 1383 2430; x_wconf 87' lang='lat' dir='ltr'>quam</span> 
     </span>
     <span class='ocr_line' id='line_1_23' title="bbox 137 2449 634 2522; baseline 0.002 -18"><span class='ocrx_word' id='word_1_226' title='bbox 137 2453 290 2522; x_wconf 83' lang='lat' dir='ltr'>potestates</span> <span class='ocrx_word' id='word_1_227' title='bbox 307 2449 410 2505; x_wconf 89' lang='lat' dir='ltr'>hahere</span> <span class='ocrx_word' id='word_1_228' title='bbox 427 2456 634 2508; x_wconf 75' lang='lat' dir='ltr'>consueverant.</span> 
     </span>
    </p>

    <p class='ocr_par' dir='ltr' id='par_1_6' title="bbox 191 2537 673 2608">
     <span class='ocr_line' id='line_1_24' title="bbox 191 2537 673 2608; baseline -0.002 -16"><span class='ocrx_word' id='word_1_229' title='bbox 191 2538 303 2594; x_wconf 78' lang='lat' dir='ltr'>Lucius:</span> <span class='ocrx_word' id='word_1_230' title='bbox 325 2537 408 2594; x_wconf 82' lang='lat' dir='ltr'>Mam.</span> <span class='ocrx_word' id='word_1_231' title='bbox 426 2537 457 2594; x_wconf 85' lang='lat' dir='ltr'>dl</span> <span class='ocrx_word' id='word_1_232' title='bbox 478 2539 562 2608; x_wconf 67' lang='lat' dir='ltr'>rena</span> <span class='ocrx_word' id='word_1_233' title='bbox 577 2553 607 2608; x_wconf 84' lang='lat' dir='ltr'>p.</span> <span class='ocrx_word' id='word_1_234' title='bbox 628 2541 673 2592; x_wconf 78' lang='grc'><strong><em>81.</em></strong></span> 
     </span>
    </p>
   </div>
   <div class='ocr_carea' id='block_1_5' title="bbox 79 2692 1384 4076">
    <p class='ocr_par' dir='ltr' id='par_1_7' title="bbox 143 2692 1383 3028">
     <span class='ocr_line' id='line_1_25' title="bbox 191 2692 1383 2766; baseline -0.005 -14"><span class='ocrx_word' id='word_1_235' title='bbox 191 2695 246 2752; x_wconf 86' lang='lat' dir='ltr'>MI.</span> <span class='ocrx_word' id='word_1_236' title='bbox 278 2699 357 2752; x_wconf 86' lang='lat'><strong><em>1270.</em></strong></span> <span class='ocrx_word' id='word_1_237' title='bbox 381 2698 426 2750; x_wconf 82' lang='grc'>11.</span> <span class='ocrx_word' id='word_1_238' title='bbox 445 2693 525 2751; x_wconf 74' lang='lat' dir='ltr'>uati.</span> <span class='ocrx_word' id='word_1_239' title='bbox 543 2694 706 2766; x_wconf 79' lang='lat' dir='ltr'>Capitulum</span> <span class='ocrx_word' id='word_1_240' title='bbox 726 2695 858 2752; x_wconf 88' lang='lat' dir='ltr'>eeclesiae</span> <span class='ocrx_word' id='word_1_241' title='bbox 877 2693 1072 2766; x_wconf 84' lang='lat' dir='ltr'>Zagrabienais</span> <span class='ocrx_word' id='word_1_242' title='bbox 1093 2697 1192 2749; x_wconf 74' lang='lat' dir='ltr'>nomm</span> <span class='ocrx_word' id='word_1_243' title='bbox 1209 2692 1284 2761; x_wconf 79' lang='lat' dir='ltr'>lecit,</span> <span class='ocrx_word' id='word_1_244' title='bbox 1308 2692 1383 2762; x_wconf 90' lang='lat' dir='ltr'>quod</span> 
     </span>
     <span class='ocr_line' id='line_1_26' title="bbox 143 2779 1380 2854; baseline -0.006 -15"><span class='ocrx_word' id='word_1_245' title='bbox 143 2783 178 2840; x_wconf 88' lang='lat' dir='ltr'>ab</span> <span class='ocrx_word' id='word_1_246' title='bbox 195 2800 250 2839; x_wconf 88' lang='lat' dir='ltr'>una</span> <span class='ocrx_word' id='word_1_247' title='bbox 268 2789 346 2854; x_wconf 89' lang='lat' dir='ltr'>parte</span> <span class='ocrx_word' id='word_1_248' title='bbox 365 2781 449 2838; x_wconf 79' lang='lat' dir='ltr'>frater</span> <span class='ocrx_word' id='word_1_249' title='bbox 467 2782 608 2838; x_wconf 86' lang='lat' dir='ltr'>Mattheus</span> <span class='ocrx_word' id='word_1_250' title='bbox 626 2782 714 2838; x_wconf 88' lang='lat' dir='ltr'>abbas</span> <span class='ocrx_word' id='word_1_251' title='bbox 739 2783 912 2854; x_wconf 85' lang='lat' dir='ltr'>Toplieensis</span> <span class='ocrx_word' id='word_1_252' title='bbox 930 2787 958 2836; x_wconf 91' lang='lat' dir='ltr'>et</span> <span class='ocrx_word' id='word_1_253' title='bbox 974 2781 1008 2837; x_wconf 83' lang='lat' dir='ltr'>fr.</span> <span class='ocrx_word' id='word_1_254' title='bbox 1026 2781 1197 2836; x_wconf 87' lang='lat' dir='ltr'>Guillermus</span> <span class='ocrx_word' id='word_1_255' title='bbox 1222 2779 1380 2836; x_wconf 88' lang='lat' dir='ltr'>cellerarius</span> 
     </span>
     <span class='ocr_line' id='line_1_27' title="bbox 144 2865 1382 2942; baseline -0.006 -15"><span class='ocrx_word' id='word_1_256' title='bbox 144 2869 263 2927; x_wconf 90' lang='lat' dir='ltr'>eiusdem</span> <span class='ocrx_word' id='word_1_257' title='bbox 280 2870 334 2926; x_wconf 91' lang='lat' dir='ltr'>loci</span> <span class='ocrx_word' id='word_1_258' title='bbox 354 2887 404 2942; x_wconf 91' lang='lat' dir='ltr'>pro</span> <span class='ocrx_word' id='word_1_259' title='bbox 423 2886 453 2926; x_wconf 85' lang='lat' dir='ltr'>ae</span> <span class='ocrx_word' id='word_1_260' title='bbox 472 2877 500 2926; x_wconf 90' lang='lat' dir='ltr'>et</span> <span class='ocrx_word' id='word_1_261' title='bbox 517 2869 652 2926; x_wconf 83' lang='lat' dir='ltr'>universis</span> <span class='ocrx_word' id='word_1_262' title='bbox 677 2870 817 2940; x_wconf 81' lang='lat' dir='ltr'>iratribus,</span> <span class='ocrx_word' id='word_1_263' title='bbox 845 2870 882 2924; x_wconf 93' lang='lat' dir='ltr'>ab</span> <span class='ocrx_word' id='word_1_264' title='bbox 909 2868 997 2924; x_wconf 86' lang='lat' dir='ltr'>altera</span> <span class='ocrx_word' id='word_1_265' title='bbox 1022 2873 1117 2924; x_wconf 89' lang='lat' dir='ltr'>autem</span> <span class='ocrx_word' id='word_1_266' title='bbox 1145 2867 1280 2935; x_wconf 84' lang='lat' dir='ltr'>Marinus,</span> <span class='ocrx_word' id='word_1_267' title='bbox 1308 2865 1382 2920; x_wconf 86' lang='lat' dir='ltr'>filins</span> 
     </span>
     <span class='ocr_line' id='line_1_28' title="bbox 145 2951 1380 3028; baseline -0.006 -14"><span class='ocrx_word' id='word_1_268' title='bbox 145 2957 247 3014; x_wconf 86' lang='lat' dir='ltr'>comitis</span> <span class='ocrx_word' id='word_1_269' title='bbox 265 2955 369 3012; x_wconf 84' lang='lat' dir='ltr'>Eirink</span> <span class='ocrx_word' id='word_1_270' title='bbox 387 2973 438 3028; x_wconf 90' lang='lat' dir='ltr'>pro</span> <span class='ocrx_word' id='word_1_271' title='bbox 458 2975 487 3014; x_wconf 89' lang='lat' dir='ltr'>se</span> <span class='ocrx_word' id='word_1_272' title='bbox 506 2961 533 3013; x_wconf 92' lang='lat' dir='ltr'>et</span> <span class='ocrx_word' id='word_1_273' title='bbox 551 2956 683 3014; x_wconf 86' lang='lat' dir='ltr'>fratribus</span> <span class='ocrx_word' id='word_1_274' title='bbox 707 2959 773 3024; x_wconf 90' lang='lat' dir='ltr'>suis,</span> <span class='ocrx_word' id='word_1_275' title='bbox 796 2958 879 3012; x_wconf 92' lang='lat' dir='ltr'>Petro</span> <span class='ocrx_word' id='word_1_276' title='bbox 898 2961 926 3011; x_wconf 91' lang='lat' dir='ltr'>et</span> <span class='ocrx_word' id='word_1_277' title='bbox 942 2954 1072 3011; x_wconf 87' lang='lat' dir='ltr'>Johanne</span> <span class='ocrx_word' id='word_1_278' title='bbox 1096 2954 1287 3021; x_wconf 88' lang='lat' dir='ltr'>asseruissent,</span> <span class='ocrx_word' id='word_1_279' title='bbox 1304 2951 1380 3024; x_wconf 90' lang='lat' dir='ltr'>quod</span> 
     </span>
    </p>

    <p class='ocr_par' dir='ltr' id='par_1_8' title="bbox 79 3035 1384 3974">
     <span class='ocr_line' id='line_1_29' title="bbox 79 3035 1379 3116; baseline -0.005 -18"><span class='ocrx_word' id='word_1_280' title='bbox 79 3035 82 3041; x_wconf 79' lang='grc'><strong>’</strong></span> <span class='ocrx_word' id='word_1_281' title='bbox 145 3045 196 3116; x_wconf 84' lang='lat' dir='ltr'>ipsi</span> <span class='ocrx_word' id='word_1_282' title='bbox 212 3044 245 3101; x_wconf 90' lang='lat' dir='ltr'>de</span> <span class='ocrx_word' id='word_1_283' title='bbox 261 3047 449 3102; x_wconf 85' lang='lat' dir='ltr'>controversia</span> <span class='ocrx_word' id='word_1_284' title='bbox 466 3062 499 3102; x_wconf 90' lang='lat' dir='ltr'>ac</span> <span class='ocrx_word' id='word_1_285' title='bbox 518 3045 626 3101; x_wconf 87' lang='lat' dir='ltr'>damnis</span> <span class='ocrx_word' id='word_1_286' title='bbox 645 3049 673 3100; x_wconf 93' lang='lat' dir='ltr'>et</span> <span class='ocrx_word' id='word_1_287' title='bbox 689 3041 861 3100; x_wconf 90' lang='lat' dir='ltr'>laesionibus</span> <span class='ocrx_word' id='word_1_288' title='bbox 879 3059 951 3114; x_wconf 84' lang='lat' dir='ltr'>quse</span> <span class='ocrx_word' id='word_1_289' title='bbox 969 3042 1125 3098; x_wconf 86' lang='lat' dir='ltr'>inciderunt</span> <span class='ocrx_word' id='word_1_290' title='bbox 1149 3057 1232 3112; x_wconf 90' lang='lat' dir='ltr'>snper</span> <span class='ocrx_word' id='word_1_291' title='bbox 1244 3038 1379 3096; x_wconf 89' lang='lat' dir='ltr'>limitibus</span> 
     </span>
     <span class='ocr_line' id='line_1_30' title="bbox 146 3127 1381 3204; baseline -0.006 -16"><span class='ocrx_word' id='word_1_292' title='bbox 146 3137 273 3188; x_wconf 85' lang='lat' dir='ltr'>terrarum</span> <span class='ocrx_word' id='word_1_293' title='bbox 291 3133 414 3202; x_wconf 83' lang='lat' dir='ltr'>Jarcvel,</span> <span class='ocrx_word' id='word_1_294' title='bbox 438 3149 510 3204; x_wconf 86' lang='lat' dir='ltr'>quae</span> <span class='ocrx_word' id='word_1_295' title='bbox 528 3139 572 3188; x_wconf 89' lang='lat' dir='ltr'>est</span> <span class='ocrx_word' id='word_1_296' title='bbox 589 3133 691 3188; x_wconf 85' lang='lat' dir='ltr'>Marini</span> <span class='ocrx_word' id='word_1_297' title='bbox 709 3137 738 3187; x_wconf 90' lang='lat' dir='ltr'>et</span> <span class='ocrx_word' id='word_1_298' title='bbox 755 3131 871 3186; x_wconf 79' lang='lat' dir='ltr'>fratrum</span> <span class='ocrx_word' id='word_1_299' title='bbox 896 3146 1001 3198; x_wconf 88' lang='lat' dir='ltr'>eorum,</span> <span class='ocrx_word' id='word_1_300' title='bbox 1026 3133 1054 3184; x_wconf 93' lang='lat' dir='ltr'>et</span> <span class='ocrx_word' id='word_1_301' title='bbox 1077 3127 1215 3194; x_wconf 82' lang='lat' dir='ltr'>Powonia,</span> <span class='ocrx_word' id='word_1_302' title='bbox 1241 3143 1314 3198; x_wconf 89' lang='lat' dir='ltr'>quae</span> <span class='ocrx_word' id='word_1_303' title='bbox 1338 3130 1381 3180; x_wconf 91' lang='lat' dir='ltr'>est</span> 
     </span>
     <span class='ocr_line' id='line_1_31' title="bbox 149 3214 1383 3289; baseline -0.006 -14"><span class='ocrx_word' id='word_1_304' title='bbox 149 3219 256 3289; x_wconf 88' lang='lat' dir='ltr'>abbatis,</span> <span class='ocrx_word' id='word_1_305' title='bbox 278 3218 466 3276; x_wconf 86' lang='lat' dir='ltr'>mediantibus</span> <span class='ocrx_word' id='word_1_306' title='bbox 491 3219 601 3275; x_wconf 90' lang='lat' dir='ltr'>arbitris</span> <span class='ocrx_word' id='word_1_307' title='bbox 627 3219 743 3276; x_wconf 86' lang='lat' dir='ltr'>scilicet:</span> <span class='ocrx_word' id='word_1_308' title='bbox 767 3217 898 3276; x_wconf 89' lang='lat' dir='ltr'>Johanne</span> <span class='ocrx_word' id='word_1_309' title='bbox 922 3217 1023 3274; x_wconf 89' lang='lat' dir='ltr'>comite</span> <span class='ocrx_word' id='word_1_310' title='bbox 1047 3215 1104 3270; x_wconf 86' lang='lat' dir='ltr'>filio</span> <span class='ocrx_word' id='word_1_311' title='bbox 1128 3214 1220 3269; x_wconf 86' lang='lat' dir='ltr'>Irinlai</span> <span class='ocrx_word' id='word_1_312' title='bbox 1246 3230 1280 3269; x_wconf 84' lang='lat' dir='ltr'>ex</span> <span class='ocrx_word' id='word_1_313' title='bbox 1305 3218 1383 3284; x_wconf 87' lang='lat' dir='ltr'>parte</span> 
     </span>
     <span class='ocr_line' id='line_1_32' title="bbox 149 3299 1384 3377; baseline -0.006 -16"><span class='ocrx_word' id='word_1_314' title='bbox 149 3305 271 3362; x_wconf 87' lang='lat' dir='ltr'>ecelesiae</span> <span class='ocrx_word' id='word_1_315' title='bbox 290 3311 318 3362; x_wconf 86' lang='lat' dir='ltr'>st</span> <span class='ocrx_word' id='word_1_316' title='bbox 336 3305 437 3377; x_wconf 82' lang='lat' dir='ltr'>Egidio</span> <span class='ocrx_word' id='word_1_317' title='bbox 459 3307 517 3362; x_wconf 90' lang='lat' dir='ltr'>filio</span> <span class='ocrx_word' id='word_1_318' title='bbox 541 3305 659 3362; x_wconf 81' lang='lat' dir='ltr'>Berizlai</span> <span class='ocrx_word' id='word_1_319' title='bbox 682 3323 716 3362; x_wconf 83' lang='lat' dir='ltr'>ex</span> <span class='ocrx_word' id='word_1_320' title='bbox 741 3309 820 3377; x_wconf 89' lang='lat' dir='ltr'>parte</span> <span class='ocrx_word' id='word_1_321' title='bbox 843 3304 946 3360; x_wconf 84' lang='lat' dir='ltr'>Marini</span> <span class='ocrx_word' id='word_1_322' title='bbox 971 3309 999 3359; x_wconf 91' lang='lat' dir='ltr'>et</span> <span class='ocrx_word' id='word_1_323' title='bbox 1022 3301 1141 3358; x_wconf 83' lang='lat' dir='ltr'>fratrum</span> <span class='ocrx_word' id='word_1_324' title='bbox 1164 3300 1266 3368; x_wconf 90' lang='lat' dir='ltr'>electis,</span> <span class='ocrx_word' id='word_1_325' title='bbox 1290 3299 1384 3355; x_wconf 84' lang='lat' dir='ltr'>Torda</span> 
     </span>
     <span class='ocr_line' id='line_1_33' title="bbox 152 3385 1384 3466; baseline -0.005 -18"><span class='ocrx_word' id='word_1_326' title='bbox 152 3394 225 3448; x_wconf 90' lang='lat' dir='ltr'>etiam</span> <span class='ocrx_word' id='word_1_327' title='bbox 244 3399 270 3450; x_wconf 92' lang='lat' dir='ltr'>et</span> <span class='ocrx_word' id='word_1_328' title='bbox 287 3394 414 3466; x_wconf 84' lang='lat' dir='ltr'>Posseny</span> <span class='ocrx_word' id='word_1_329' title='bbox 437 3394 604 3451; x_wconf 85' lang='lat' dir='ltr'>officialibus</span> <span class='ocrx_word' id='word_1_330' title='bbox 628 3393 738 3450; x_wconf 89' lang='lat' dir='ltr'>abbatis</span> <span class='ocrx_word' id='word_1_331' title='bbox 762 3394 791 3448; x_wconf 91' lang='lat' dir='ltr'>in</span> <span class='ocrx_word' id='word_1_332' title='bbox 816 3392 939 3462; x_wconf 84' lang='lat' dir='ltr'>collegas</span> <span class='ocrx_word' id='word_1_333' title='bbox 963 3390 1122 3461; x_wconf 87' lang='lat' dir='ltr'>assumptis,</span> <span class='ocrx_word' id='word_1_334' title='bbox 1146 3387 1182 3443; x_wconf 91' lang='lat' dir='ltr'>ad</span> <span class='ocrx_word' id='word_1_335' title='bbox 1207 3385 1384 3444; x_wconf 86' lang='lat' dir='ltr'>concordiam</span> 
     </span>
     <span class='ocr_line' id='line_1_34' title="bbox 150 3473 1382 3552; baseline -0.006 -16"><span class='ocrx_word' id='word_1_336' title='bbox 150 3487 320 3552; x_wconf 78' lang='lat' dir='ltr'>pervenerunt</span> <span class='ocrx_word' id='word_1_337' title='bbox 337 3481 401 3536; x_wconf 84' lang='lat' dir='ltr'>fixis</span> <span class='ocrx_word' id='word_1_338' title='bbox 419 3483 500 3538; x_wconf 88' lang='lat' dir='ltr'>metis</span> <span class='ocrx_word' id='word_1_339' title='bbox 518 3488 664 3552; x_wconf 87' lang='lat' dir='ltr'>terrarum,</span> <span class='ocrx_word' id='word_1_340' title='bbox 682 3497 801 3551; x_wconf 88' lang='lat' dir='ltr'>quarum</span> <span class='ocrx_word' id='word_1_341' title='bbox 820 3479 910 3550; x_wconf 88' lang='lat' dir='ltr'>prima</span> <span class='ocrx_word' id='word_1_342' title='bbox 927 3477 1025 3548; x_wconf 87' lang='lat' dir='ltr'>incipit</span> <span class='ocrx_word' id='word_1_343' title='bbox 1042 3474 1118 3548; x_wconf 89' lang='lat' dir='ltr'>apud</span> <span class='ocrx_word' id='word_1_344' title='bbox 1131 3475 1221 3530; x_wconf 86' lang='lat' dir='ltr'>rivum</span> <span class='ocrx_word' id='word_1_345' title='bbox 1237 3473 1382 3541; x_wconf 84' lang='lat' dir='ltr'>Puluhina,</span> 
     </span>
     <span class='ocr_line' id='line_1_35' title="bbox 150 3562 1382 3638; baseline -0.006 -16"><span class='ocrx_word' id='word_1_346' title='bbox 150 3567 207 3622; x_wconf 88' lang='lat' dir='ltr'>inde</span> <span class='ocrx_word' id='word_1_347' title='bbox 217 3569 286 3624; x_wconf 79' lang='lat' dir='ltr'>veuit</span> <span class='ocrx_word' id='word_1_348' title='bbox 297 3569 333 3624; x_wconf 90' lang='lat' dir='ltr'>ad</span> <span class='ocrx_word' id='word_1_349' title='bbox 351 3570 442 3625; x_wconf 90' lang='lat' dir='ltr'>lacum</span> <span class='ocrx_word' id='word_1_350' title='bbox 455 3568 561 3638; x_wconf 88' lang='lat' dir='ltr'>Loireu,</span> <span class='ocrx_word' id='word_1_351' title='bbox 575 3569 639 3624; x_wconf 92' lang='lat' dir='ltr'>inde</span> <span class='ocrx_word' id='word_1_352' title='bbox 651 3569 729 3624; x_wconf 86' lang='lat' dir='ltr'>iuxta</span> <span class='ocrx_word' id='word_1_353' title='bbox 743 3583 831 3622; x_wconf 88' lang='lat' dir='ltr'>unum</span> <span class='ocrx_word' id='word_1_354' title='bbox 842 3565 962 3622; x_wconf 82' lang='lat' dir='ltr'>rivulum</span> <span class='ocrx_word' id='word_1_355' title='bbox 974 3562 1100 3620; x_wconf 88' lang='lat' dir='ltr'>aseendit</span> <span class='ocrx_word' id='word_1_356' title='bbox 1111 3578 1246 3633; x_wconf 88' lang='lat' dir='ltr'>magnum</span> <span class='ocrx_word' id='word_1_357' title='bbox 1258 3564 1382 3616; x_wconf 89' lang='lat' dir='ltr'>montem</span> 
     </span>
     <span class='ocr_line' id='line_1_36' title="bbox 152 3647 1383 3726; baseline -0.007 -16"><span class='ocrx_word' id='word_1_358' title='bbox 152 3653 195 3710; x_wconf 92' lang='lat' dir='ltr'>ubi</span> <span class='ocrx_word' id='word_1_359' title='bbox 211 3660 249 3710; x_wconf 88' lang='lat' dir='ltr'>est</span> <span class='ocrx_word' id='word_1_360' title='bbox 264 3671 367 3726; x_wconf 87' lang='lat' dir='ltr'>magna</span> <span class='ocrx_word' id='word_1_361' title='bbox 385 3658 442 3726; x_wconf 82' lang='lat' dir='ltr'>via,</span> <span class='ocrx_word' id='word_1_362' title='bbox 456 3657 485 3711; x_wconf 91' lang='lat' dir='ltr'>in</span> <span class='ocrx_word' id='word_1_363' title='bbox 504 3655 601 3712; x_wconf 92' lang='lat' dir='ltr'>eadem</span> <span class='ocrx_word' id='word_1_364' title='bbox 619 3671 723 3726; x_wconf 89' lang='lat' dir='ltr'>magna</span> <span class='ocrx_word' id='word_1_365' title='bbox 740 3655 785 3709; x_wconf 81' lang='lat' dir='ltr'>ria</span> <span class='ocrx_word' id='word_1_366' title='bbox 804 3653 840 3710; x_wconf 89' lang='lat' dir='ltr'>ab</span> <span class='ocrx_word' id='word_1_367' title='bbox 858 3652 955 3709; x_wconf 91' lang='lat' dir='ltr'>eodem</span> <span class='ocrx_word' id='word_1_368' title='bbox 974 3656 1068 3708; x_wconf 89' lang='lat' dir='ltr'>monte</span> <span class='ocrx_word' id='word_1_369' title='bbox 1083 3647 1209 3721; x_wconf 88' lang='lat' dir='ltr'>procedit</span> <span class='ocrx_word' id='word_1_370' title='bbox 1226 3665 1275 3720; x_wconf 88' lang='lat' dir='ltr'>per</span> <span class='ocrx_word' id='word_1_371' title='bbox 1294 3652 1383 3702; x_wconf 87' lang='lat' dir='ltr'>metas</span> 
     </span>
     <span class='ocr_line' id='line_1_37' title="bbox 152 3734 1380 3811; baseline -0.009 -13"><span class='ocrx_word' id='word_1_372' title='bbox 152 3747 241 3800; x_wconf 78' lang='lat' dir='ltr'>eneas</span> <span class='ocrx_word' id='word_1_373' title='bbox 257 3747 286 3798; x_wconf 91' lang='lat' dir='ltr'>et</span> <span class='ocrx_word' id='word_1_374' title='bbox 302 3743 447 3800; x_wconf 87' lang='lat' dir='ltr'>deseendit</span> <span class='ocrx_word' id='word_1_375' title='bbox 469 3742 505 3799; x_wconf 92' lang='lat' dir='ltr'>de</span> <span class='ocrx_word' id='word_1_376' title='bbox 526 3743 572 3799; x_wconf 79' lang='lat' dir='ltr'>ria</span> <span class='ocrx_word' id='word_1_377' title='bbox 589 3743 617 3798; x_wconf 90' lang='lat' dir='ltr'>in</span> <span class='ocrx_word' id='word_1_378' title='bbox 636 3741 737 3798; x_wconf 84' lang='lat' dir='ltr'>vallem</span> <span class='ocrx_word' id='word_1_379' title='bbox 755 3740 792 3796; x_wconf 93' lang='lat' dir='ltr'>ad</span> <span class='ocrx_word' id='word_1_380' title='bbox 819 3746 940 3811; x_wconf 86' lang='lat' dir='ltr'>quatuor</span> <span class='ocrx_word' id='word_1_381' title='bbox 964 3739 1063 3806; x_wconf 85' lang='lat' dir='ltr'>fossas,</span> <span class='ocrx_word' id='word_1_382' title='bbox 1091 3736 1156 3792; x_wconf 90' lang='lat' dir='ltr'>inde</span> <span class='ocrx_word' id='word_1_383' title='bbox 1183 3734 1220 3790; x_wconf 90' lang='lat' dir='ltr'>ad</span> <span class='ocrx_word' id='word_1_384' title='bbox 1247 3749 1380 3790; x_wconf 88' lang='lat' dir='ltr'>cacumen</span> 
     </span>
     <span class='ocr_line' id='line_1_38' title="bbox 153 3819 1382 3902; baseline -0.007 -18"><span class='ocrx_word' id='word_1_385' title='bbox 153 3830 240 3885; x_wconf 87' lang='lat' dir='ltr'>montis</span> <span class='ocrx_word' id='word_1_386' title='bbox 256 3835 284 3886; x_wconf 92' lang='lat' dir='ltr'>et</span> <span class='ocrx_word' id='word_1_387' title='bbox 302 3847 352 3902; x_wconf 91' lang='lat' dir='ltr'>per</span> <span class='ocrx_word' id='word_1_388' title='bbox 370 3832 459 3886; x_wconf 88' lang='lat' dir='ltr'>varias</span> <span class='ocrx_word' id='word_1_389' title='bbox 487 3837 576 3887; x_wconf 87' lang='lat' dir='ltr'>metas</span> <span class='ocrx_word' id='word_1_390' title='bbox 595 3831 670 3886; x_wconf 85' lang='lat' dir='ltr'>venit</span> <span class='ocrx_word' id='word_1_391' title='bbox 687 3829 724 3886; x_wconf 87' lang='lat' dir='ltr'>ad</span> <span class='ocrx_word' id='word_1_392' title='bbox 742 3833 828 3900; x_wconf 89' lang='lat' dir='ltr'>caput</span> <span class='ocrx_word' id='word_1_393' title='bbox 845 3827 896 3884; x_wconf 87' lang='lat' dir='ltr'>rivi</span> <span class='ocrx_word' id='word_1_394' title='bbox 914 3824 1085 3883; x_wconf 87' lang='lat' dir='ltr'>Marcusdeu</span> <span class='ocrx_word' id='word_1_395' title='bbox 1110 3825 1190 3880; x_wconf 90' lang='lat' dir='ltr'>etin</span> <span class='ocrx_word' id='word_1_396' title='bbox 1218 3822 1308 3877; x_wconf 88' lang='lat' dir='ltr'>rivum</span> <span class='ocrx_word' id='word_1_397' title='bbox 1333 3819 1382 3876; x_wconf 85' lang='lat' dir='ltr'>Ja-</span> 
     </span>
     <span class='ocr_line' id='line_1_39' title="bbox 153 3917 472 3974; baseline 0.003 -1"><span class='ocrx_word' id='word_1_398' title='bbox 153 3917 222 3974; x_wconf 81' lang='lat' dir='ltr'>rauel</span> <span class='ocrx_word' id='word_1_399' title='bbox 237 3918 283 3972; x_wconf 94' lang='lat' dir='ltr'>ubi</span> <span class='ocrx_word' id='word_1_400' title='bbox 301 3919 472 3974; x_wconf 85' lang='lat' dir='ltr'>terminatur.</span> 
     </span>
    </p>

    <p class='ocr_par' dir='ltr' id='par_1_9' title="bbox 200 4006 713 4076">
     <span class='ocr_line' id='line_1_40' title="bbox 200 4006 713 4076; baseline 0.004 -17"><span class='ocrx_word' id='word_1_401' title='bbox 200 4006 315 4062; x_wconf 75' lang='lat' dir='ltr'>Tlcllld:</span> <span class='ocrx_word' id='word_1_402' title='bbox 333 4009 408 4064; x_wconf 81' lang='lat' dir='ltr'>Mon.</span> <span class='ocrx_word' id='word_1_403' title='bbox 427 4007 491 4063; x_wconf 79' lang='lat' dir='ltr'>liat.</span> <span class='ocrx_word' id='word_1_404' title='bbox 514 4009 543 4063; x_wconf 75' lang='grc' dir='ltr'>Τ.</span> <span class='ocrx_word' id='word_1_405' title='bbox 564 4009 587 4062; x_wconf 91' lang='grc'><strong><em>1.</em></strong></span> <span class='ocrx_word' id='word_1_406' title='bbox 604 4023 632 4076; x_wconf 87' lang='lat' dir='ltr'>p.</span> <span class='ocrx_word' id='word_1_407' title='bbox 652 4009 713 4061; x_wconf 84' lang='lat'><em>150.</em></span> 
     </span>
    </p>
   </div>
   <div class='ocr_carea' id='block_1_6' title="bbox 156 4134 1383 4479">
    <p class='ocr_par' dir='ltr' id='par_1_10' title="bbox 156 4134 1383 4394">
     <span class='ocr_line' id='line_1_41' title="bbox 199 4134 1383 4218; baseline -0.01 -16"><span class='ocrx_word' id='word_1_408' title='bbox 199 4145 258 4202; x_wconf 86' lang='grc'><strong><em>1111.</em></strong></span> <span class='ocrx_word' id='word_1_409' title='bbox 290 4151 368 4204; x_wconf 82' lang='lat'><em>1270.</em></span> <span class='ocrx_word' id='word_1_410' title='bbox 395 4151 436 4203; x_wconf 87' lang='lat'>26.</span> <span class='ocrx_word' id='word_1_411' title='bbox 456 4147 536 4202; x_wconf 78' lang='lat' dir='ltr'>Mali.</span> <span class='ocrx_word' id='word_1_412' title='bbox 562 4147 722 4218; x_wconf 86' lang='lat' dir='ltr'>Stephanus</span> <span class='ocrx_word' id='word_1_413' title='bbox 740 4145 777 4199; x_wconf 89' lang='lat' dir='ltr'>V.</span> <span class='ocrx_word' id='word_1_414' title='bbox 802 4161 850 4200; x_wconf 82' lang='lat' dir='ltr'>rex</span> <span class='ocrx_word' id='word_1_415' title='bbox 875 4149 972 4198; x_wconf 91' lang='lat' dir='ltr'>notum</span> <span class='ocrx_word' id='word_1_416' title='bbox 996 4142 1071 4212; x_wconf 83' lang='lat' dir='ltr'>facit,</span> <span class='ocrx_word' id='word_1_417' title='bbox 1095 4137 1172 4212; x_wconf 89' lang='lat' dir='ltr'>quod</span> <span class='ocrx_word' id='word_1_418' title='bbox 1195 4139 1321 4211; x_wconf 91' lang='lat' dir='ltr'>hospites</span> <span class='ocrx_word' id='word_1_419' title='bbox 1348 4134 1383 4191; x_wconf 88' lang='lat' dir='ltr'>de</span> 
     </span>
     <span class='ocr_line' id='line_1_42' title="bbox 156 4223 1382 4306; baseline -0.011 -16"><span class='ocrx_word' id='word_1_420' title='bbox 156 4239 232 4290; x_wconf 90' lang='lat' dir='ltr'>monte</span> <span class='ocrx_word' id='word_1_421' title='bbox 247 4232 339 4290; x_wconf 86' lang='lat' dir='ltr'>Grcch</span> <span class='ocrx_word' id='word_1_422' title='bbox 367 4234 560 4290; x_wconf 82' lang='lat' dir='ltr'>exhibuissent</span> <span class='ocrx_word' id='word_1_423' title='bbox 583 4234 760 4306; x_wconf 82' lang='lat' dir='ltr'>privilegium</span> <span class='ocrx_word' id='word_1_424' title='bbox 784 4231 867 4287; x_wconf 89' lang='lat' dir='ltr'>Belae</span> <span class='ocrx_word' id='word_1_425' title='bbox 886 4229 937 4284; x_wconf 89' lang='lat' dir='ltr'>IV.</span> <span class='ocrx_word' id='word_1_426' title='bbox 960 4229 1033 4299; x_wconf 91' lang='lat' dir='ltr'>regis</span> <span class='ocrx_word' id='word_1_427' title='bbox 1057 4228 1103 4298; x_wconf 78' lang='lat' dir='ltr'>(de</span> <span class='ocrx_word' id='word_1_428' title='bbox 1121 4245 1146 4283; x_wconf 91' lang='lat' dir='ltr'>a.</span> <span class='ocrx_word' id='word_1_429' title='bbox 1167 4227 1240 4282; x_wconf 77' lang='lat'>1268.</span> <span class='ocrx_word' id='word_1_430' title='bbox 1259 4227 1286 4290; x_wconf 72' lang='lat'>5,</span> <span class='ocrx_word' id='word_1_431' title='bbox 1302 4223 1382 4294; x_wconf 85' lang='lat' dir='ltr'>Julii)</span> 
     </span>
     <span class='ocr_line' id='line_1_43' title="bbox 157 4316 1056 4394; baseline -0.006 -17"><span class='ocrx_word' id='word_1_432' title='bbox 157 4327 262 4394; x_wconf 89' lang='lat' dir='ltr'>petentes</span> <span class='ocrx_word' id='word_1_433' title='bbox 281 4327 312 4377; x_wconf 91' lang='lat' dir='ltr'>ut</span> <span class='ocrx_word' id='word_1_434' title='bbox 330 4321 404 4376; x_wconf 90' lang='lat' dir='ltr'>idem</span> <span class='ocrx_word' id='word_1_435' title='bbox 423 4325 515 4378; x_wconf 91' lang='lat' dir='ltr'>ratum</span> <span class='ocrx_word' id='word_1_436' title='bbox 533 4321 656 4389; x_wconf 90' lang='lat' dir='ltr'>haberet,</span> <span class='ocrx_word' id='word_1_437' title='bbox 675 4321 721 4376; x_wconf 87' lang='lat' dir='ltr'>cui</span> <span class='ocrx_word' id='word_1_438' title='bbox 738 4318 864 4392; x_wconf 91' lang='lat' dir='ltr'>petitioni</span> <span class='ocrx_word' id='word_1_439' title='bbox 883 4333 932 4373; x_wconf 86' lang='lat' dir='ltr'>rex</span> <span class='ocrx_word' id='word_1_440' title='bbox 950 4316 1056 4372; x_wconf 88' lang='lat' dir='ltr'>annuit.</span> 
     </span>
    </p>

    <p class='ocr_par' dir='ltr' id='par_1_11' title="bbox 201 4407 897 4479">
     <span class='ocr_line' id='line_1_44' title="bbox 201 4407 897 4479; baseline -0.003 -17"><span class='ocrx_word' id='word_1_441' title='bbox 201 4409 315 4464; x_wconf 77' lang='lat' dir='ltr'>l&#39;ltull‘t‘c&#39;:</span> <span class='ocrx_word' id='word_1_442' title='bbox 333 4409 412 4463; x_wconf 80' lang='lat' dir='ltr'>Mon.</span> <span class='ocrx_word' id='word_1_443' title='bbox 431 4410 483 4464; x_wconf 82' lang='lat' dir='ltr'>cle.</span> <span class='ocrx_word' id='word_1_444' title='bbox 501 4409 620 4479; x_wconf 72' lang='lat' dir='ltr'>Zagrab.</span> <span class='ocrx_word' id='word_1_445' title='bbox 644 4407 702 4464; x_wconf 80' lang='lat' dir='ltr'>Vol.</span> <span class='ocrx_word' id='word_1_446' title='bbox 722 4409 747 4463; x_wconf 93' lang='grc' dir='ltr'>Ι.</span> <span class='ocrx_word' id='word_1_447' title='bbox 766 4407 834 4462; x_wconf 86' lang='lat' dir='ltr'>Dec.</span> <span class='ocrx_word' id='word_1_448' title='bbox 854 4409 897 4460; x_wconf 82' lang='lat'>52.</span> 
     </span>
    </p>
   </div>
   <div class='ocr_carea' id='block_1_7' title="bbox 65 4539 1418 4732">
    <p class='ocr_par' dir='ltr' id='par_1_12' title="bbox 65 4539 1418 4732">
     <span class='ocr_line' id='line_1_45' title="bbox 199 4539 1381 4614; baseline -0.01 -8"><span class='ocrx_word' id='word_1_449' title='bbox 199 4549 275 4608; x_wconf 72' lang='lat' dir='ltr'>uui„</span> <span class='ocrx_word' id='word_1_450' title='bbox 294 4553 372 4607; x_wconf 88' lang='lat'><em>1270.</em></span> <span class='ocrx_word' id='word_1_451' title='bbox 391 4551 466 4607; x_wconf 78' lang='lat' dir='ltr'>Ante</span> <span class='ocrx_word' id='word_1_452' title='bbox 484 4567 600 4608; x_wconf 83' lang='lat' dir='ltr'>mensem</span> <span class='ocrx_word' id='word_1_453' title='bbox 618 4552 745 4606; x_wconf 74' lang='lat' dir='ltr'>daniam.</span> <span class='ocrx_word' id='word_1_454' title='bbox 772 4549 840 4604; x_wconf 91' lang='lat' dir='ltr'>Bela</span> <span class='ocrx_word' id='word_1_455' title='bbox 858 4547 909 4604; x_wconf 89' lang='lat' dir='ltr'>IV.</span> <span class='ocrx_word' id='word_1_456' title='bbox 928 4563 978 4602; x_wconf 84' lang='lat' dir='ltr'>rex</span> <span class='ocrx_word' id='word_1_457' title='bbox 995 4543 1128 4614; x_wconf 86' lang='lat' dir='ltr'>notificat,</span> <span class='ocrx_word' id='word_1_458' title='bbox 1146 4541 1222 4614; x_wconf 92' lang='lat' dir='ltr'>quod</span> <span class='ocrx_word' id='word_1_459' title='bbox 1240 4539 1381 4596; x_wconf 89' lang='lat' dir='ltr'>Henricus</span> 
     </span>
     <span class='ocr_line' id='line_1_46' title="bbox 65 4629 1418 4732; baseline -0.009 -36"><span class='ocrx_word' id='word_1_460' title='bbox 65 4719 70 4732; x_wconf 92' lang='lat'><em>.</em></span> <span class='ocrx_word' id='word_1_461' title='bbox 159 4643 181 4696; x_wconf 88' lang='lat' dir='ltr'>et</span> <span class='ocrx_word' id='word_1_462' title='bbox 194 4638 315 4696; x_wconf 82' lang='lat' dir='ltr'>Nicolaus</span> <span class='ocrx_word' id='word_1_463' title='bbox 333 4640 459 4714; x_wconf 86' lang='lat' dir='ltr'>comites,</span> <span class='ocrx_word' id='word_1_464' title='bbox 478 4639 528 4696; x_wconf 88' lang='lat' dir='ltr'>filii</span> <span class='ocrx_word' id='word_1_465' title='bbox 546 4638 665 4708; x_wconf 85' lang='lat' dir='ltr'>Nicolai‚</span> <span class='ocrx_word' id='word_1_466' title='bbox 687 4636 863 4694; x_wconf 84' lang='lat' dir='ltr'>exhibuerint</span> <span class='ocrx_word' id='word_1_467' title='bbox 881 4635 972 4694; x_wconf 81' lang='lat' dir='ltr'>varias</span> <span class='ocrx_word' id='word_1_468' title='bbox 989 4633 1095 4690; x_wconf 89' lang='lat' dir='ltr'>litteras</span> <span class='ocrx_word' id='word_1_469' title='bbox 1117 4629 1217 4687; x_wconf 88' lang='lat' dir='ltr'>iudicis</span> <span class='ocrx_word' id='word_1_470' title='bbox 1236 4629 1329 4686; x_wconf 77' lang='lat' dir='ltr'>emine</span> <span class='ocrx_word' id='word_1_471' title='bbox 1354 4631 1383 4724; x_wconf 75' lang='lat' dir='ltr'>et</span> <span class='ocrx_word' id='word_1_472' title='bbox 1410 4685 1418 4726; x_wconf 56' lang='lat'><strong>:</strong></span> 
     </span>
    </p>
   </div>
   <div class='ocr_carea' id='block_1_8' title="bbox 0 0 1755 5356">
    <p class='ocr_par' dir='ltr' id='par_1_13' title="bbox 0 0 1755 5356">
     <span class='ocr_line' id='line_1_47' title="bbox 0 0 1755 5356; baseline 0 0"><span class='ocrx_word' id='word_1_473' title='bbox 0 0 1755 5356; x_wconf 95' lang='lat' dir='ltr'> </span> 
     </span>
    </p>
   </div>
  </div>
 </body>
</html>
