3490 5408
344 405 410 472 294
845 429 865 468 r.
887 413 1085 490 remunero,

343 595 444 650 Ronne
462 597 491 649 et
508 596 606 664 postes
623 592 651 647 in
670 597 744 650 terra
770 591 919 663 vulgariter
943 593 1064 648 Humulr
1087 592 1171 662 dicte,
1198 599 1226 649 et
1252 595 1327 650 venit
1349 595 1377 650 in
1405 597 1480 651 viem
1508 595 1588 665 Inue,

343 681 444 737 deinde
462 697 547 754 super
566 682 639 736 emm
657 681 762 752 Weyss
779 697 876 736 versum
895 681 1028 736 orientem
1046 687 1075 736 et
1092 697 1127 736 ex
1146 686 1224 754 parte
1241 687 1329 738 terrm
1342 682 1472 740 Albensis
1497 685 1582 740 eccle·

343 771 401 825 siue
419 769 455 824 ed
473 775 560 840 ceput
577 769 693 824 Itonnee
718 768 794 824 fluuii
812 767 848 824 ed
867 768 966 823 eilvsm
988 768 1069 824 Melk
1086 774 1115 824 et
1133 769 1212 824 iuxta
1236 771 1337 824 terrem
1360 770 1453 826 Butka
1477 772 1587 826 comitis

343 857 419 913 redit
436 856 472 912 ed
490 861 577 928 caput
593 855 669 912 fluvii
696 857 773 913 Noer
791 855 827 912 ad
847 854 1016 928 preedictam
1040 861 1142 920 terrem
1156 857 1289 928 episcopi,
1313 874 1399 928 quem
1422 875 1440 914 a
1463 858 1587 914 Petnrke

342 943 444 1000 comite
461 943 641 1015 comparavit

396 1033 441 1086 Ec
459 1031 572 1088 cretico
591 1031 724 1088 cameli
746 1031 881 1089 Budorei.
903 1031 1025 1088 Wensel:
1047 1030 1113 1087 (led.
1132 1029 1201 1101 dipl.
1221 1031 1320 1100 Arpcd
1334 1031 1400 1089 VII.
1420 1036 1481 1090 228.

397 1189 637 1246 cuLxxxvn.
664 1193 742 1248 1269.
765 1193 809 1245 22.
833 1190 996 1246 Decembre.
1019 1190 1088 1246 lea
1112 1189 1163 1246 IV.
1186 1204 1235 1244 rex
1258 1189 1396 1258 nedficat,
1421 1190 1496 1262 quod
1520 1207 1585 1248 curn

342 1279 483 1335 senctiferi
511 1278 607 1349 populi
635 1281 664 1333 et
687 1277 854 1349 jobagienes
881 1278 1005 1350 episcopi
1033 1277 1151 1348 Zegrab.
1179 1277 1207 1332 iu
1235 1281 1356 1348 quetuor
1379 1278 1454 1333 vilis:
1473 1277 1585 1347 Vertus,

344 1366 429 1433 Elius,
448 1365 549 1420 Budun
569 1369 598 1420 et
615 1363 708 1420 Tilrnd
726 1365 754 1419 in
772 1367 906 1421 comitatu
930 1365 1082 1436 simigiensi
1106 1366 1265 1430 existentes,
1283 1381 1333 1436 per
1350 1366 1496 1422 continuos
1523 1365 1585 1422 des·

342 1469 443 1508 census
467 1452 603 1508 baronum
622 1456 650 1508 et
676 1453 808 1508 comitum
832 1453 1031 1522 simigiensium
1054 1469 1088 1508 ee
1112 1469 1161 1523 per
1185 1453 1302 1508 curiales
1320 1454 1435 1509 comites
1460 1453 1584 1509 eiusdem

343 1545 577 1610 conquererentur
595 1557 626 1597 se
644 1541 731 1596 fuisse
748 1541 865 1612 plurime
884 1545 1058 1612 aggravatos,
1076 1540 1111 1595 sd
1131 1541 1290 1596 instantiam
1304 1540 1441 1596 Timothei
1461 1542 1586 1613 episcopi

343 1626 538 1697 Zagrabiensie
556 1626 638 1684 dictis
657 1628 769 1700 populis
786 1629 872 1682 telem
889 1628 1007 1697 gretiam
1032 1626 1112 1682 duxit
1136 1627 1300 1696 faciendum,
1325 1629 1400 1698 quod
1424 1629 1519 1684 nullus
1537 1629 1584 1684 be·

349 1730 448 1768 renum
469 1712 632 1770 descensum
652 1731 736 1786 super
754 1715 868 1770 eosdem
886 1719 1046 1786 praesumet
1064 1715 1155 1770 iecere
1173 1715 1333 1783 violentum,
1349 1715 1481 1787 quodque
1492 1733 1585 1773 comes
1669 1751 1674 1760 ·

343 1801 509 1872 simigiensis
527 1805 556 1856 et
573 1803 691 1857 curiales
710 1803 825 1858 comites
843 1803 872 1856 in
891 1802 969 1857 nullo
987 1817 1055 1857 cusu
1074 1817 1122 1857 eos
1141 1803 1252 1858 veleant
1269 1801 1399 1871 iudicare,
1415 1803 1583 1860 reservando

342 1905 391 1944 eos
410 1889 486 1958 regie
505 1893 533 1944 et
552 1889 703 1960 episcopali
721 1889 832 1945 iudicio.
851 1890 958 1944 Datum
977 1905 1027 1960 per
1044 1905 1144 1944 manus
1163 1891 1288 1960 magistri
1299 1889 1444 1959 Demetrii,
1454 1891 1584 1946 Albeneis

343 1976 494 2047 praepositi
512 1976 594 2031 culae
613 1975 837 2031 vicecancellarii.

396 2061 617 2120 recinente.
636 2062 700 2118 ittet.
721 2065 748 2116 T.
769 2066 791 2118 I.
809 2079 838 2138 p,
856 2066 917 2119 141.

396 2203 651 2261 OMLXXXVIII.
670 2205 749 2258 12⁶9.
766 2205 811 2260 22.
831 2201 1080 2259 Decembris'Bele
1098 2203 1151 2260 1v.
1175 2220 1224 2258 rex
1242 2204 1374 2272 notificet,
1399 2204 1474 2276 quod
1492 2205 1582 2262 limo

341 2291 440 2347 thaeus
459 2291 609 2362 episcopus
627 2289 822 2360 Zagrebiensis
841 2291 967 2346 exhibuit
984 2291 1010 2346 ei
1029 2291 1202 2362 privilegium
1225 2291 1350 2346 Andreae
1368 2293 1441 2362 regis
1454 2297 1481 2346 et
1493 2291 1579 2362 putris

341 2379 385 2434 eui
403 2378 457 2433 sub
474 2377 553 2432 bullo
571 2391 656 2434 aurea
674 2395 759 2449 super
777 2378 905 2450 praediis,
925 2377 1158 2449 possessionibus,
1169 2380 1249 2433 terris
1261 2383 1290 2433 et
1301 2378 1477 2434 libertatibus
1494 2379 1579 2434 eccle-

341 2467 398 2522 siae
417 2465 534 2536 Zagrab.
554 2465 627 2534 (ride
645 2465 681 2520 ad
699 2483 723 2520 a
743 2466 822 2534 1219)
846 2482 896 2537 pro
921 2466 1138 2533 confirmatione,
1163 2483 1212 2522 rex
1232 2465 1317 2536 igitur
1341 2466 1487 2521 confirmat
1503 2464 1581 2533 illud,

340 2551 496 2609 concedens
515 2552 656 2607 adinstar
675 2553 920 2623 praedecessorum
939 2569 1068 2608 suorum:
1094 2553 1169 2623 quod
1189 2552 1279 2608 benus
1297 2554 1326 2607 in
1344 2553 1422 2608 nullo
1440 2569 1508 2608 cesu
1534 2569 1582 2624 po-

342 2640 425 2710 pulos
444 2639 577 2694 ecclesius
596 2639 624 2692 in
643 2635 753 2695 Benetu
771 2642 937 2696 constitutos
955 2640 1062 2696 ratione
1078 2639 1230 2695 descensus
1244 2641 1288 2695 vel
1300 2641 1447 2696 occasione
1465 2640 1581 2694 alicuius

340 2726 536 2782 iurisdictionis
555 2733 717 2798 praesumat
733 2728 890 2795 molestare,
908 2728 1059 2798 nullusque
1076 2728 1213 2783 baronum
1231 2727 1334 2783 audeat
1346 2726 1512 2783 descensum
1524 2727 1582 2782 vio·

340 2815 444 2870 lentem
461 2815 591 2886 recipere.
611 2813 744 2870 Ceterum
768 2832 832 2870 cum
849 2816 877 2869 iu
898 2816 1009 2886 populis
1033 2815 1165 2870 ecclesiae
1189 2817 1218 2868 in
1242 2814 1414 2886 temporibus
1438 2813 1581 2868 retroactis

340 2903 418 2957 nulle
436 2902 551 2958 collecte
569 2903 663 2970 fuerit,
681 2918 729 2958 rex
757 2909 850 2957 autem
873 2908 998 2974 tempore
1022 2903 1182 2972 nuptiarum
1207 2901 1255 2956 filii
1279 2902 1322 2956 aui
1345 2901 1434 2956 felicis
1456 2899 1582 2956 recorda-

340 2989 423 3044 tionis
442 2989 526 3045 Belee
545 2989 623 3045 ducis
642 2989 788 3046 collectum
805 2995 912 3062 septem
932 2990 1110 3046 denariorum
1133 2989 1206 3059 exigi
1224 2988 1335 3044 iecisset
1353 2994 1382 3044 et
1400 2986 1578 3060 postmodum

339 3076 447 3146 aliquot
465 3091 553 3132 ennos
577 3077 736 3147 recepisset,
756 3076 792 3132 ob
810 3077 990 3131 reverentiam
1013 3077 1041 3132 S.
1060 3076 1183 3131 Ludislai
1206 3076 1287 3144 regis,
1311 3075 1359 3146 qui
1384 3081 1426 3130 est
1450 3073 1581 3130 fundator

339 3162 480 3230 ecelesiae,
499 3179 549 3234 pro
567 3163 690 3218 remedio
708 3164 817 3217 enimse
835 3163 883 3216 filii
902 3163 945 3217 eui
963 3163 1046 3218 Belee
1063 3165 1154 3234 ipsam
1172 3163 1316 3218 collectam
1334 3162 1448 3217 relaxet.

394 3265 521 3324 l'lroldit:
539 3269 613 3324 Mon.
631 3268 694 3324 litet.
717 3269 745 3320 T.
763 3267 787 3322 1.
801 3283 830 3336 p.
843 3271 902 3322 146.

394 3405 618 3462 OMLXXXIX.
636 3411 715 3464 1269.
733 3407 819 3463 Belee
837 3407 888 3462 1v.
901 3423 950 3463 rex
963 3409 1095 3470 notificat,
1109 3407 1185 3479 quod
1198 3423 1262 3463 cum
1274 3407 1347 3463 civit
1360 3408 1473 3478 Zennye
1491 3409 1519 3461 et
1536 3422 1580 3460 co·

344 3495 472 3548 mitatum
485 3493 520 3549 de
539 3494 654 3550 Gacbke
673 3496 720 3566 qui
738 3495 834 3552 domui
853 3495 966 3550 militiae
983 3497 1081 3567 templi
1098 3495 1343 3552 Jherosolomitani
1363 3494 1487 3565 parebat,
1500 3509 1580 3562 reges

340 3587 530 3637 antecessores
551 3583 613 3637 eius
631 3584 659 3636 in
677 3582 767 3638 forme
795 3582 1003 3653 compositionis
1030 3599 1081 3654 pro
1109 3599 1139 3638 se
1165 3583 1341 3653 recepissent,
1368 3580 1462 3636 dendo
1490 3577 1579 3635 eidem

340 3667 437 3722 domui
455 3669 593 3724 viceversa
611 3669 774 3724 comitatum
792 3669 827 3724 de
844 3669 972 3724 Dubicza
998 3685 1062 3724 cum
1080 3668 1210 3725 omnibus
1228 3669 1402 3740 pertinentiis
1420 3667 1503 3738 pleno
1521 3668 1581 3722 iure

340 3761 368 3809 et
386 3756 547 3811 nominatim
566 3773 630 3811 cum
652 3756 827 3824 mardurinis,
846 3763 874 3812 et
891 3755 1027 3813 descensu
1052 3757 1117 3812 beni
1142 3757 1292 3826 vulgariter
1310 3756 1447 3810 Zulusine
1470 3757 1579 3821 vocate,

339 3843 512 3913 collectaque
530 3860 579 3914 per
597 3849 685 3900 totam
704 3843 864 3899 Slavoniem
882 3843 988 3899 ratione
1006 3845 1076 3899 lucri
1095 3859 1221 3900 camerae
1238 3843 1312 3912 exigi
1331 3846 1501 3909 consuetum,
1521 3841 1580 3897 vult

339 3946 388 3984 eos
407 3946 489 4000 porro
508 3947 620 4000 quoque
637 3931 666 3984 in
685 3929 760 3986 dicte
779 3931 911 3985 comitatu
930 3936 958 3985 et
975 3931 1103 3987 libertate
1115 3931 1280 3986 conservari.
1293 3931 1371 3984 Meta
1384 3933 1478 3984 autem
1492 3929 1579 4000 ipsius

338 4017 486 4072 comitatus
504 4017 607 4088 incipit,
629 4033 664 4072 ex
690 4023 768 4088 perte
794 4017 987 4073 Smerzenicha
1005 4024 1033 4074 et
1051 4017 1143 4074 eundo
1162 4017 1197 4072 de
1215 4019 1291 4072 Zeva
1314 4016 1362 4070 ubi
1385 4016 1483 4070 Pulrur
1507 4016 1580 4072 cedit

338 4105 366 4156 in
386 4104 498 4160 Zeram.
522 4103 592 4158 Inde
610 4119 660 4175 per
677 4106 771 4175 ipsum
795 4103 893 4160 Pukur
914 4103 951 4161 ed
975 4106 1109 4160 orientem
1133 4105 1275 4159 inlocum
1303 4103 1351 4158 ubi
1378 4104 1478 4174 Oeyw·
1492 4103 1580 4174 pulrer

338 4189 413 4244 cedit
431 4191 460 4244 in
477 4207 609 4261 magnum
627 4191 735 4248 Pnlrur.
753 4193 807 4246 Per
825 4208 958 4260 magnum
972 4192 1094 4262 spatium
1113 4192 1171 4246 exit
1188 4189 1223 4244 ed
1243 4189 1445 4260 Kossachyens
1457 4189 1579 4244 fluvium.

339 4276 511 4332 rIruusiendo
529 4277 644 4333 fluvium
662 4278 699 4332 ed
717 4279 809 4333 locum
835 4278 961 4349 Kalyste.
986 4277 1057 4334 Inde
1080 4278 1116 4333 ud
1143 4278 1258 4332 fluvium
1284 4276 1449 4332 Reueneche
1476 4281 1505 4331 et
1530 4293 1580 4348 per

338 4364 463 4420 medinm
481 4365 561 4420 villae
579 4365 743 4433 Vrechiehe‚
762 4365 840 4420 iuxta
859 4366 957 4420 eduam
969 4365 1044 4420 eadit
1055 4365 1092 4420 ad
1104 4365 1220 4420 fluvium
1232 4363 1342 4434 Velyke
1356 4351 1418 4432 (ete.
1429 4365 1578 4430 maneum).

388 4469 486 4538 Fey'er:
506 4469 571 4527 (lod.
589 4471 660 4540 dipl.
682 4473 711 4527 T.
730 4474 748 4525 l
752 4471 780 4526 V.
797 4471 849 4527 eol.
868 4471 925 4527 111.
943 4487 972 4541 p.
990 4475 1052 4527 606.

390 4609 509 4665 OMXO.
536 4613 612 4666 1269.
639 4610 708 4666 Bela
726 4611 778 4667 IV.
796 4629 844 4666 rex
867 4611 1012 4681 signifieat,
1038 4610 1112 4682 quod
1137 4627 1201 4666 cum
1226 4611 1324 4682 populi
1351 4609 1498 4680 Thymotei
1522 4609 1579 4680 epi·

337 4699 414 4768 scopi
432 4697 628 4768 Zagrebieneia
646 4697 675 4752 iu
693 4699 827 4755 comitatu
845 4698 882 4754 de
899 4697 996 4753 Vrbes
1013 4699 1164 4770 existentes
1190 4713 1238 4768 per
1261 4698 1407 4752 continuos
1428 4695 1579 4751 descensus
