3480 5356
694 437 837 480 creuere.
1319 409 1383 476 333

197 604 436 662 MOXIX.12⁷3.
455 602 616 675 Ospitulum
635 585 806 660 chremensis
825 599 958 658 ecclesius
979 599 1123 672 significet,
1141 598 1219 672 quod
1236 597 1386 655 Lndislsm
1446 602 1453 615 ”

147 693 231 750 fruct
248 691 386 749 Gcbrlells
402 690 549 748 oouleseus
561 691 598 748 eit
610 689 772 748 redonense
789 706 839 746 seu
856 689 966 762 legesse
982 703 1034 762 pro
1050 685 1172 746 remedio
1189 687 1298 744 enimse
1318 703 1386 744 ruse

146 779 278 838 dumibus
295 797 317 836 s
335 780 488 851 Augustini
506 777 542 834 de
560 777 718 836 Gerceuche
729 775 806 850 spud
818 775 964 834 ecclesium
981 776 1014 832 B.
1031 776 1072 832 ld.
1087 774 1123 832 V.
1141 771 1386 843 commomutlbui,

148 867 221 924 dues
238 869 334 924 vluess
351 867 380 922 in
396 865 490 924 medlo
507 871 597 923 terreo
614 881 683 922 susc
700 865 880 931 constitutum
892 879 1011 934 querum
1023 877 1081 920 une
1098 862 1151 919 site
1162 867 1206 920 est
1222 863 1251 918 in
1262 859 1386 934 quodem

146 961 242 1012 moute
257 956 295 1012 eb
310 956 424 1026 orento,
439 954 495 1012 slis
506 969 573 1012 vere
589 953 627 1010 cb
644 953 788 1010 ocmdeute
805 952 833 1007 iu
850 955 946 1008 moute
960 951 1044 1022 lustr
1060 965 1191 1022 msgnm
1202 951 1284 1007 vlsm.

182 1041 681 1100 &mmmmm
706 1039 788 1098 Fero.
813 1044 836 1096 1.
864 1037 1388 1110 iddpevdcmcsll'husedledsr·

147 1145 219 1202 cocy
236 1143 271 1186 ec
290 1129 403 1188 melleo
420 1129 499 1201 repsi
516 1127 628 1186 ellade.

199 1271 323 1328 isoxx.
350 1274 430 1328 1273.
449 1270 610 1343 Oepitulum
633 1269 804 1326 mensis
828 1267 962 1326 ecclesiw
984 1267 1130 1340 eiguillect,
1153 1265 1231 1340 quod
1253 1267 1328 1339 Olup
1352 1266 1388 1324 de

149 1358 307 1418 Gmwccde
325 1358 480 1432 portionem
491 1373 571 1414 suem
588 1357 618 1412 in
635 1361 716 1426 terre,
731 1354 902 1430 cusmidem
918 1359 948 1412 ct
963 1353 1109 1414 Johsnnee
1126 1355 1301 1428 propinquus
1319 1371 1388 1412 suus

150 1463 187 1504 er
203 1445 355 1504 dunstioue
372 1445 457 1502 Belse
474 1444 547 1516 regis
563 1441 757 1516 possederunt,
775 1441 921 1500 confessus
939 1449 983 1500 est
1000 1459 1032 1500 se
1049 1441 1208 1502 vendidisse
1225 1443 1319 1502 comiti
1330 1444 1387 1502 De·

149 1533 257 1604 metric,
268 1533 378 1592 Jeoobo
395 1537 424 1590 ct
441 1529 608 1588 Sebestiuuo
626 1529 690 1586 liliis
702 1529 800 1600 Deme,
818 1547 869 1588 seu
886 1529 1022 1588 Demetrii
1038 1546 1090 1604 pro
1109 1529 1230 1588 sedecim
1246 1531 1355 1588 mercis.

204 1617 269 1676 Ood.
287 1619 356 1690 dipl.
372 1619 487 1690 pervim
509 1617 572 1674 m
587 1635 617 1689 p.
635 1622 695 1674 146.
712 1619 762 1675 ilc
773 1619 844 1676 cuis
855 1617 945 1676 currit
957 1617 1085 1690 nrcuco.
1099 1618 1266 1691 &cloccum
1277 1618 1389 1676 odietis.

202 1757 341 1816 ncxxl.
360 1763 439 1814 1273.
458 1759 620 1832 Ospitulum
638 1760 772 1816 ecclcsiae
790 1759 864 1816 besti
881 1759 957 1817 Petri
974 1758 1010 1816 de
1027 1759 1137 1831 Posege
1154 1759 1300 1832 significet,
1313 1757 1390 1830 quod

150 1847 250 1904 Petrus
274 1847 369 1920 (lupae
386 1863 438 1920 pro
455 1863 486 1904 se
504 1851 532 1904 et
550 1864 600 1920 pro
619 1847 676 1904 lilio
694 1863 755 1917 suo,
773 1847 911 1916 Nemus,
935 1845 1010 1903 filius
1032 1845 1131 1904 Bcduk
1154 1861 1206 1919 pro
1230 1862 1262 1904 se
1286 1850 1315 1902 st
1337 1845 1391 1901 fru-

149 1933 239 1992 tribus
266 1935 325 1990 sule
342 1933 379 1992 sb
397 1951 454 1992 une
476 1939 563 2008 purte,
586 1949 681 1992 comcs
704 1949 770 1992 vero
793 1933 889 2007 (lupse
917 1940 946 1992 et
969 1933 1130 1992 Comerdus
1151 1935 1237 1990 freter
1259 1934 1319 1990 dus
1342 1933 1392 1989 filii

149 2021 258 2080 comitis
274 2021 350 2080 Petri
367 2020 404 2078 eb
421 2021 509 2078 ultera
525 2021 708 2094 personaliter
725 2021 876 2090 constituti,
894 2020 979 2078 iidem
1000 2021 1100 2078 Petrus
1123 2037 1157 2078 eo
1174 2021 1303 2078 Nemeus
1326 2036 1390 2078 oon·

149 2109 217 2166 fessi
234 2115 307 2177 sunl,
326 2107 403 2182 quod
420 2115 522 2166 terrem
531 2109 658 2182 ipsorum
676 2109 758 2166 situm
768 2109 797 2164 iu
810 2105 981 2182 Predysinoh
993 2123 1057 2166 cum
1070 2107 1199 2165 omuibus
1214 2108 1391 2181 pertinenciis

150 2201 179 2253 et
195 2195 355 2254 molendino
373 2212 458 2268 super
477 2196 561 2252 fluvio
579 2196 697 2268 Oryove
714 2202 743 2252 et
759 2194 831 2252 dues
848 2197 944 2252 vinces
962 2195 1029 2252 sites
1047 2211 1132 2268 super
1147 2201 1222 2252 terre
1234 2196 1392 2263 Mortunus,

150 2283 251 2354 Odult,
275 2283 408 2356 Philippi,
431 2283 574 2356 Miroelsy,
597 2284 708 2340 'luccen
725 2287 754 2339 et
770 2282 901 2356 symonis
926 2298 977 2356 pro
1001 2280 1096 2340 debito
1114 2281 1210 2340 decem
1227 2297 1392 2352 maenum,

150 2386 223 2441 ques
240 2369 276 2428 de
293 2371 394 2428 comite
411 2369 507 2444 (lupse
525 2375 553 2427 et
570 2371 630 2430 eius
652 2369 737 2427 fretre
754 2385 786 2426 se
802 2369 942 2442 recepisse
959 2367 1096 2440 dloebuul,
1115 2375 1143 2426 et
1160 2368 1266 2426 eisdem
1282 2369 1336 2426 sibi
1353 2373 1392 2426 le-

150 2457 210 2514 neri
227 2473 263 2514 ex
280 2457 422 2516 voluntete
440 2457 570 2528 Simonis,
593 2457 703 2516 Tucreu
720 2463 749 2514 ct
766 2457 893 2515 Miroului
910 2457 1031 2514 filiorum
1048 2455 1084 2514 de
1101 2457 1228 2516 Omeritlr
1246 2462 1275 2516 et
1292 2456 1392 2526 Oduls,

151 2545 327 2615 Morthunus,
339 2545 461 2620 Philippi
478 2545 599 2604 filiorum
616 2546 739 2614 Moneo,
757 2543 859 2610 Some,
873 2544 1000 2618 Bogdem
1012 2544 1133 2601 liliorum
1144 2543 1257 2615 Zuoics,
1268 2543 1392 2614 Bolirlui,

152 2631 272 2689 Bolend
290 2633 411 2690 illiorum
428 2632 565 2702 deihne,
586 2633 697 2702 liertiu,
722 2633 805 2701 Petri,
829 2632 939 2702 Petrus,
962 2631 1076 2692 odelini
1099 2637 1128 2690 et
1148 2630 1250 2690 Jccobi
1272 2631 1393 2688 liliorum

151 2717 286 2790 mouns
304 2719 419 2776 Mortuo
437 2725 465 2776 et
481 2719 630 2776 Mortunus
647 2719 768 2777 filiorum
785 2719 878 2776 Boeuu
890 2725 919 2776 et
929 2725 1111 2790 wguctorum
1128 2719 1287 2788 eorundem,
1299 2718 1392 2778 Pouse

152 2805 203 2862 lilii
220 2806 367 2864 Debiohns
393 2811 422 2864 st
444 2805 630 2879 geumstionls
654 2806 789 2878 eiusdem,
814 2807 916 2876 illude,
934 2806 1063 2878 Drcgoth
1089 2812 1118 2863 et
1143 2823 1246 2880 genero
1269 2806 1392 2864 eiusdem

154 2892 272 2950 Fsbisui
295 2893 405 2952 comitis
428 2899 456 2950 et
479 2894 665 2966 geumetiouis
690 2893 758 2963 elur,
782 2893 904 2950 Bruhsts
925 2899 953 2950 et
970 2893 1062 2951 nutus
1084 2895 1128 2950 sul
1152 2895 1272 2952 illiorum
1290 2891 1394 2968 Vsdyn

153 2980 315 3053 rupredicto
337 2981 432 3040 comiti
454 2980 549 3054 Oupse
573 2985 602 3038 et
625 2981 703 3038 lrstrl
728 2997 780 3038 suo
803 2980 994 3039 vendidissent
1010 2982 1039 3037 in
1057 2986 1230 3054 perpetuum.
1254 2982 1393 3038 Moestum

153 3073 249 3124 sutem
265 3073 355 3126 cerm
371 3069 468 3141 incipit
485 3069 575 3140 prime
591 3069 670 3125 luxtr
686 3067 829 3140 quoddcm
853 3068 969 3126 lirinis
986 3073 1014 3126 et
1030 3075 1131 3125 terrem
1149 3069 1269 3124 liliorum
1286 3068 1394 3126 Omeuit

155 3159 185 3213 et
201 3155 321 3213 illiorum
339 3156 462 3226 Mortun,
482 3155 547 3212 inde
569 3153 607 3211 ed
630 3155 745 3212 fluvium
762 3156 876 3226 Oricuu,
894 3155 960 3214 lude
983 3173 1033 3229 per
1050 3157 1141 3213 verius
1157 3161 1246 3212 metes
1263 3155 1393 3213 urborecs
1439 3150 1443 3164 '

154 3242 191 3300 ed
209 3242 296 3300 Vinnl
313 3243 402 3316 potok
419 3243 498 3300 luxte
514 3247 617 3300 terrem
634 3243 755 3300 filiorum
767 3243 879 3317 Vodyu
898 3245 1010 3302 Truusit
1026 3245 1279 3317 msgusmviemet
1295 3245 1394 3300 lterum

152 3329 190 3388 cd
208 3330 323 3388 lluvlum
340 3331 452 3400 omns
469 3337 497 3388 et
514 3332 677 3388 terminetur
693 3333 722 3387 in
740 3331 863 3388 Melcte

205 3435 242 3492 le
267 3441 444 3506 concepto
467 3435 589 3508 capitoli
612 3437 750 3508 Posepuei
775 3437 809 3494 de
836 3451 913 3494 ceso
940 3441 1019 3495 1305.
1045 3437 1091 3494 Ec
1117 3439 1190 3496 cetis
1208 3453 1261 3509 pce
1286 3437 1390 3495 boscos

152 3523 428 3666 {lem-Edem
452 3539 487 3582 ec
511 3524 625 3582 cretico
651 3525 731 3597 vopei
752 3523 866 3583 Bedese
891 3524 1003 3584 mute.
1030 3527 1065 3582 Ν.
1091 3525 1128 3584 It
1151 3527 1187 3583 A,
1212 3529 1293 3586 Μ.
1317 3529 1393 3583 1⁶9⁷.

180 3627 205 3668 r.
225 3616 250 3667 8.
726 3621 732 3635 ’

208 3751 362 3808 nuoxxn.
387 3755 466 3809 1274.
484 3757 525 3812 12.
543 3753 689 3810 Jceucrii
713 3751 862 3811 Lcdirlcus
884 3751 936 3810 Ν.
963 3769 1012 3810 rex
1039 3753 1171 3824 nonime,
1198 3753 1275 3828 quod
1300 3771 1394 3813 comeo

32 3845 33 3861 ¹
155 3840 309 3898 Perchinus
327 3839 500 3898 exhibuisset
516 3839 691 3914 privilegium
708 3841 795 3914 putris
813 3841 873 3896 elus
891 3839 1026 3914 Stepheni
1050 3841 1124 3914 regis
1147 3843 1176 3899 in
1200 3859 1256 3914 quo
1273 3843 1395 3900 contine·

34 3959 36 4010 ξ
153 3928 249 3984 betur:
270 3925 346 4000 quod
364 3944 413 3984 rex
431 3927 499 3985 Bclu
516 3927 569 3986 IV.
587 3943 656 3984 evus
674 3927 744 3997 eius,
762 3929 919 3988 centulensi
940 3928 1030 3986 eidem
1047 3929 1141 3986 comiti
1158 3933 1260 3986 terrum
1271 3931 1394 4003 Ryuche,

154 4031 228 4088 quse
239 4013 377 4072 villicatus
390 4015 513 4088 Mechyk
524 4020 710 4088 nuncupetur,
724 4015 803 4073 iuxtc
813 4031 915 4088 equum
924 4015 1043 4090 Velyls,
1056 4017 1132 4089 quod
1144 4017 1318 4090 privilegium
1330 4035 1395 4076 cou-

36 4103 37 4108 ’
155 4103 277 4160 llrmsvlt
295 4102 385 4160 eidem
402 4103 496 4160 comiti
513 4103 573 4176 ipse
599 4119 657 4160 rex.
680 4101 737 4160 Sed
762 4103 828 4176 quie
850 4101 939 4160 eidem
962 4103 1056 4160 comiti
1079 4104 1223 4177 placuerat
1246 4105 1396 4162 venditioni

154 4207 302 4264 exponere,
320 4191 404 4263 peciit
421 4195 453 4247 ut
470 4191 496 4248 ei
513 4189 709 4248 concederetur
720 4189 837 4247 eundem
849 4195 950 4247 terrum
961 4189 1119 4248 doucticem
1137 4191 1266 4250 vendere.
1284 4191 1395 4262 Quibus

154 4277 285 4350 precibus
302 4293 352 4333 rex
369 4293 504 4348 enuuern,
522 4277 646 4334 vendidit
670 4278 764 4350 iteque
786 4293 880 4335 comes
903 4277 1055 4334 Perchlnur
1082 4294 1175 4336 corum
1201 4295 1267 4351 rege
1292 4279 1395 4337 dictum

153 4369 258 4422 terrem
277 4363 407 4436 llsolryk.
425 4365 586 4423 Alexsudro
604 4365 640 4424 de
659 4365 776 4423 liechus
795 4383 846 4440 pro
864 4366 1009 4438 renglnte
1026 4371 1055 4422 et
1071 4365 1183 4424 duobus
1203 4369 1303 4426 mrrcls
1320 4381 1394 4424 som·

154 4451 249 4508 munis
266 4451 383 4522 menti.
400 4452 506 4510 Dotem
522 4471 573 4526 pcr
589 4469 689 4510 munus
706 4453 832 4526 magistri
844 4451 987 4510 Benedicti
998 4455 1151 4526 proepositl
1162 4453 1300 4511 Budensis
1313 4455 1395 4512 sulse

158 4539 384 4596 viceocncellnrii
402 4539 594 4598 Ensoenulm
605 4540 626 4596 J
625 4540 735 4597 ohuune
746 4540 866 4613 urchicp.
879 4539 995 4614 Spelut,
1012 4539 1158 4600 limotlneo
1170 4541 1289 4614 Zegrcb.
1301 4542 1395 4614 episc,

154 4627 293 4700 Dyonlsio
311 4627 436 4700 pslctlno
453 4629 553 4685 comite
571 4627 607 4684 de
624 4627 732 4696 otim,
745 4625 870 4686 Heurico
887 4627 961 4684 beno
979 4629 1066 4686 totius
1083 4628 1242 4699 disvonice,
1257 4628 1395 4686 Josclrino

155 4715 291 4786 mugietro
312 4716 513 4773 tuveruicorum
537 4715 637 4773 comite
655 4714 691 4770 de
708 4715 782 4786 Plys,
800 4715 884 4787 Moys
902 4715 1034 4786 magistro
1057 4717 1259 4774 tovernicorum
1284 4717 1396 4787 reginae

1255 4823 1290 4878 24
