<?xml version="1.0" encoding="UTF-8"?>
<!DOCTYPE html PUBLIC "-//W3C//DTD XHTML 1.0 Transitional//EN"
    "http://www.w3.org/TR/xhtml1/DTD/xhtml1-transitional.dtd">
<html xmlns="http://www.w3.org/1999/xhtml" xml:lang="en" lang="en">
 <head>
  <title>
</title>
<meta http-equiv="Content-Type" content="text/html;charset=utf-8" />
  <meta name='ocr-system' content='tesseract 3.04.00' />
  <meta name='ocr-capabilities' content='ocr_page ocr_carea ocr_par ocr_line ocrx_word'/>
</head>
<body>
  <div class='ocr_page' id='page_1' title='image "./regestadocument00sakcgoog_0200.png"; bbox 0 0 3488 5380; ppageno 0'>
   <div class='ocr_carea' id='block_1_1' title="bbox 314 361 1047 446">
    <p class='ocr_par' dir='ltr' id='par_1_1' title="bbox 314 361 1047 446">
     <span class='ocr_line' id='line_1_1' title="bbox 314 361 1047 446; baseline -0.001 -16"><span class='ocrx_word' id='word_1_1' title='bbox 314 361 377 430; x_wconf 75' lang='lat'><strong>1⁹4</strong></span> <span class='ocrx_word' id='word_1_2' title='bbox 810 385 831 428; x_wconf 92' lang='grc' dir='ltr'><strong>ι.</strong></span> <span class='ocrx_word' id='word_1_3' title='bbox 848 372 1047 446; x_wconf 74' lang='lat' dir='ltr'><strong>mursano,</strong></span> 
     </span>
    </p>
   </div>
   <div class='ocr_carea' id='block_1_2' title="bbox 311 549 1550 1146">
    <p class='ocr_par' dir='ltr' id='par_1_2' title="bbox 311 549 1550 1146">
     <span class='ocr_line' id='line_1_2' title="bbox 363 549 1549 624; baseline -0.001 -17"><span class='ocrx_word' id='word_1_4' title='bbox 363 551 479 608; x_wconf 74' lang='lat' dir='ltr'><strong>noun.</strong></span> <span class='ocrx_word' id='word_1_5' title='bbox 507 554 584 607; x_wconf 80' lang='lat'><em>1253.</em></span> <span class='ocrx_word' id='word_1_6' title='bbox 608 550 676 606; x_wconf 88' lang='lat' dir='ltr'><strong>Bela</strong></span> <span class='ocrx_word' id='word_1_7' title='bbox 693 550 746 608; x_wconf 82' lang='lat' dir='ltr'><strong>IV.</strong></span> <span class='ocrx_word' id='word_1_8' title='bbox 763 568 813 607; x_wconf 87' lang='lat' dir='ltr'><strong>rex</strong></span> <span class='ocrx_word' id='word_1_9' title='bbox 831 551 976 622; x_wconf 83' lang='lat' dir='ltr'><strong>significat,</strong></span> <span class='ocrx_word' id='word_1_10' title='bbox 994 568 1031 606; x_wconf 90' lang='lat' dir='ltr'><strong>m.</strong></span> <span class='ocrx_word' id='word_1_11' title='bbox 1051 550 1245 624; x_wconf 83' lang='lat' dir='ltr'><strong>Steplr(o)uem</strong></span> <span class='ocrx_word' id='word_1_12' title='bbox 1263 549 1351 604; x_wconf 88' lang='lat' dir='ltr'><strong>filium</strong></span> <span class='ocrx_word' id='word_1_13' title='bbox 1369 549 1485 606; x_wconf 76' lang='lat' dir='ltr'><strong>liuberti</strong></span> <span class='ocrx_word' id='word_1_14' title='bbox 1502 566 1549 606; x_wconf 80' lang='lat' dir='ltr'><strong>co</strong></span> 
     </span>
     <span class='ocr_line' id='line_1_3' title="bbox 316 636 1550 710; baseline -0.001 -15"><span class='ocrx_word' id='word_1_15' title='bbox 316 639 390 696; x_wconf 88' lang='lat' dir='ltr'><strong>mitis</strong></span> <span class='ocrx_word' id='word_1_16' title='bbox 418 639 582 710; x_wconf 72' lang='lat' dir='ltr'><strong>postulasse,</strong></span> <span class='ocrx_word' id='word_1_17' title='bbox 609 636 685 710; x_wconf 87' lang='lat' dir='ltr'><strong>quod</strong></span> <span class='ocrx_word' id='word_1_18' title='bbox 711 639 793 693; x_wconf 79' lang='lat' dir='ltr'><strong>uellet</strong></span> <span class='ocrx_word' id='word_1_19' title='bbox 819 655 870 710; x_wconf 90' lang='lat' dir='ltr'><strong>pro</strong></span> <span class='ocrx_word' id='word_1_20' title='bbox 897 638 1021 696; x_wconf 88' lang='lat' dir='ltr'><strong>remedio</strong></span> <span class='ocrx_word' id='word_1_21' title='bbox 1047 639 1156 694; x_wconf 88' lang='lat' dir='ltr'><strong>animae</strong></span> <span class='ocrx_word' id='word_1_22' title='bbox 1180 653 1247 692; x_wconf 86' lang='lat' dir='ltr'><strong>auae</strong></span> <span class='ocrx_word' id='word_1_23' title='bbox 1270 636 1461 708; x_wconf 87' lang='lat' dir='ltr'><strong>possessiones</strong></span> <span class='ocrx_word' id='word_1_24' title='bbox 1484 654 1550 694; x_wconf 88' lang='lat' dir='ltr'><strong>suas</strong></span> 
     </span>
     <span class='ocr_line' id='line_1_4' title="bbox 313 723 1550 798; baseline -0.003 -16"><span class='ocrx_word' id='word_1_25' title='bbox 313 725 452 798; x_wconf 81' lang='lat' dir='ltr'><strong>Oulpaieu</strong></span> <span class='ocrx_word' id='word_1_26' title='bbox 479 725 689 782; x_wconf 88' lang='lat' dir='ltr'><strong>haereditariam</strong></span> <span class='ocrx_word' id='word_1_27' title='bbox 716 731 745 780; x_wconf 91' lang='lat' dir='ltr'><strong>et</strong></span> <span class='ocrx_word' id='word_1_28' title='bbox 769 724 961 782; x_wconf 83' lang='lat' dir='ltr'><strong>Chernebttuu</strong></span> <span class='ocrx_word' id='word_1_29' title='bbox 986 726 1143 798; x_wconf 88' lang='lat' dir='ltr'><strong>empticiam</strong></span> <span class='ocrx_word' id='word_1_30' title='bbox 1169 724 1336 781; x_wconf 86' lang='lat' dir='ltr'><strong>monasterio</strong></span> <span class='ocrx_word' id='word_1_31' title='bbox 1364 739 1386 778; x_wconf 89' lang='lat' dir='ltr'><strong>s.</strong></span> <span class='ocrx_word' id='word_1_32' title='bbox 1413 723 1550 794; x_wconf 80' lang='lat' dir='ltr'><strong>Stephani</strong></span> 
     </span>
     <span class='ocr_line' id='line_1_5' title="bbox 312 809 1549 884; baseline -0.002 -16"><span class='ocrx_word' id='word_1_33' title='bbox 312 813 385 884; x_wconf 74' lang='lat' dir='ltr'><strong>regis</strong></span> <span class='ocrx_word' id='word_1_34' title='bbox 403 812 438 869; x_wconf 88' lang='lat' dir='ltr'><strong>de</strong></span> <span class='ocrx_word' id='word_1_35' title='bbox 457 813 594 884; x_wconf 78' lang='lat' dir='ltr'><strong>Zagrabia</strong></span> <span class='ocrx_word' id='word_1_36' title='bbox 611 817 639 868; x_wconf 90' lang='lat' dir='ltr'><strong>et</strong></span> <span class='ocrx_word' id='word_1_37' title='bbox 657 829 707 883; x_wconf 88' lang='lat' dir='ltr'><strong>per</strong></span> <span class='ocrx_word' id='word_1_38' title='bbox 724 829 789 868; x_wconf 89' lang='lat' dir='ltr'><strong>eum</strong></span> <span class='ocrx_word' id='word_1_39' title='bbox 815 813 938 884; x_wconf 86' lang='lat' dir='ltr'><strong>capitulo</strong></span> <span class='ocrx_word' id='word_1_40' title='bbox 963 813 1017 868; x_wconf 85' lang='lat' dir='ltr'><strong>loci</strong></span> <span class='ocrx_word' id='word_1_41' title='bbox 1044 812 1176 880; x_wconf 75' lang='lat' dir='ltr'><strong>consens,</strong></span> <span class='ocrx_word' id='word_1_42' title='bbox 1204 813 1295 868; x_wconf 78' lang='lat' dir='ltr'><strong>siren</strong></span> <span class='ocrx_word' id='word_1_43' title='bbox 1313 825 1435 866; x_wconf 73' lang='lat' dir='ltr'><strong>annuam</strong></span> <span class='ocrx_word' id='word_1_44' title='bbox 1453 809 1549 882; x_wconf 81' lang='lat' dir='ltr'><strong>digna·</strong></span> 
     </span>
     <span class='ocr_line' id='line_1_6' title="bbox 311 897 1549 972; baseline -0.002 -16"><span class='ocrx_word' id='word_1_45' title='bbox 311 905 399 969; x_wconf 68' lang='lat' dir='ltr'><strong>retum</strong></span> <span class='ocrx_word' id='word_1_46' title='bbox 423 916 473 959; x_wconf 82' lang='lat' dir='ltr'><strong>rex</strong></span> <span class='ocrx_word' id='word_1_47' title='bbox 496 915 562 958; x_wconf 84' lang='lat' dir='ltr'><strong>vero</strong></span> <span class='ocrx_word' id='word_1_48' title='bbox 586 900 623 956; x_wconf 93' lang='lat' dir='ltr'><strong>ob</strong></span> <span class='ocrx_word' id='word_1_49' title='bbox 647 897 740 957; x_wconf 85' lang='lat' dir='ltr'><strong>fidelia</strong></span> <span class='ocrx_word' id='word_1_50' title='bbox 764 899 899 972; x_wconf 88' lang='lat' dir='ltr'><strong>obsequia</strong></span> <span class='ocrx_word' id='word_1_51' title='bbox 925 905 953 956; x_wconf 88' lang='lat' dir='ltr'><strong>et</strong></span> <span class='ocrx_word' id='word_1_52' title='bbox 976 900 1073 956; x_wconf 88' lang='lat' dir='ltr'><strong>merita</strong></span> <span class='ocrx_word' id='word_1_53' title='bbox 1100 899 1247 970; x_wconf 83' lang='lat' dir='ltr'><strong>Stepconia</strong></span> <span class='ocrx_word' id='word_1_54' title='bbox 1265 897 1443 956; x_wconf 88' lang='lat' dir='ltr'><strong>donatiouem</strong></span> <span class='ocrx_word' id='word_1_55' title='bbox 1460 904 1549 954; x_wconf 86' lang='lat' dir='ltr'><strong>ratam</strong></span> 
     </span>
     <span class='ocr_line' id='line_1_7' title="bbox 364 1075 964 1146; baseline -0.003 -14"><span class='ocrx_word' id='word_1_56' title='bbox 364 1075 488 1132; x_wconf 69' lang='lat' dir='ltr'><strong>stultit:</strong></span> <span class='ocrx_word' id='word_1_57' title='bbox 507 1075 585 1131; x_wconf 81' lang='lat' dir='ltr'><strong>Mon.</strong></span> <span class='ocrx_word' id='word_1_58' title='bbox 603 1075 667 1132; x_wconf 82' lang='lat' dir='ltr'><strong>bist.</strong></span> <span class='ocrx_word' id='word_1_59' title='bbox 685 1076 747 1134; x_wconf 83' lang='lat' dir='ltr'><strong>eccl.</strong></span> <span class='ocrx_word' id='word_1_60' title='bbox 766 1092 841 1146; x_wconf 75' lang='lat' dir='ltr'><strong>supr.</strong></span> <span class='ocrx_word' id='word_1_61' title='bbox 861 1078 964 1140; x_wconf 87' lang='lat'><em>1,101.</em></span> 
     </span>
    </p>
   </div>
   <div class='ocr_carea' id='block_1_3' title="bbox 313 1182 1548 1356">
    <p class='ocr_par' dir='ltr' id='par_1_3' title="bbox 313 1182 1548 1356">
     <span class='ocr_line' id='line_1_8' title="bbox 364 1182 1548 1268; baseline 0.002 -16"><span class='ocrx_word' id='word_1_62' title='bbox 364 1197 498 1253; x_wconf 86' lang='lat' dir='ltr'><strong>DOLIII.</strong></span> <span class='ocrx_word' id='word_1_63' title='bbox 529 1197 705 1254; x_wconf 72' lang='lat' dir='ltr'><strong>OErcu1253.</strong></span> <span class='ocrx_word' id='word_1_64' title='bbox 733 1182 861 1254; x_wconf 62' lang='lat' dir='ltr'><strong>Grnomir</strong></span> <span class='ocrx_word' id='word_1_65' title='bbox 888 1213 981 1254; x_wconf 87' lang='lat' dir='ltr'><strong>comes</strong></span> <span class='ocrx_word' id='word_1_66' title='bbox 1003 1197 1134 1268; x_wconf 88' lang='lat' dir='ltr'><strong>queritur,</strong></span> <span class='ocrx_word' id='word_1_67' title='bbox 1152 1195 1311 1268; x_wconf 72' lang='lat' dir='ltr'><strong>Bagusinos</strong></span> <span class='ocrx_word' id='word_1_68' title='bbox 1328 1196 1455 1254; x_wconf 88' lang='lat' dir='ltr'><strong>homines</strong></span> <span class='ocrx_word' id='word_1_69' title='bbox 1473 1213 1548 1266; x_wconf 86' lang='lat' dir='ltr'><strong>suos,</strong></span> 
     </span>
     <span class='ocr_line' id='line_1_9' title="bbox 313 1283 1548 1356; baseline -0.002 -14"><span class='ocrx_word' id='word_1_70' title='bbox 313 1285 455 1342; x_wconf 82' lang='lat' dir='ltr'><strong>Ruhotam</strong></span> <span class='ocrx_word' id='word_1_71' title='bbox 473 1289 501 1340; x_wconf 89' lang='lat' dir='ltr'><strong>et</strong></span> <span class='ocrx_word' id='word_1_72' title='bbox 517 1283 723 1340; x_wconf 75' lang='lat' dir='ltr'><strong>Diocletianum</strong></span> <span class='ocrx_word' id='word_1_73' title='bbox 750 1284 926 1356; x_wconf 82' lang='lat' dir='ltr'><strong>(Dukljanin)</strong></span> <span class='ocrx_word' id='word_1_74' title='bbox 954 1290 982 1340; x_wconf 90' lang='lat' dir='ltr'><strong>et</strong></span> <span class='ocrx_word' id='word_1_75' title='bbox 1008 1285 1153 1340; x_wconf 89' lang='lat' dir='ltr'><strong>Lucanum</strong></span> <span class='ocrx_word' id='word_1_76' title='bbox 1180 1289 1208 1340; x_wconf 92' lang='lat' dir='ltr'><strong>et</strong></span> <span class='ocrx_word' id='word_1_77' title='bbox 1233 1300 1319 1340; x_wconf 89' lang='lat' dir='ltr'><strong>unam</strong></span> <span class='ocrx_word' id='word_1_78' title='bbox 1346 1285 1478 1340; x_wconf 82' lang='lat' dir='ltr'><strong>seminam</strong></span> <span class='ocrx_word' id='word_1_79' title='bbox 1504 1300 1548 1340; x_wconf 90' lang='lat' dir='ltr'><strong>ou-</strong></span> 
     </span>
    </p>
   </div>
   <div class='ocr_carea' id='block_1_4' title="bbox 311 1371 856 1530">
    <p class='ocr_par' dir='ltr' id='par_1_4' title="bbox 311 1371 856 1530">
     <span class='ocr_line' id='line_1_10' title="bbox 311 1371 799 1444; baseline 0 -16"><span class='ocrx_word' id='word_1_80' title='bbox 311 1373 388 1444; x_wconf 91' lang='lat' dir='ltr'><strong>pisse</strong></span> <span class='ocrx_word' id='word_1_81' title='bbox 405 1378 433 1428; x_wconf 94' lang='lat' dir='ltr'><strong>et</strong></span> <span class='ocrx_word' id='word_1_82' title='bbox 450 1371 523 1428; x_wconf 90' lang='lat' dir='ltr'><strong>ultra</strong></span> <span class='ocrx_word' id='word_1_83' title='bbox 540 1387 616 1428; x_wconf 86' lang='lat' dir='ltr'><strong>mare</strong></span> <span class='ocrx_word' id='word_1_84' title='bbox 633 1371 799 1428; x_wconf 83' lang='lat' dir='ltr'><strong>vendidisse.</strong></span> 
     </span>
     <span class='ocr_line' id='line_1_11' title="bbox 362 1459 856 1530; baseline 0 -14"><span class='ocrx_word' id='word_1_85' title='bbox 362 1459 527 1516; x_wconf 60' lang='lat' dir='ltr'><strong>Menses:</strong></span> <span class='ocrx_word' id='word_1_86' title='bbox 544 1461 619 1515; x_wconf 75' lang='lat' dir='ltr'><strong>Mea.</strong></span> <span class='ocrx_word' id='word_1_87' title='bbox 637 1459 750 1516; x_wconf 79' lang='lat' dir='ltr'><strong>Serdica</strong></span> <span class='ocrx_word' id='word_1_88' title='bbox 765 1475 795 1530; x_wconf 81' lang='lat' dir='ltr'><strong>p.</strong></span> <span class='ocrx_word' id='word_1_89' title='bbox 814 1463 856 1516; x_wconf 77' lang='lat'><strong>42.</strong></span> 
     </span>
    </p>
   </div>
   <div class='ocr_carea' id='block_1_5' title="bbox 308 1598 1547 2108">
    <p class='ocr_par' dir='ltr' id='par_1_5' title="bbox 308 1598 1547 2020">
     <span class='ocr_line' id='line_1_12' title="bbox 363 1598 1547 1672; baseline 0.002 -18"><span class='ocrx_word' id='word_1_90' title='bbox 363 1599 493 1656; x_wconf 81' lang='lat' dir='ltr'>DOLIV.</span> <span class='ocrx_word' id='word_1_91' title='bbox 511 1599 661 1670; x_wconf 79' lang='lat' dir='ltr'><strong>Laterani,</strong></span> <span class='ocrx_word' id='word_1_92' title='bbox 681 1603 725 1654; x_wconf 85' lang='lat'><strong>20.</strong></span> <span class='ocrx_word' id='word_1_93' title='bbox 743 1598 882 1655; x_wconf 73' lang='lat' dir='ltr'><strong>Februan&#39;</strong></span> <span class='ocrx_word' id='word_1_94' title='bbox 899 1602 975 1654; x_wconf 73' lang='lat'><strong><em>1254.</em></strong></span> <span class='ocrx_word' id='word_1_95' title='bbox 992 1599 1172 1656; x_wconf 77' lang='lat' dir='ltr'><strong>Innocentius</strong></span> <span class='ocrx_word' id='word_1_96' title='bbox 1184 1598 1235 1656; x_wconf 88' lang='lat' dir='ltr'><strong>1v.</strong></span> <span class='ocrx_word' id='word_1_97' title='bbox 1249 1615 1323 1672; x_wconf 85' lang='lat' dir='ltr'><strong>papa</strong></span> <span class='ocrx_word' id='word_1_98' title='bbox 1340 1599 1468 1656; x_wconf 88' lang='lat' dir='ltr'><strong>concedit</strong></span> <span class='ocrx_word' id='word_1_99' title='bbox 1484 1615 1547 1672; x_wconf 91' lang='lat' dir='ltr'><strong>pro-</strong></span> 
     </span>
     <span class='ocr_line' id='line_1_13' title="bbox 313 1685 1546 1759; baseline 0.001 -16"><span class='ocrx_word' id='word_1_100' title='bbox 313 1686 487 1744; x_wconf 74' lang='lat' dir='ltr'><strong>curatoribus</strong></span> <span class='ocrx_word' id='word_1_101' title='bbox 506 1687 537 1743; x_wconf 89' lang='lat' dir='ltr'><strong>B.</strong></span> <span class='ocrx_word' id='word_1_102' title='bbox 557 1685 698 1758; x_wconf 87' lang='lat' dir='ltr'><strong>quondam</strong></span> <span class='ocrx_word' id='word_1_103' title='bbox 716 1687 877 1742; x_wconf 81' lang='lat' dir='ltr'><strong>Oolocensis</strong></span> <span class='ocrx_word' id='word_1_104' title='bbox 895 1703 969 1742; x_wconf 88' lang='lat' dir='ltr'><strong>nuno</strong></span> <span class='ocrx_word' id='word_1_105' title='bbox 981 1685 1178 1758; x_wconf 70' lang='lat' dir='ltr'><strong>strigoniensis</strong></span> <span class='ocrx_word' id='word_1_106' title='bbox 1196 1687 1396 1759; x_wconf 87' lang='lat' dir='ltr'><strong>archiepiscopi</strong></span> <span class='ocrx_word' id='word_1_107' title='bbox 1413 1689 1546 1758; x_wconf 77' lang='lat' dir='ltr'><strong>magistro</strong></span> 
     </span>
     <span class='ocr_line' id='line_1_14' title="bbox 310 1773 1547 1847; baseline 0 -17"><span class='ocrx_word' id='word_1_108' title='bbox 310 1775 394 1830; x_wconf 85' lang='lat' dir='ltr'><strong>Petro</strong></span> <span class='ocrx_word' id='word_1_109' title='bbox 413 1775 573 1847; x_wconf 87' lang='lat' dir='ltr'><strong>praeposito</strong></span> <span class='ocrx_word' id='word_1_110' title='bbox 591 1775 722 1831; x_wconf 81' lang='lat' dir='ltr'><strong>ecdesiae</strong></span> <span class='ocrx_word' id='word_1_111' title='bbox 741 1773 927 1844; x_wconf 86' lang='lat' dir='ltr'><strong>Ohasmensis,</strong></span> <span class='ocrx_word' id='word_1_112' title='bbox 946 1773 1095 1830; x_wconf 88' lang='lat' dir='ltr'><strong>Octomaro</strong></span> <span class='ocrx_word' id='word_1_113' title='bbox 1113 1773 1306 1831; x_wconf 86' lang='lat' dir='ltr'><strong>archidiacono</strong></span> <span class='ocrx_word' id='word_1_114' title='bbox 1324 1774 1547 1846; x_wconf 79' lang='lat' dir='ltr'><strong>Norogradieuei</strong></span> 
     </span>
     <span class='ocr_line' id='line_1_15' title="bbox 309 1859 1545 1933; baseline 0.002 -17"><span class='ocrx_word' id='word_1_115' title='bbox 309 1865 338 1917; x_wconf 91' lang='lat' dir='ltr'><strong>et</strong></span> <span class='ocrx_word' id='word_1_116' title='bbox 364 1859 510 1933; x_wconf 80' lang='lat' dir='ltr'><strong>Rayualdo</strong></span> <span class='ocrx_word' id='word_1_117' title='bbox 537 1860 657 1932; x_wconf 76' lang='lat' dir='ltr'><strong>plebano</strong></span> <span class='ocrx_word' id='word_1_118' title='bbox 679 1860 724 1916; x_wconf 90' lang='lat' dir='ltr'><strong>die</strong></span> <span class='ocrx_word' id='word_1_119' title='bbox 741 1861 828 1929; x_wconf 89' lang='lat' dir='ltr'><strong>Baua,</strong></span> <span class='ocrx_word' id='word_1_120' title='bbox 857 1861 1052 1932; x_wconf 74' lang='lat' dir='ltr'><strong>strigoniensis</strong></span> <span class='ocrx_word' id='word_1_121' title='bbox 1079 1861 1221 1930; x_wconf 72' lang='lat' dir='ltr'><strong>dioecmis,</strong></span> <span class='ocrx_word' id='word_1_122' title='bbox 1248 1861 1407 1918; x_wconf 58' lang='lat' dir='ltr'><strong>faculatem</strong></span> <span class='ocrx_word' id='word_1_123' title='bbox 1433 1863 1545 1920; x_wconf 86' lang='lat' dir='ltr'><strong>nomine</strong></span> 
     </span>
     <span class='ocr_line' id='line_1_16' title="bbox 308 1947 1364 2020; baseline 0.002 -17"><span class='ocrx_word' id='word_1_124' title='bbox 308 1949 399 2020; x_wconf 84' lang='lat' dir='ltr'><strong>ipsius</strong></span> <span class='ocrx_word' id='word_1_125' title='bbox 416 1947 619 2020; x_wconf 86' lang='lat' dir='ltr'><strong>archiepiscopi</strong></span> <span class='ocrx_word' id='word_1_126' title='bbox 637 1953 767 2004; x_wconf 88' lang='lat' dir='ltr'><strong>mutuum</strong></span> <span class='ocrx_word' id='word_1_127' title='bbox 784 1949 863 2004; x_wconf 60' lang='lat'><strong>3500</strong></span> <span class='ocrx_word' id='word_1_128' title='bbox 880 1965 1034 2004; x_wconf 85' lang='lat' dir='ltr'><strong>marcarum</strong></span> <span class='ocrx_word' id='word_1_129' title='bbox 1051 1950 1159 2020; x_wconf 81' lang='lat' dir='ltr'><strong>argenti</strong></span> <span class='ocrx_word' id='word_1_130' title='bbox 1176 1947 1364 2005; x_wconf 88' lang='lat' dir='ltr'><strong>contrahendi.</strong></span> 
     </span>
    </p>

    <p class='ocr_par' dir='ltr' id='par_1_6' title="bbox 364 2035 942 2108">
     <span class='ocr_line' id='line_1_17' title="bbox 364 2035 942 2108; baseline 0 -16"><span class='ocrx_word' id='word_1_131' title='bbox 364 2035 495 2092; x_wconf 69' lang='lat' dir='ltr'><strong>usim:</strong></span> <span class='ocrx_word' id='word_1_132' title='bbox 513 2037 638 2092; x_wconf 77' lang='lat' dir='ltr'><strong>Mosam.</strong></span> <span class='ocrx_word' id='word_1_133' title='bbox 655 2042 707 2091; x_wconf 82' lang='lat' dir='ltr'><strong>oet.</strong></span> <span class='ocrx_word' id='word_1_134' title='bbox 725 2037 821 2108; x_wconf 77' lang='lat' dir='ltr'><strong>Huap.</strong></span> <span class='ocrx_word' id='word_1_135' title='bbox 840 2039 863 2106; x_wconf 85' lang='lat'><strong>1,</strong></span> <span class='ocrx_word' id='word_1_136' title='bbox 881 2039 942 2093; x_wconf 74' lang='lat'><strong>225.</strong></span> 
     </span>
    </p>
   </div>
   <div class='ocr_carea' id='block_1_6' title="bbox 304 2174 1549 4610">
    <p class='ocr_par' dir='ltr' id='par_1_7' title="bbox 304 2174 1549 4523">
     <span class='ocr_line' id='line_1_18' title="bbox 363 2174 1545 2248; baseline 0.003 -19"><span class='ocrx_word' id='word_1_137' title='bbox 363 2174 477 2232; x_wconf 81' lang='lat' dir='ltr'><strong>Douv.</strong></span> <span class='ocrx_word' id='word_1_138' title='bbox 496 2178 573 2230; x_wconf 71' lang='lat'><em>1254.</em></span> <span class='ocrx_word' id='word_1_139' title='bbox 593 2179 617 2230; x_wconf 80' lang='grc' dir='ltr'><strong>ὅ.</strong></span> <span class='ocrx_word' id='word_1_140' title='bbox 636 2175 751 2244; x_wconf 77' lang='lat' dir='ltr'><strong>Aprilis.</strong></span> <span class='ocrx_word' id='word_1_141' title='bbox 769 2175 837 2231; x_wconf 91' lang='lat' dir='ltr'><strong>Bela</strong></span> <span class='ocrx_word' id='word_1_142' title='bbox 849 2175 899 2230; x_wconf 90' lang='lat' dir='ltr'><strong>IV.</strong></span> <span class='ocrx_word' id='word_1_143' title='bbox 917 2192 966 2230; x_wconf 84' lang='lat' dir='ltr'><strong>rex</strong></span> <span class='ocrx_word' id='word_1_144' title='bbox 979 2181 1076 2232; x_wconf 88' lang='lat' dir='ltr'><strong>notum</strong></span> <span class='ocrx_word' id='word_1_145' title='bbox 1089 2175 1161 2246; x_wconf 84' lang='lat' dir='ltr'><strong>iecit,</strong></span> <span class='ocrx_word' id='word_1_146' title='bbox 1175 2174 1250 2248; x_wconf 93' lang='lat' dir='ltr'><strong>quod</strong></span> <span class='ocrx_word' id='word_1_147' title='bbox 1262 2177 1431 2232; x_wconf 86' lang='lat' dir='ltr'><strong>Laueeretus</strong></span> <span class='ocrx_word' id='word_1_148' title='bbox 1443 2193 1545 2246; x_wconf 89' lang='lat' dir='ltr'><strong>comes,</strong></span> 
     </span>
     <span class='ocr_line' id='line_1_19' title="bbox 309 2261 1549 2335; baseline 0.006 -18"><span class='ocrx_word' id='word_1_149' title='bbox 309 2261 385 2318; x_wconf 87' lang='lat' dir='ltr'><strong>tilius</strong></span> <span class='ocrx_word' id='word_1_150' title='bbox 402 2261 497 2318; x_wconf 85' lang='lat' dir='ltr'><strong>Buzad</strong></span> <span class='ocrx_word' id='word_1_151' title='bbox 516 2262 632 2330; x_wconf 78' lang='lat' dir='ltr'><strong>comitis,</strong></span> <span class='ocrx_word' id='word_1_152' title='bbox 659 2262 688 2316; x_wconf 90' lang='lat' dir='ltr'><strong>in</strong></span> <span class='ocrx_word' id='word_1_153' title='bbox 717 2263 849 2334; x_wconf 88' lang='lat' dir='ltr'><strong>petitione</strong></span> <span class='ocrx_word' id='word_1_154' title='bbox 876 2279 928 2318; x_wconf 88' lang='lat' dir='ltr'><strong>sua</strong></span> <span class='ocrx_word' id='word_1_155' title='bbox 953 2264 1154 2331; x_wconf 73' lang='lat' dir='ltr'><strong>monstraverit,</strong></span> <span class='ocrx_word' id='word_1_156' title='bbox 1181 2264 1257 2334; x_wconf 93' lang='lat' dir='ltr'><strong>quod</strong></span> <span class='ocrx_word' id='word_1_157' title='bbox 1285 2265 1427 2335; x_wconf 89' lang='lat' dir='ltr'><strong>cumipse</strong></span> <span class='ocrx_word' id='word_1_158' title='bbox 1445 2269 1549 2324; x_wconf 82' lang='lat' dir='ltr'><strong>terram</strong></span> 
     </span>
     <span class='ocr_line' id='line_1_20' title="bbox 309 2347 1545 2420; baseline 0.002 -15"><span class='ocrx_word' id='word_1_159' title='bbox 309 2347 377 2405; x_wconf 89' lang='lat' dir='ltr'><strong>Bela</strong></span> <span class='ocrx_word' id='word_1_160' title='bbox 394 2349 468 2404; x_wconf 85' lang='lat' dir='ltr'><strong>intra</strong></span> <span class='ocrx_word' id='word_1_161' title='bbox 484 2349 608 2406; x_wconf 83' lang='lat' dir='ltr'><strong>Draram</strong></span> <span class='ocrx_word' id='word_1_162' title='bbox 626 2354 655 2405; x_wconf 91' lang='lat' dir='ltr'><strong>et</strong></span> <span class='ocrx_word' id='word_1_163' title='bbox 672 2351 784 2406; x_wconf 79' lang='lat' dir='ltr'><strong>Murem</strong></span> <span class='ocrx_word' id='word_1_164' title='bbox 801 2367 819 2406; x_wconf 87' lang='lat' dir='ltr'><strong>a</strong></span> <span class='ocrx_word' id='word_1_165' title='bbox 836 2349 1031 2420; x_wconf 79' lang='lat' dir='ltr'><strong>iobagionibus</strong></span> <span class='ocrx_word' id='word_1_166' title='bbox 1048 2350 1131 2406; x_wconf 88' lang='lat' dir='ltr'><strong>castri</strong></span> <span class='ocrx_word' id='word_1_167' title='bbox 1149 2349 1320 2420; x_wconf 82' lang='lat' dir='ltr'><strong>saladiensis,</strong></span> <span class='ocrx_word' id='word_1_168' title='bbox 1342 2349 1453 2407; x_wconf 89' lang='lat' dir='ltr'><strong>Joanus</strong></span> <span class='ocrx_word' id='word_1_169' title='bbox 1471 2351 1545 2408; x_wconf 85' lang='lat' dir='ltr'><strong>ride·</strong></span> 
     </span>
     <span class='ocr_line' id='line_1_21' title="bbox 308 2436 1544 2510; baseline 0.002 -18"><span class='ocrx_word' id='word_1_170' title='bbox 308 2436 373 2493; x_wconf 89' lang='lat' dir='ltr'><strong>licet</strong></span> <span class='ocrx_word' id='word_1_171' title='bbox 390 2437 448 2494; x_wconf 89' lang='lat' dir='ltr'><strong>filio</strong></span> <span class='ocrx_word' id='word_1_172' title='bbox 465 2438 548 2505; x_wconf 88' lang='lat' dir='ltr'><strong>Petri,</strong></span> <span class='ocrx_word' id='word_1_173' title='bbox 567 2437 691 2494; x_wconf 83' lang='lat' dir='ltr'><strong>Abraam</strong></span> <span class='ocrx_word' id='word_1_174' title='bbox 708 2436 766 2492; x_wconf 85' lang='lat' dir='ltr'><strong>dlio</strong></span> <span class='ocrx_word' id='word_1_175' title='bbox 783 2437 861 2505; x_wconf 84' lang='lat' dir='ltr'><strong>Jura,</strong></span> <span class='ocrx_word' id='word_1_176' title='bbox 874 2443 902 2492; x_wconf 92' lang='lat' dir='ltr'><strong>et</strong></span> <span class='ocrx_word' id='word_1_177' title='bbox 913 2438 1060 2494; x_wconf 91' lang='lat' dir='ltr'><strong>Dominico</strong></span> <span class='ocrx_word' id='word_1_178' title='bbox 1072 2438 1130 2494; x_wconf 88' lang='lat' dir='ltr'><strong>filio</strong></span> <span class='ocrx_word' id='word_1_179' title='bbox 1142 2437 1267 2507; x_wconf 84' lang='lat' dir='ltr'><strong>Abrauk,</strong></span> <span class='ocrx_word' id='word_1_180' title='bbox 1285 2455 1336 2510; x_wconf 89' lang='lat' dir='ltr'><strong>pro</strong></span> <span class='ocrx_word' id='word_1_181' title='bbox 1348 2443 1424 2495; x_wconf 87' lang='lat' dir='ltr'><strong>certa</strong></span> <span class='ocrx_word' id='word_1_182' title='bbox 1436 2456 1544 2495; x_wconf 87' lang='lat' dir='ltr'><strong>summa</strong></span> 
     </span>
     <span class='ocr_line' id='line_1_22' title="bbox 308 2521 1542 2598; baseline 0.001 -17"><span class='ocrx_word' id='word_1_183' title='bbox 308 2521 444 2598; x_wconf 82' lang='lat' dir='ltr'><strong>pecuniae</strong></span> <span class='ocrx_word' id='word_1_184' title='bbox 462 2531 660 2597; x_wconf 81' lang='lat' dir='ltr'><strong>comparasset,</strong></span> <span class='ocrx_word' id='word_1_185' title='bbox 679 2525 839 2598; x_wconf 81' lang='lat' dir='ltr'><strong>Stephanus</strong></span> <span class='ocrx_word' id='word_1_186' title='bbox 856 2525 946 2581; x_wconf 87' lang='lat' dir='ltr'><strong>banus</strong></span> <span class='ocrx_word' id='word_1_187' title='bbox 955 2527 1043 2581; x_wconf 91' lang='lat' dir='ltr'><strong>totius</strong></span> <span class='ocrx_word' id='word_1_188' title='bbox 1056 2525 1203 2583; x_wconf 73' lang='lat' dir='ltr'><strong>slavonice</strong></span> <span class='ocrx_word' id='word_1_189' title='bbox 1216 2531 1244 2581; x_wconf 91' lang='lat' dir='ltr'><strong>et</strong></span> <span class='ocrx_word' id='word_1_190' title='bbox 1255 2526 1360 2582; x_wconf 89' lang='lat' dir='ltr'><strong>Paulus</strong></span> <span class='ocrx_word' id='word_1_191' title='bbox 1378 2531 1445 2582; x_wconf 91' lang='lat' dir='ltr'><strong>tuno</strong></span> <span class='ocrx_word' id='word_1_192' title='bbox 1457 2527 1542 2582; x_wconf 87' lang='lat' dir='ltr'><strong>iudex</strong></span> 
     </span>
     <span class='ocr_line' id='line_1_23' title="bbox 308 2611 1545 2684; baseline 0.002 -15"><span class='ocrx_word' id='word_1_193' title='bbox 308 2613 401 2669; x_wconf 88' lang='lat' dir='ltr'><strong>curiae</strong></span> <span class='ocrx_word' id='word_1_194' title='bbox 419 2618 447 2668; x_wconf 88' lang='lat' dir='ltr'><strong>ct</strong></span> <span class='ocrx_word' id='word_1_195' title='bbox 464 2629 558 2668; x_wconf 91' lang='lat' dir='ltr'><strong>comes</strong></span> <span class='ocrx_word' id='word_1_196' title='bbox 575 2611 755 2680; x_wconf 87' lang='lat' dir='ltr'><strong>Zaladiensis,</strong></span> <span class='ocrx_word' id='word_1_197' title='bbox 783 2628 854 2684; x_wconf 84' lang='lat' dir='ltr'><strong>quoe</strong></span> <span class='ocrx_word' id='word_1_198' title='bbox 882 2612 917 2668; x_wconf 90' lang='lat' dir='ltr'><strong>ad</strong></span> <span class='ocrx_word' id='word_1_199' title='bbox 946 2613 1160 2670; x_wconf 85' lang='lat' dir='ltr'><strong>reambulandas</strong></span> <span class='ocrx_word' id='word_1_200' title='bbox 1178 2619 1265 2670; x_wconf 87' lang='lat' dir='ltr'><strong>terras</strong></span> <span class='ocrx_word' id='word_1_201' title='bbox 1283 2615 1366 2670; x_wconf 86' lang='lat' dir='ltr'><strong>castri</strong></span> <span class='ocrx_word' id='word_1_202' title='bbox 1387 2614 1475 2671; x_wconf 83' lang='lat' dir='ltr'><strong>Zalad</strong></span> <span class='ocrx_word' id='word_1_203' title='bbox 1496 2621 1545 2672; x_wconf 82' lang='lat' dir='ltr'><strong>rex</strong></span> 
     </span>
     <span class='ocr_line' id='line_1_24' title="bbox 308 2699 1545 2774; baseline 0.002 -18"><span class='ocrx_word' id='word_1_204' title='bbox 308 2701 478 2768; x_wconf 86' lang='lat' dir='ltr'><strong>exmisserat,</strong></span> <span class='ocrx_word' id='word_1_205' title='bbox 497 2699 520 2755; x_wconf 88' lang='lat' dir='ltr'><strong>ai</strong></span> <span class='ocrx_word' id='word_1_206' title='bbox 538 2699 601 2756; x_wconf 91' lang='lat' dir='ltr'><strong>illas</strong></span> <span class='ocrx_word' id='word_1_207' title='bbox 618 2700 773 2756; x_wconf 87' lang='lat' dir='ltr'><strong>invenirent</strong></span> <span class='ocrx_word' id='word_1_208' title='bbox 790 2717 841 2772; x_wconf 88' lang='lat' dir='ltr'><strong>per</strong></span> <span class='ocrx_word' id='word_1_209' title='bbox 858 2700 978 2772; x_wconf 85' lang='lat' dir='ltr'><strong>aliquem</strong></span> <span class='ocrx_word' id='word_1_210' title='bbox 996 2708 1093 2758; x_wconf 89' lang='lat' dir='ltr'><strong>contra</strong></span> <span class='ocrx_word' id='word_1_211' title='bbox 1109 2701 1243 2758; x_wconf 88' lang='lat' dir='ltr'><strong>iustitiam</strong></span> <span class='ocrx_word' id='word_1_212' title='bbox 1264 2707 1424 2774; x_wconf 89' lang='lat' dir='ltr'><strong>occupatas,</strong></span> <span class='ocrx_word' id='word_1_213' title='bbox 1442 2709 1545 2758; x_wconf 83' lang='lat' dir='ltr'><strong>terram</strong></span> 
     </span>
     <span class='ocr_line' id='line_1_25' title="bbox 307 2787 1544 2861; baseline 0.001 -17"><span class='ocrx_word' id='word_1_214' title='bbox 307 2788 376 2844; x_wconf 90' lang='lat' dir='ltr'><strong>Bela</strong></span> <span class='ocrx_word' id='word_1_215' title='bbox 393 2787 429 2843; x_wconf 87' lang='lat' dir='ltr'><strong>ab</strong></span> <span class='ocrx_word' id='word_1_216' title='bbox 447 2788 509 2860; x_wconf 88' lang='lat' dir='ltr'><strong>ipso</strong></span> <span class='ocrx_word' id='word_1_217' title='bbox 527 2787 680 2843; x_wconf 85' lang='lat' dir='ltr'><strong>Lancereto</strong></span> <span class='ocrx_word' id='word_1_218' title='bbox 697 2789 798 2843; x_wconf 88' lang='lat' dir='ltr'><strong>comite</strong></span> <span class='ocrx_word' id='word_1_219' title='bbox 817 2788 869 2844; x_wconf 87' lang='lat' dir='ltr'><strong>sub</strong></span> <span class='ocrx_word' id='word_1_220' title='bbox 881 2789 992 2844; x_wconf 89' lang='lat' dir='ltr'><strong>uomina</strong></span> <span class='ocrx_word' id='word_1_221' title='bbox 1003 2795 1092 2845; x_wconf 85' lang='lat' dir='ltr'><strong>terrae</strong></span> <span class='ocrx_word' id='word_1_222' title='bbox 1103 2789 1186 2845; x_wconf 81' lang='lat' dir='ltr'><strong>castri</strong></span> <span class='ocrx_word' id='word_1_223' title='bbox 1201 2791 1364 2861; x_wconf 84' lang='lat' dir='ltr'><strong>receperint,</strong></span> <span class='ocrx_word' id='word_1_224' title='bbox 1382 2795 1410 2846; x_wconf 87' lang='lat' dir='ltr'><strong>et</strong></span> <span class='ocrx_word' id='word_1_225' title='bbox 1427 2789 1544 2846; x_wconf 89' lang='lat' dir='ltr'><strong>eandem</strong></span> 
     </span>
     <span class='ocr_line' id='line_1_26' title="bbox 307 2874 1544 2950; baseline 0.002 -19"><span class='ocrx_word' id='word_1_226' title='bbox 307 2882 398 2950; x_wconf 81' lang='lat' dir='ltr'><strong>castm</strong></span> <span class='ocrx_word' id='word_1_227' title='bbox 416 2875 571 2942; x_wconf 82' lang='lat' dir='ltr'><strong>statuerint,</strong></span> <span class='ocrx_word' id='word_1_228' title='bbox 589 2874 756 2946; x_wconf 83' lang='lat' dir='ltr'><strong>inungentes</strong></span> <span class='ocrx_word' id='word_1_229' title='bbox 773 2875 971 2944; x_wconf 84' lang='lat' dir='ltr'><strong>venditoribus,</strong></span> <span class='ocrx_word' id='word_1_230' title='bbox 990 2881 1022 2931; x_wconf 91' lang='lat' dir='ltr'><strong>ut</strong></span> <span class='ocrx_word' id='word_1_231' title='bbox 1040 2877 1186 2948; x_wconf 87' lang='lat' dir='ltr'><strong>pecuniam</strong></span> <span class='ocrx_word' id='word_1_232' title='bbox 1204 2879 1358 2945; x_wconf 88' lang='lat' dir='ltr'><strong>restituant,</strong></span> <span class='ocrx_word' id='word_1_233' title='bbox 1377 2893 1461 2948; x_wconf 83' lang='lat' dir='ltr'><strong>qnam</strong></span> <span class='ocrx_word' id='word_1_234' title='bbox 1479 2894 1544 2934; x_wconf 89' lang='lat' dir='ltr'><strong>cum</strong></span> 
     </span>
     <span class='ocr_line' id='line_1_27' title="bbox 307 2963 1543 3037; baseline 0.001 -17"><span class='ocrx_word' id='word_1_235' title='bbox 307 2981 357 3037; x_wconf 90' lang='lat' dir='ltr'><strong>per</strong></span> <span class='ocrx_word' id='word_1_236' title='bbox 374 2964 497 3035; x_wconf 88' lang='lat' dir='ltr'><strong>spatium</strong></span> <span class='ocrx_word' id='word_1_237' title='bbox 510 2963 610 3034; x_wconf 84' lang='lat' dir='ltr'><strong>prolixi</strong></span> <span class='ocrx_word' id='word_1_238' title='bbox 622 2965 754 3034; x_wconf 89' lang='lat' dir='ltr'><strong>temporis</strong></span> <span class='ocrx_word' id='word_1_239' title='bbox 772 2963 916 3018; x_wconf 88' lang='lat' dir='ltr'><strong>restituere</strong></span> <span class='ocrx_word' id='word_1_240' title='bbox 933 2963 1093 3020; x_wconf 86' lang='lat' dir='ltr'><strong>nullatenus</strong></span> <span class='ocrx_word' id='word_1_241' title='bbox 1106 2965 1269 3036; x_wconf 84' lang='lat' dir='ltr'><strong>potuissent,</strong></span> <span class='ocrx_word' id='word_1_242' title='bbox 1288 2981 1338 3035; x_wconf 92' lang='lat' dir='ltr'><strong>pro</strong></span> <span class='ocrx_word' id='word_1_243' title='bbox 1355 2965 1417 3036; x_wconf 89' lang='lat' dir='ltr'><strong>ipsa</strong></span> <span class='ocrx_word' id='word_1_244' title='bbox 1433 2981 1543 3021; x_wconf 89' lang='lat' dir='ltr'><strong>summa</strong></span> 
     </span>
     <span class='ocr_line' id='line_1_28' title="bbox 307 3050 1544 3124; baseline 0.002 -18"><span class='ocrx_word' id='word_1_245' title='bbox 307 3051 455 3124; x_wconf 83' lang='lat' dir='ltr'><strong>praedium</strong></span> <span class='ocrx_word' id='word_1_246' title='bbox 471 3050 490 3106; x_wconf 92' lang='lat' dir='ltr'><strong>J</strong></span> <span class='ocrx_word' id='word_1_247' title='bbox 492 3051 589 3106; x_wconf 88' lang='lat' dir='ltr'><strong>oannis</strong></span> <span class='ocrx_word' id='word_1_248' title='bbox 607 3051 835 3122; x_wconf 87' lang='lat' dir='ltr'><strong>supranominati,</strong></span> <span class='ocrx_word' id='word_1_249' title='bbox 854 3050 966 3106; x_wconf 81' lang='lat' dir='ltr'><strong>Toruua</strong></span> <span class='ocrx_word' id='word_1_250' title='bbox 983 3052 1103 3120; x_wconf 87' lang='lat' dir='ltr'><strong>nornine,</strong></span> <span class='ocrx_word' id='word_1_251' title='bbox 1122 3051 1211 3108; x_wconf 87' lang='lat' dir='ltr'><strong>eidem</strong></span> <span class='ocrx_word' id='word_1_252' title='bbox 1225 3053 1319 3108; x_wconf 87' lang='lat' dir='ltr'><strong>comiti</strong></span> <span class='ocrx_word' id='word_1_253' title='bbox 1337 3052 1458 3108; x_wconf 85' lang='lat' dir='ltr'><strong>extiterit</strong></span> <span class='ocrx_word' id='word_1_254' title='bbox 1475 3054 1544 3109; x_wconf 87' lang='lat' dir='ltr'><strong>assi·</strong></span> 
     </span>
     <span class='ocr_line' id='line_1_29' title="bbox 307 3137 1544 3212; baseline 0.001 -18"><span class='ocrx_word' id='word_1_255' title='bbox 307 3145 431 3212; x_wconf 76' lang='lat' dir='ltr'><strong>gnatum</strong></span> <span class='ocrx_word' id='word_1_256' title='bbox 450 3138 513 3206; x_wconf 79' lang='lat' dir='ltr'><strong>Quo</strong></span> <span class='ocrx_word' id='word_1_257' title='bbox 532 3137 605 3194; x_wconf 85' lang='lat' dir='ltr'><strong>facto</strong></span> <span class='ocrx_word' id='word_1_258' title='bbox 623 3137 690 3193; x_wconf 85' lang='lat' dir='ltr'><strong>dieti</strong></span> <span class='ocrx_word' id='word_1_259' title='bbox 701 3137 864 3208; x_wconf 78' lang='lat' dir='ltr'><strong>iobagioues</strong></span> <span class='ocrx_word' id='word_1_260' title='bbox 876 3139 959 3193; x_wconf 89' lang='lat' dir='ltr'><strong>castri</strong></span> <span class='ocrx_word' id='word_1_261' title='bbox 970 3155 1062 3209; x_wconf 82' lang='lat' dir='ltr'><strong>regem</strong></span> <span class='ocrx_word' id='word_1_262' title='bbox 1076 3139 1214 3194; x_wconf 85' lang='lat' dir='ltr'><strong>humiliter</strong></span> <span class='ocrx_word' id='word_1_263' title='bbox 1232 3140 1378 3211; x_wconf 87' lang='lat' dir='ltr'><strong>petierunt,</strong></span> <span class='ocrx_word' id='word_1_264' title='bbox 1396 3143 1429 3195; x_wconf 89' lang='lat' dir='ltr'><strong>nt</strong></span> <span class='ocrx_word' id='word_1_265' title='bbox 1440 3139 1544 3196; x_wconf 77' lang='lat' dir='ltr'><strong>dictam</strong></span> 
     </span>
     <span class='ocr_line' id='line_1_30' title="bbox 306 3225 1543 3298; baseline 0 -16"><span class='ocrx_word' id='word_1_266' title='bbox 306 3232 408 3282; x_wconf 86' lang='lat' dir='ltr'><strong>terram</strong></span> <span class='ocrx_word' id='word_1_267' title='bbox 426 3226 501 3295; x_wconf 89' lang='lat' dir='ltr'><strong>Bela,</strong></span> <span class='ocrx_word' id='word_1_268' title='bbox 521 3242 593 3297; x_wconf 86' lang='lat' dir='ltr'><strong>qaae</strong></span> <span class='ocrx_word' id='word_1_269' title='bbox 612 3225 701 3281; x_wconf 80' lang='lat' dir='ltr'><strong>tuerat</strong></span> <span class='ocrx_word' id='word_1_270' title='bbox 725 3225 885 3292; x_wconf 87' lang='lat' dir='ltr'><strong>eorundem,</strong></span> <span class='ocrx_word' id='word_1_271' title='bbox 910 3225 1045 3282; x_wconf 73' lang='lat' dir='ltr'><strong>vendendi</strong></span> <span class='ocrx_word' id='word_1_272' title='bbox 1070 3225 1230 3280; x_wconf 81' lang='lat' dir='ltr'><strong>facultatem</strong></span> <span class='ocrx_word' id='word_1_273' title='bbox 1248 3225 1400 3298; x_wconf 86' lang='lat' dir='ltr'><strong>praeberet,</strong></span> <span class='ocrx_word' id='word_1_274' title='bbox 1424 3243 1491 3282; x_wconf 91' lang='lat' dir='ltr'><strong>cum</strong></span> <span class='ocrx_word' id='word_1_275' title='bbox 1508 3243 1543 3282; x_wconf 88' lang='lat' dir='ltr'><strong>ex</strong></span> 
     </span>
     <span class='ocr_line' id='line_1_31' title="bbox 308 3311 1542 3387; baseline 0.002 -19"><span class='ocrx_word' id='word_1_276' title='bbox 308 3313 357 3368; x_wconf 90' lang='lat' dir='ltr'><strong>illa</strong></span> <span class='ocrx_word' id='word_1_277' title='bbox 375 3319 448 3369; x_wconf 89' lang='lat' dir='ltr'><strong>terra</strong></span> <span class='ocrx_word' id='word_1_278' title='bbox 465 3313 607 3369; x_wconf 88' lang='lat' dir='ltr'><strong>modicum</strong></span> <span class='ocrx_word' id='word_1_279' title='bbox 624 3317 714 3369; x_wconf 78' lang='lat' dir='ltr'><strong>casim</strong></span> <span class='ocrx_word' id='word_1_280' title='bbox 732 3311 909 3368; x_wconf 88' lang='lat' dir='ltr'><strong>commodum</strong></span> <span class='ocrx_word' id='word_1_281' title='bbox 936 3313 1057 3382; x_wconf 87' lang='lat' dir='ltr'><strong>accedat,</strong></span> <span class='ocrx_word' id='word_1_282' title='bbox 1075 3319 1149 3369; x_wconf 86' lang='lat' dir='ltr'><strong>terra</strong></span> <span class='ocrx_word' id='word_1_283' title='bbox 1166 3319 1259 3369; x_wconf 88' lang='lat' dir='ltr'><strong>autem</strong></span> <span class='ocrx_word' id='word_1_284' title='bbox 1279 3313 1392 3370; x_wconf 84' lang='lat' dir='ltr'><strong>Tamna</strong></span> <span class='ocrx_word' id='word_1_285' title='bbox 1408 3331 1542 3387; x_wconf 77' lang='lat' dir='ltr'><strong>magnum</strong></span> 
     </span>
     <span class='ocr_line' id='line_1_32' title="bbox 310 3399 1543 3474; baseline 0.001 -17"><span class='ocrx_word' id='word_1_286' title='bbox 310 3401 350 3458; x_wconf 89' lang='lat' dir='ltr'><strong>eis</strong></span> <span class='ocrx_word' id='word_1_287' title='bbox 368 3407 396 3456; x_wconf 92' lang='lat' dir='ltr'><strong>et</strong></span> <span class='ocrx_word' id='word_1_288' title='bbox 413 3406 504 3456; x_wconf 67' lang='lat' dir='ltr'><strong>caeno</strong></span> <span class='ocrx_word' id='word_1_289' title='bbox 521 3399 697 3472; x_wconf 90' lang='lat' dir='ltr'><strong>dispendium</strong></span> <span class='ocrx_word' id='word_1_290' title='bbox 715 3400 883 3472; x_wconf 82' lang='lat' dir='ltr'><strong>procurabit.</strong></span> <span class='ocrx_word' id='word_1_291' title='bbox 911 3400 963 3456; x_wconf 82' lang='lat' dir='ltr'><strong>Oui</strong></span> <span class='ocrx_word' id='word_1_292' title='bbox 983 3401 1108 3471; x_wconf 89' lang='lat' dir='ltr'><strong>petitioni</strong></span> <span class='ocrx_word' id='word_1_293' title='bbox 1126 3418 1175 3456; x_wconf 86' lang='lat' dir='ltr'><strong>rex</strong></span> <span class='ocrx_word' id='word_1_294' title='bbox 1193 3418 1318 3456; x_wconf 87' lang='lat' dir='ltr'><strong>annuens</strong></span> <span class='ocrx_word' id='word_1_295' title='bbox 1337 3403 1479 3474; x_wconf 86' lang='lat' dir='ltr'><strong>praecepit</strong></span> <span class='ocrx_word' id='word_1_296' title='bbox 1494 3418 1543 3458; x_wconf 88' lang='lat' dir='ltr'><strong>co·</strong></span> 
     </span>
     <span class='ocr_line' id='line_1_33' title="bbox 308 3486 1541 3559; baseline 0.001 -16"><span class='ocrx_word' id='word_1_297' title='bbox 308 3488 367 3543; x_wconf 81' lang='lat' dir='ltr'><strong>uuiti</strong></span> <span class='ocrx_word' id='word_1_298' title='bbox 385 3489 545 3555; x_wconf 84' lang='lat' dir='ltr'><strong>Lanaercto,</strong></span> <span class='ocrx_word' id='word_1_299' title='bbox 564 3493 595 3542; x_wconf 91' lang='lat' dir='ltr'><strong>ut</strong></span> <span class='ocrx_word' id='word_1_300' title='bbox 614 3486 756 3559; x_wconf 85' lang='lat' dir='ltr'><strong>praedium</strong></span> <span class='ocrx_word' id='word_1_301' title='bbox 766 3488 878 3543; x_wconf 88' lang='lat' dir='ltr'><strong>Tornua</strong></span> <span class='ocrx_word' id='word_1_302' title='bbox 891 3486 994 3542; x_wconf 87' lang='lat' dir='ltr'><strong>Joanni</strong></span> <span class='ocrx_word' id='word_1_303' title='bbox 1006 3487 1161 3555; x_wconf 82' lang='lat' dir='ltr'><strong>dimitteret</strong></span> <span class='ocrx_word' id='word_1_304' title='bbox 1180 3495 1208 3543; x_wconf 90' lang='lat' dir='ltr'><strong>et</strong></span> <span class='ocrx_word' id='word_1_305' title='bbox 1225 3489 1287 3544; x_wconf 91' lang='lat' dir='ltr'><strong>loco</strong></span> <span class='ocrx_word' id='word_1_306' title='bbox 1299 3489 1343 3544; x_wconf 88' lang='lat' dir='ltr'><strong>sni</strong></span> <span class='ocrx_word' id='word_1_307' title='bbox 1359 3489 1456 3546; x_wconf 83' lang='lat' dir='ltr'><strong>Belum</strong></span> <span class='ocrx_word' id='word_1_308' title='bbox 1473 3489 1541 3544; x_wconf 87' lang='lat' dir='ltr'><strong>reci·</strong></span> 
     </span>
     <span class='ocr_line' id='line_1_34' title="bbox 308 3573 1541 3648; baseline 0 -17"><span class='ocrx_word' id='word_1_309' title='bbox 308 3581 393 3648; x_wconf 88' lang='lat' dir='ltr'><strong>peret,</strong></span> <span class='ocrx_word' id='word_1_310' title='bbox 410 3576 440 3630; x_wconf 91' lang='lat' dir='ltr'><strong>in</strong></span> <span class='ocrx_word' id='word_1_311' title='bbox 458 3576 537 3631; x_wconf 88' lang='lat' dir='ltr'><strong>cuius</strong></span> <span class='ocrx_word' id='word_1_312' title='bbox 555 3576 761 3646; x_wconf 85' lang='lat' dir='ltr'><strong>possessionem</strong></span> <span class='ocrx_word' id='word_1_313' title='bbox 788 3591 838 3646; x_wconf 90' lang='lat' dir='ltr'><strong>per</strong></span> <span class='ocrx_word' id='word_1_314' title='bbox 865 3574 1025 3630; x_wconf 84' lang='lat' dir='ltr'><strong>Farcasium</strong></span> <span class='ocrx_word' id='word_1_315' title='bbox 1049 3573 1084 3630; x_wconf 89' lang='lat' dir='ltr'><strong>de</strong></span> <span class='ocrx_word' id='word_1_316' title='bbox 1108 3576 1227 3646; x_wconf 81' lang='lat' dir='ltr'><strong>Zagoria</strong></span> <span class='ocrx_word' id='word_1_317' title='bbox 1250 3575 1286 3631; x_wconf 89' lang='lat' dir='ltr'><strong>ad</strong></span> <span class='ocrx_word' id='word_1_318' title='bbox 1304 3577 1357 3632; x_wconf 88' lang='lat' dir='ltr'><strong>boo</strong></span> <span class='ocrx_word' id='word_1_319' title='bbox 1379 3593 1430 3648; x_wconf 91' lang='lat' dir='ltr'><strong>per</strong></span> <span class='ocrx_word' id='word_1_320' title='bbox 1446 3591 1541 3647; x_wconf 74' lang='lat' dir='ltr'><strong>regem</strong></span> 
     </span>
     <span class='ocr_line' id='line_1_35' title="bbox 307 3661 1542 3734; baseline 0 -16"><span class='ocrx_word' id='word_1_321' title='bbox 307 3663 471 3734; x_wconf 86' lang='lat' dir='ltr'><strong>deputatum</strong></span> <span class='ocrx_word' id='word_1_322' title='bbox 498 3663 681 3718; x_wconf 86' lang='lat' dir='ltr'><strong>Lanceretum</strong></span> <span class='ocrx_word' id='word_1_323' title='bbox 708 3661 845 3718; x_wconf 90' lang='lat' dir='ltr'><strong>introduci</strong></span> <span class='ocrx_word' id='word_1_324' title='bbox 872 3662 946 3718; x_wconf 81' lang='lat' dir='ltr'><strong>iacit.</strong></span> <span class='ocrx_word' id='word_1_325' title='bbox 976 3664 1068 3718; x_wconf 88' lang='lat' dir='ltr'><strong>Metae</strong></span> <span class='ocrx_word' id='word_1_326' title='bbox 1096 3668 1198 3730; x_wconf 90' lang='lat' dir='ltr'><strong>autern,</strong></span> <span class='ocrx_word' id='word_1_327' title='bbox 1227 3667 1309 3734; x_wconf 92' lang='lat' dir='ltr'><strong>prout</strong></span> <span class='ocrx_word' id='word_1_328' title='bbox 1334 3662 1447 3720; x_wconf 89' lang='lat' dir='ltr'><strong>Joahnn</strong></span> <span class='ocrx_word' id='word_1_329' title='bbox 1468 3664 1542 3718; x_wconf 85' lang='lat' dir='ltr'><strong>filius</strong></span> 
     </span>
     <span class='ocr_line' id='line_1_36' title="bbox 308 3749 1539 3822; baseline 0 -16"><span class='ocrx_word' id='word_1_330' title='bbox 308 3749 416 3822; x_wconf 86' lang='lat' dir='ltr'><strong>Oupan,</strong></span> <span class='ocrx_word' id='word_1_331' title='bbox 435 3749 556 3806; x_wconf 89' lang='lat' dir='ltr'><strong>chhulr</strong></span> <span class='ocrx_word' id='word_1_332' title='bbox 574 3749 649 3805; x_wconf 87' lang='lat' dir='ltr'><strong>filius</strong></span> <span class='ocrx_word' id='word_1_333' title='bbox 666 3749 791 3818; x_wconf 89' lang='lat' dir='ltr'><strong>chbuc,</strong></span> <span class='ocrx_word' id='word_1_334' title='bbox 811 3749 919 3806; x_wconf 84' lang='lat' dir='ltr'><strong>Glaueh</strong></span> <span class='ocrx_word' id='word_1_335' title='bbox 937 3749 1011 3806; x_wconf 85' lang='lat' dir='ltr'><strong>filius</strong></span> <span class='ocrx_word' id='word_1_336' title='bbox 1030 3750 1141 3818; x_wconf 83' lang='lat' dir='ltr'><strong>Corma,</strong></span> <span class='ocrx_word' id='word_1_337' title='bbox 1165 3749 1313 3805; x_wconf 89' lang='lat' dir='ltr'><strong>Ladislaus</strong></span> <span class='ocrx_word' id='word_1_338' title='bbox 1331 3749 1405 3808; x_wconf 87' lang='lat' dir='ltr'><strong>filius</strong></span> <span class='ocrx_word' id='word_1_339' title='bbox 1424 3749 1539 3818; x_wconf 81' lang='lat' dir='ltr'><strong>Wrank,</strong></span> 
     </span>
     <span class='ocr_line' id='line_1_37' title="bbox 306 3835 1539 3909; baseline 0 -17"><span class='ocrx_word' id='word_1_340' title='bbox 306 3837 412 3893; x_wconf 82' lang='lat' dir='ltr'><strong>Petialo</strong></span> <span class='ocrx_word' id='word_1_341' title='bbox 430 3835 503 3892; x_wconf 87' lang='lat' dir='ltr'><strong>filius</strong></span> <span class='ocrx_word' id='word_1_342' title='bbox 521 3835 607 3907; x_wconf 82' lang='lat' dir='ltr'><strong>Gurg,</strong></span> <span class='ocrx_word' id='word_1_343' title='bbox 626 3836 784 3893; x_wconf 89' lang='lat' dir='ltr'><strong>Volcodrus</strong></span> <span class='ocrx_word' id='word_1_344' title='bbox 803 3854 835 3893; x_wconf 87' lang='lat' dir='ltr'><strong>ac</strong></span> <span class='ocrx_word' id='word_1_345' title='bbox 854 3837 1046 3908; x_wconf 84' lang='lat' dir='ltr'><strong>Onplenfilius</strong></span> <span class='ocrx_word' id='word_1_346' title='bbox 1065 3838 1208 3909; x_wconf 81' lang='lat' dir='ltr'><strong>Stephani,</strong></span> <span class='ocrx_word' id='word_1_347' title='bbox 1226 3837 1388 3907; x_wconf 77' lang='lat' dir='ltr'><strong>iobagiones</strong></span> <span class='ocrx_word' id='word_1_348' title='bbox 1406 3839 1496 3904; x_wconf 85' lang='lat' dir='ltr'><strong>castri,</strong></span> <span class='ocrx_word' id='word_1_349' title='bbox 1510 3838 1539 3892; x_wconf 92' lang='lat' dir='ltr'><strong>in</strong></span> 
     </span>
     <span class='ocr_line' id='line_1_38' title="bbox 310 3923 1532 3997; baseline 0 -17"><span class='ocrx_word' id='word_1_350' title='bbox 310 3926 420 3997; x_wconf 85' lang='lat' dir='ltr'><strong>scriptis</strong></span> <span class='ocrx_word' id='word_1_351' title='bbox 438 3925 604 3992; x_wconf 89' lang='lat' dir='ltr'><strong>detulerunt,</strong></span> <span class='ocrx_word' id='word_1_352' title='bbox 622 3925 675 3985; x_wconf 85' lang='lat' dir='ltr'><strong>hoe</strong></span> <span class='ocrx_word' id='word_1_353' title='bbox 702 3924 796 3981; x_wconf 88' lang='lat' dir='ltr'><strong>ordine</strong></span> <span class='ocrx_word' id='word_1_354' title='bbox 816 3923 1036 3996; x_wconf 83' lang='lat' dir='ltr'><strong>distinguuntur:</strong></span> <span class='ocrx_word' id='word_1_355' title='bbox 1062 3925 1156 3980; x_wconf 88' lang='lat' dir='ltr'><strong>Prima</strong></span> <span class='ocrx_word' id='word_1_356' title='bbox 1181 3925 1277 3996; x_wconf 88' lang='lat' dir='ltr'><strong>incipit</strong></span> <span class='ocrx_word' id='word_1_357' title='bbox 1294 3941 1311 3980; x_wconf 85' lang='lat' dir='ltr'><strong>a</strong></span> <span class='ocrx_word' id='word_1_358' title='bbox 1329 3925 1436 3982; x_wconf 83' lang='lat' dir='ltr'><strong>Kemen</strong></span> <span class='ocrx_word' id='word_1_359' title='bbox 1461 3931 1532 3980; x_wconf 87' lang='lat' dir='ltr'><strong>terra</strong></span> 
     </span>
     <span class='ocr_line' id='line_1_39' title="bbox 305 4011 1538 4084; baseline -0.001 -15"><span class='ocrx_word' id='word_1_360' title='bbox 305 4013 442 4069; x_wconf 87' lang='lat' dir='ltr'><strong>consortis</strong></span> <span class='ocrx_word' id='word_1_361' title='bbox 460 4013 541 4082; x_wconf 80' lang='lat' dir='ltr'><strong>regis,</strong></span> <span class='ocrx_word' id='word_1_362' title='bbox 560 4029 643 4084; x_wconf 88' lang='lat' dir='ltr'><strong>qnam</strong></span> <span class='ocrx_word' id='word_1_363' title='bbox 661 4011 786 4084; x_wconf 89' lang='lat' dir='ltr'><strong>possidet</strong></span> <span class='ocrx_word' id='word_1_364' title='bbox 802 4013 933 4082; x_wconf 82' lang='lat' dir='ltr'><strong>magister</strong></span> <span class='ocrx_word' id='word_1_365' title='bbox 952 4012 1033 4068; x_wconf 79' lang='lat' dir='ltr'><strong>Ohak</strong></span> <span class='ocrx_word' id='word_1_366' title='bbox 1050 4029 1085 4068; x_wconf 81' lang='lat' dir='ltr'><strong>ex</strong></span> <span class='ocrx_word' id='word_1_367' title='bbox 1103 4011 1253 4068; x_wconf 88' lang='lat' dir='ltr'><strong>donatione</strong></span> <span class='ocrx_word' id='word_1_368' title='bbox 1271 4013 1367 4083; x_wconf 89' lang='lat' dir='ltr'><strong>ipsius,</strong></span> <span class='ocrx_word' id='word_1_369' title='bbox 1392 4011 1455 4068; x_wconf 90' lang='lat' dir='ltr'><strong>inde</strong></span> <span class='ocrx_word' id='word_1_370' title='bbox 1474 4029 1538 4068; x_wconf 88' lang='lat' dir='ltr'><strong>cou-</strong></span> 
     </span>
     <span class='ocr_line' id='line_1_40' title="bbox 306 4099 1539 4172; baseline -0.001 -15"><span class='ocrx_word' id='word_1_371' title='bbox 306 4101 468 4157; x_wconf 86' lang='lat' dir='ltr'><strong>terminetur</strong></span> <span class='ocrx_word' id='word_1_372' title='bbox 485 4117 549 4156; x_wconf 91' lang='lat' dir='ltr'><strong>cum</strong></span> <span class='ocrx_word' id='word_1_373' title='bbox 567 4106 640 4156; x_wconf 89' lang='lat' dir='ltr'><strong>terra</strong></span> <span class='ocrx_word' id='word_1_374' title='bbox 657 4099 771 4168; x_wconf 86' lang='lat' dir='ltr'><strong>Polaua,</strong></span> <span class='ocrx_word' id='word_1_375' title='bbox 789 4099 905 4156; x_wconf 88' lang='lat' dir='ltr'><strong>indeed</strong></span> <span class='ocrx_word' id='word_1_376' title='bbox 923 4117 1052 4172; x_wconf 84' lang='lat' dir='ltr'><strong>maguam</strong></span> <span class='ocrx_word' id='word_1_377' title='bbox 1070 4101 1143 4156; x_wconf 84' lang='lat' dir='ltr'><strong>viam</strong></span> <span class='ocrx_word' id='word_1_378' title='bbox 1155 4101 1254 4172; x_wconf 81' lang='lat' dir='ltr'><strong>Ebrys,</strong></span> <span class='ocrx_word' id='word_1_379' title='bbox 1273 4099 1337 4155; x_wconf 90' lang='lat' dir='ltr'><strong>inde</strong></span> <span class='ocrx_word' id='word_1_380' title='bbox 1349 4099 1385 4156; x_wconf 86' lang='lat' dir='ltr'><strong>ad</strong></span> <span class='ocrx_word' id='word_1_381' title='bbox 1397 4099 1539 4156; x_wconf 89' lang='lat' dir='ltr'><strong>meridiem</strong></span> 
     </span>
     <span class='ocr_line' id='line_1_41' title="bbox 305 4187 1538 4260; baseline -0.001 -17"><span class='ocrx_word' id='word_1_382' title='bbox 305 4189 441 4244; x_wconf 90' lang='lat' dir='ltr'><strong>transiens</strong></span> <span class='ocrx_word' id='word_1_383' title='bbox 459 4189 532 4243; x_wconf 87' lang='lat' dir='ltr'><strong>viam</strong></span> <span class='ocrx_word' id='word_1_384' title='bbox 550 4187 625 4242; x_wconf 88' lang='lat' dir='ltr'><strong>cadit</strong></span> <span class='ocrx_word' id='word_1_385' title='bbox 642 4187 670 4242; x_wconf 92' lang='lat' dir='ltr'><strong>in</strong></span> <span class='ocrx_word' id='word_1_386' title='bbox 689 4203 790 4258; x_wconf 88' lang='lat' dir='ltr'><strong>aquam</strong></span> <span class='ocrx_word' id='word_1_387' title='bbox 808 4187 884 4259; x_wconf 89' lang='lat' dir='ltr'><strong>Bela,</strong></span> <span class='ocrx_word' id='word_1_388' title='bbox 903 4192 930 4242; x_wconf 93' lang='lat' dir='ltr'><strong>et</strong></span> <span class='ocrx_word' id='word_1_389' title='bbox 947 4189 1022 4243; x_wconf 85' lang='lat' dir='ltr'><strong>veuit</strong></span> <span class='ocrx_word' id='word_1_390' title='bbox 1039 4187 1075 4244; x_wconf 89' lang='lat' dir='ltr'><strong>ad</strong></span> <span class='ocrx_word' id='word_1_391' title='bbox 1092 4193 1202 4260; x_wconf 88' lang='lat' dir='ltr'><strong>portum</strong></span> <span class='ocrx_word' id='word_1_392' title='bbox 1220 4205 1309 4258; x_wconf 89' lang='lat' dir='ltr'><strong>aquae</strong></span> <span class='ocrx_word' id='word_1_393' title='bbox 1327 4187 1402 4256; x_wconf 88' lang='lat' dir='ltr'><strong>Bela,</strong></span> <span class='ocrx_word' id='word_1_394' title='bbox 1421 4203 1538 4258; x_wconf 84' lang='lat' dir='ltr'><strong>vergens</strong></span> 
     </span>
     <span class='ocr_line' id='line_1_42' title="bbox 305 4274 1538 4346; baseline -0.001 -14"><span class='ocrx_word' id='word_1_395' title='bbox 305 4274 341 4332; x_wconf 89' lang='lat' dir='ltr'><strong>ad</strong></span> <span class='ocrx_word' id='word_1_396' title='bbox 359 4275 490 4332; x_wconf 87' lang='lat' dir='ltr'><strong>merdiem</strong></span> <span class='ocrx_word' id='word_1_397' title='bbox 507 4274 582 4332; x_wconf 86' lang='lat' dir='ltr'><strong>eadit</strong></span> <span class='ocrx_word' id='word_1_398' title='bbox 598 4275 627 4329; x_wconf 94' lang='lat' dir='ltr'><strong>in</strong></span> <span class='ocrx_word' id='word_1_399' title='bbox 646 4291 747 4346; x_wconf 89' lang='lat' dir='ltr'><strong>equam</strong></span> <span class='ocrx_word' id='word_1_400' title='bbox 768 4274 880 4330; x_wconf 85' lang='lat' dir='ltr'><strong>Oborna</strong></span> <span class='ocrx_word' id='word_1_401' title='bbox 897 4275 997 4344; x_wconf 83' lang='lat' dir='ltr'><strong>mlalra,</strong></span> <span class='ocrx_word' id='word_1_402' title='bbox 1024 4275 1074 4331; x_wconf 90' lang='lat' dir='ltr'><strong>ubi</strong></span> <span class='ocrx_word' id='word_1_403' title='bbox 1100 4276 1314 4332; x_wconf 83' lang='lat' dir='ltr'><strong>contaminatur</strong></span> <span class='ocrx_word' id='word_1_404' title='bbox 1331 4281 1419 4331; x_wconf 91' lang='lat' dir='ltr'><strong>terrae</strong></span> <span class='ocrx_word' id='word_1_405' title='bbox 1442 4275 1538 4332; x_wconf 79' lang='lat' dir='ltr'><strong>Scom-</strong></span> 
     </span>
     <span class='ocr_line' id='line_1_43' title="bbox 305 4361 1537 4434; baseline 0.002 -17"><span class='ocrx_word' id='word_1_406' title='bbox 305 4363 406 4432; x_wconf 84' lang='lat' dir='ltr'><strong>bethel,</strong></span> <span class='ocrx_word' id='word_1_407' title='bbox 425 4381 496 4434; x_wconf 90' lang='lat' dir='ltr'><strong>quae</strong></span> <span class='ocrx_word' id='word_1_408' title='bbox 508 4368 551 4419; x_wconf 88' lang='lat' dir='ltr'><strong>est</strong></span> <span class='ocrx_word' id='word_1_409' title='bbox 562 4363 670 4418; x_wconf 86' lang='lat' dir='ltr'><strong>comitis</strong></span> <span class='ocrx_word' id='word_1_410' title='bbox 687 4362 844 4432; x_wconf 83' lang='lat' dir='ltr'><strong>Leuceroti,</strong></span> <span class='ocrx_word' id='word_1_411' title='bbox 863 4363 891 4417; x_wconf 93' lang='lat' dir='ltr'><strong>in</strong></span> <span class='ocrx_word' id='word_1_412' title='bbox 904 4362 1046 4419; x_wconf 89' lang='lat' dir='ltr'><strong>occidente</strong></span> <span class='ocrx_word' id='word_1_413' title='bbox 1057 4368 1130 4418; x_wconf 88' lang='lat' dir='ltr'><strong>terra</strong></span> <span class='ocrx_word' id='word_1_414' title='bbox 1148 4363 1277 4419; x_wconf 87' lang='lat' dir='ltr'><strong>Kuchula</strong></span> <span class='ocrx_word' id='word_1_415' title='bbox 1295 4363 1371 4418; x_wconf 80' lang='lat' dir='ltr'><strong>vadit</strong></span> <span class='ocrx_word' id='word_1_416' title='bbox 1389 4361 1424 4418; x_wconf 84' lang='lat' dir='ltr'><strong>ad</strong></span> <span class='ocrx_word' id='word_1_417' title='bbox 1436 4367 1537 4420; x_wconf 90' lang='lat' dir='ltr'><strong>terram</strong></span> 
     </span>
     <span class='ocr_line' id='line_1_44' title="bbox 304 4449 1443 4523; baseline 0.004 -17"><span class='ocrx_word' id='word_1_418' title='bbox 304 4449 435 4518; x_wconf 85' lang='lat' dir='ltr'><strong>Ladislai,</strong></span> <span class='ocrx_word' id='word_1_419' title='bbox 453 4451 481 4506; x_wconf 90' lang='lat' dir='ltr'><strong>in</strong></span> <span class='ocrx_word' id='word_1_420' title='bbox 499 4450 695 4523; x_wconf 90' lang='lat' dir='ltr'><strong>septemtrione</strong></span> <span class='ocrx_word' id='word_1_421' title='bbox 712 4449 748 4506; x_wconf 89' lang='lat' dir='ltr'><strong>ad</strong></span> <span class='ocrx_word' id='word_1_422' title='bbox 765 4455 867 4507; x_wconf 89' lang='lat' dir='ltr'><strong>terram</strong></span> <span class='ocrx_word' id='word_1_423' title='bbox 885 4451 993 4508; x_wconf 85' lang='lat' dir='ltr'><strong>Kemen</strong></span> <span class='ocrx_word' id='word_1_424' title='bbox 1011 4457 1039 4507; x_wconf 89' lang='lat' dir='ltr'><strong>et</strong></span> <span class='ocrx_word' id='word_1_425' title='bbox 1056 4451 1130 4507; x_wconf 88' lang='lat' dir='ltr'><strong>cadit</strong></span> <span class='ocrx_word' id='word_1_426' title='bbox 1147 4451 1175 4506; x_wconf 92' lang='lat' dir='ltr'><strong>in</strong></span> <span class='ocrx_word' id='word_1_427' title='bbox 1193 4455 1299 4508; x_wconf 90' lang='lat' dir='ltr'><strong>metam</strong></span> <span class='ocrx_word' id='word_1_428' title='bbox 1317 4449 1443 4523; x_wconf 82' lang='lat' dir='ltr'><strong>priorem.</strong></span> 
     </span>
    </p>

    <p class='ocr_par' dir='ltr' id='par_1_8' title="bbox 362 4538 913 4610">
     <span class='ocr_line' id='line_1_45' title="bbox 362 4538 913 4610; baseline -0.004 -14"><span class='ocrx_word' id='word_1_429' title='bbox 362 4538 479 4596; x_wconf 77' lang='lat' dir='ltr'><strong>Wesescl:</strong></span> <span class='ocrx_word' id='word_1_430' title='bbox 500 4538 565 4596; x_wconf 74' lang='lat' dir='ltr'><strong>Ood</strong></span> <span class='ocrx_word' id='word_1_431' title='bbox 583 4538 653 4610; x_wconf 83' lang='lat' dir='ltr'><strong>dipl.</strong></span> <span class='ocrx_word' id='word_1_432' title='bbox 668 4538 784 4610; x_wconf 64' lang='lat' dir='ltr'><strong>passer</strong></span> <span class='ocrx_word' id='word_1_433' title='bbox 805 4539 853 4598; x_wconf 77' lang='lat' dir='ltr'><strong>Vr</strong></span> <span class='ocrx_word' id='word_1_434' title='bbox 873 4541 913 4595; x_wconf 67' lang='lat'><strong>81</strong></span> 
     </span>
    </p>
   </div>
   <div class='ocr_carea' id='block_1_7' title="bbox 0 0 1748 5380">
    <p class='ocr_par' dir='ltr' id='par_1_9' title="bbox 0 0 1748 5380">
     <span class='ocr_line' id='line_1_46' title="bbox 0 0 1748 5380; baseline 0 5"><span class='ocrx_word' id='word_1_435' title='bbox 0 0 1748 5380; x_wconf 95' lang='lat' dir='ltr'><strong> </strong></span> 
     </span>
    </p>
   </div>
  </div>
 </body>
</html>
