3480 5356
333 353 398 420 356
833 379 853 419 r.
876 363 1072 432 aurmenvrd,

335 543 418 614 goeth
436 557 500 598 cnm
518 542 600 598 sociis
618 542 677 597 snis
696 541 836 598 nobilibus
855 541 890 597 de
908 540 1056 597 Brochina:
1079 557 1175 596 omnes
1193 545 1280 596 terras
1299 555 1364 596 suas
1383 541 1411 596 in
1430 539 1578 608 Brochina,

333 630 370 686 de
388 628 524 696 Gradech,
542 647 578 686 ex
596 635 712 702 utraque
733 635 811 702 parte
833 629 916 698 fluvii,
941 633 997 684 tam
1015 629 1043 683 in
1063 629 1154 700 planis
1177 647 1261 700 qnam
1285 627 1428 684 montibus
1452 635 1502 684 ete,
1522 629 1580 700 ipsi

336 718 431 774 comiti
448 715 584 772 Percirino
604 733 654 788 pro
672 717 856 789 quadraginta
873 717 981 783 marcis,
1000 733 1035 772 ex
1054 716 1234 788 permissione
1253 716 1376 772 omnium
1394 721 1580 785 cognatorum

335 821 450 862 suorum
467 805 496 860 in
513 805 652 860 Brochina
669 805 855 874 existentium,
873 803 1063 860 vendidissent
1080 805 1108 857 in
1128 809 1302 874 perpetuum.

390 895 465 962 (trip.
492 893 599 948 meam.
628 894 658 947 in
686 894 758 949 actis
783 909 833 961 per
859 893 962 948 danum
986 891 1275 961 Eleusa-Hederomy
1302 907 1336 946 ex
1364 890 1474 946 aretino
1498 893 1579 960 nuni

334 979 437 1036 adlatis
455 983 489 1033 N.
508 981 541 1036 R.
561 981 594 1036 Α
614 981 788 1038 Fare-1532.
808 984 841 1035 N.
862 984 905 1034 32.

389 1117 553 1175 mccxw.
572 1123 657 1176 1277.
678 1126 702 1174 8.
724 1121 805 1176 Maii.
824 1119 985 1192 Capitulum
997 1119 1129 1175 ecclesiae
1154 1119 1332 1175 Charmensis
1350 1118 1482 1186 notificat,
1501 1119 1578 1190 quod

335 1206 462 1278 Woynch
488 1205 562 1262 iilius
587 1206 718 1278 Zapachk
742 1209 888 1263 consessus
908 1207 944 1262 sit
961 1223 991 1260 se
1009 1206 1167 1262 vendidisse
1193 1206 1285 1264 Jacob
1310 1213 1338 1262 et
1364 1207 1579 1264 Bartholomaeo

336 1293 399 1348 liliis
418 1293 508 1365 Stepk
526 1298 555 1349 et
572 1293 702 1350 iratribus
721 1299 827 1362 eorum,
845 1301 944 1349 terram
965 1310 1044 1348 suam
1063 1294 1231 1364 Tymenicha
1255 1295 1283 1348 in
1306 1295 1439 1350 comitatu
1463 1294 1498 1350 de
1521 1294 1579 1351 Ga·

334 1381 395 1452 righ
414 1381 576 1437 existentem
595 1397 658 1436 cum
677 1381 806 1437 omnibus
834 1382 1005 1452 pertinentiis
1025 1398 1075 1452 pro
1093 1381 1224 1436 tredecim
1248 1383 1354 1437 marcis.
1374 1383 1462 1452 Cans
1488 1389 1579 1438 terrae

335 1473 410 1525 meta
426 1468 524 1540 incipit
541 1486 558 1522 a
575 1473 648 1524 terra
666 1469 801 1542 Stephani
820 1469 869 1523 filii
887 1469 1029 1540 Stephani,
1048 1467 1112 1523 inde
1131 1475 1203 1523 terra
1221 1469 1341 1524 filiorum
1360 1470 1492 1541 Berialay,
1512 1470 1581 1527 inde

335 1557 492 1628 pervarias
510 1563 599 1611 metae
619 1555 749 1612 arboreae
768 1556 804 1612 ad
822 1555 937 1612 fluvium
957 1553 1126 1624 Timenicha,
1149 1555 1277 1627 superius
1296 1562 1370 1612 terra
1386 1557 1509 1612 Thubiae
1528 1557 1580 1612 iilii

334 1641 457 1699 Bodialai
476 1650 504 1698 et
520 1643 636 1698 fratrum
654 1643 783 1700 Andreae
802 1643 921 1700 filiorum
947 1643 1073 1714 Gungys,
1092 1642 1156 1699 inde
1180 1643 1215 1698 ed
1243 1644 1364 1699 rivulum
1386 1644 1580 1715 Palouinazia,

334 1730 371 1786 ad
388 1736 490 1787 terram
508 1731 616 1786 comitis
639 1731 755 1798 nibem,
773 1739 802 1788 et
819 1749 869 1804 per
886 1732 976 1788 sarias
994 1738 1083 1787 metas
1101 1731 1137 1787 ad
1157 1731 1282 1804 primam.

392 1819 512 1874 Wearel:
533 1819 598 1876 (lod.
616 1819 686 1890 dipl.
704 1819 814 1890 Arpad.
832 1820 900 1876 Xll.
917 1836 945 1888 p.
965 1823 1024 1876 212.

387 1957 697 2032 incorruptarum
717 1965 795 2016 1277.
814 1965 858 2017 23.
876 1961 967 2018 Jonas.
997 1960 1070 2016 (lum
1089 1977 1138 2032 per
1161 1961 1300 2016 Joannem
1324 1961 1513 2032 praepositum
1540 1962 1580 2019 de

335 2045 496 2117 Glogoneaa
513 2051 541 2102 et
558 2047 672 2102 Petrum
690 2047 818 2103 comitem
837 2048 991 2103 insularum
1016 2049 1124 2104 Pharao
1142 2053 1169 2104 et
1187 2049 1291 2104 Brazae
1316 2055 1391 2104 esset
1408 2050 1479 2106 inter
1502 2067 1580 2107 com·

333 2133 498 2191 munitatem
516 2132 710 2205 Spalatensern
729 2139 756 2190 et
774 2136 987 2204 Traguriensem
1006 2135 1069 2190 hinc
1097 2153 1145 2206 per
1170 2139 1259 2192 toturn
1283 2151 1407 2191 mensem
1432 2135 1500 2192 Julii
1525 2143 1581 2194 trc-

333 2237 390 2292 nga
416 2222 579 2294 composita,
607 2221 758 2276 secundum
786 2221 903 2277 sormam
931 2223 1109 2278 articulorum
1127 2224 1241 2279 inferius
1262 2221 1465 2291 denotatomnr,
1484 2230 1580 2296 peten-

335 2309 411 2363 tibus
437 2309 506 2379 ipsis
530 2325 548 2362 a
568 2309 709 2379 judicibus
737 2315 765 2364 et
791 2309 898 2365 civibus
926 2310 1051 2382 Tragurii
1078 2311 1169 2382 ipsam
1196 2317 1321 2380 treugam
1349 2318 1522 2368 sacramento
1550 2319 1580 2368 et

337 2395 450 2468 publico
468 2395 651 2452 instrumento
670 2397 780 2453 firmari.
799 2397 912 2452 Domini
931 2413 996 2453 raro
1015 2397 1182 2453 Valentinus
1196 2398 1342 2453 (laeariaaa
1354 2403 1383 2453 et
1403 2399 1495 2454 Dassa
1512 2401 1580 2454 Am·

337 2483 418 2539 blasii
437 2483 566 2539 consules
585 2484 636 2539 civ.
655 2483 736 2556 Trag.
756 2490 784 2540 et
801 2501 894 2541 comes
914 2485 1040 2541 Marinus
1059 2485 1195 2541 Amblarii
1209 2491 1236 2541 et
1247 2485 1376 2542 universa
1393 2485 1580 2542 communitae

337 2571 419 2642 Trag.
436 2571 466 2624 in
483 2570 601 2626 consilio
622 2571 751 2641 generali,
776 2571 812 2626 ob
836 2573 1017 2628 reverentiam
1035 2577 1064 2628 et
1079 2573 1214 2628 honorem
1232 2571 1258 2628 d.
1276 2574 1349 2644 regis
1367 2573 1466 2632 Karuli
1484 2577 1513 2630 et
1530 2574 1581 2630 ho-

336 2675 431 2714 norem
450 2657 653 2729 praedictorum
673 2659 823 2731 praepositi
842 2665 869 2715 et
887 2660 995 2716 comitis
1013 2661 1088 2716 Petri
1112 2661 1202 2733 ipsam
1227 2665 1353 2731 treugam
1377 2661 1511 2732 praestito
1535 2663 1580 2732 ju·

337 2749 462 2800 ramento
481 2749 509 2800 et
527 2745 620 2800 omnia
641 2746 782 2816 praedicte
799 2747 827 2802 in
846 2746 921 2802 hunc
944 2747 1057 2802 modum
1081 2753 1274 2818 acceptarunt;
1302 2747 1406 2804 seilicet
1430 2748 1505 2819 quod
1529 2747 1579 2804 ho·

337 2833 425 2888 minen
444 2834 588 2904 utriusque
605 2833 723 2888 civitatis
748 2851 797 2905 per
822 2839 921 2890 terram
939 2839 968 2889 et
986 2853 1034 2907 per
1058 2851 1133 2890 mare
1158 2835 1243 2891 libere
1262 2833 1364 2890 vadant
1382 2835 1451 2890 salvi
1469 2836 1498 2890 in
1517 2851 1579 2906 per·

337 2921 414 2976 sonis
432 2926 461 2976 et
478 2920 579 2988 rebus;
607 2927 723 2992 excepto
747 2921 822 2992 quod
845 2923 972 2992 ingressu
997 2923 1138 2978 civitatum
1156 2939 1211 2978 non
1231 2927 1352 2990 utantur,
1371 2929 1399 2978 et
1416 2923 1579 2978 nullatcnus

337 3009 495 3066 civitatibus
516 3007 711 3080 adproximant
729 3009 779 3064 sed
798 3011 825 3064 in
844 3009 976 3081 pontibus
1000 3011 1142 3066 civitatum
1166 3011 1338 3067 conveniant.
1364 3011 1493 3066 Exterius
1518 3010 1579 3066 ubi-

341 3113 461 3168 cumque
478 3096 582 3152 vadant
607 3096 693 3153 iibere
712 3096 771 3152 sine
790 3095 917 3152 iaciendo
942 3097 1054 3168 aliquod
1081 3097 1212 3154 damnum
1240 3099 1283 3154 vel
1307 3099 1443 3170 injuriam,
1472 3097 1579 3170 absque

338 3185 511 3256 reputatione
531 3183 608 3256 pacis
626 3184 680 3239 sub
698 3201 789 3256 poena
806 3184 924 3239 duarum
943 3185 1059 3240 millium
1078 3201 1232 3242 marcarum
1251 3186 1298 3242 fini
1317 3186 1432 3256 argenti.
1452 3187 1578 3255 Quarum

338 3271 514 3328 medietatem
537 3271 652 3328 habebit
675 3271 821 3328 Ledislaus
840 3289 888 3327 rex
913 3272 985 3344 Ung.
1014 3273 1097 3328 aliam
1123 3289 1188 3330 vero
1215 3273 1347 3329 damnum
1374 3281 1424 3330 aut
1450 3275 1579 3329 iniuriam

338 3360 456 3432 patiens.
475 3359 553 3428 Quae
572 3359 720 3415 observare
738 3359 851 3416 firmiter
877 3359 1010 3430 obligavit
1028 3377 1058 3415 se
1076 3366 1135 3416 tota
1157 3361 1340 3416 communitas
1364 3363 1492 3433 Tragurii
1516 3379 1580 3417 oum

336 3447 478 3519 judicibus
497 3451 525 3502 et
543 3447 660 3503 consilio
679 3448 806 3520 .Insuper
824 3449 848 3502 si
867 3447 1015 3504 Sibenaani
1040 3447 1181 3520 praedicta
1209 3450 1303 3505 omnia
1327 3451 1418 3506 lacere
1444 3451 1582 3506 voluerint

338 3542 367 3590 et
394 3535 549 3602 observare,
577 3551 723 3590 commune
750 3536 877 3607 Tragurii
895 3541 923 3591 et
941 3537 1071 3592 consules
1089 3542 1117 3591 et
1135 3537 1280 3592 consilinm
1306 3537 1470 3608 juraverunt
1498 3538 1582 3592 etiarn

339 3621 407 3694 ipsis
426 3637 535 3677 servare
554 3637 660 3692 pacem.
679 3623 780 3677 Actum
800 3623 992 3694 praesentibus
1011 3623 1148 3680 Ceruocta
1167 3623 1311 3692 Amblasii,
1330 3624 1430 3682 Nicola
1455 3623 1582 3694 Oosizae,

338 3709 430 3765 Dosse
447 3709 521 3764 Petri
539 3707 633 3764 Lucae
651 3709 776 3778 testibus,
794 3717 823 3766 et
840 3711 931 3766 Dessa
948 3711 1053 3782 Duymi
1071 3711 1267 3767 examinatore.

390 3795 511 3852 amp:
529 3798 606 3852 Mem.
626 3797 656 3852 di
678 3799 760 3853 Trou.
778 3815 807 3866 p.
828 3802 869 3853 97.

374 3956 537 4012 Mucxvl.
562 3957 686 4030 Spoleti.
709 3961 790 4017 1277.
810 3963 855 4015 30.
882 3959 973 4015 Junii.
997 3957 1182 4030 Temporibus
1204 3958 1305 4014 Jacobi
1323 3958 1480 4025 Contareni,
1501 3955 1580 4013 ducis

339 4045 521 4103 venetiarum
539 4051 567 4102 et
585 4046 711 4116 magistri
730 4046 873 4102 Laurentii
897 4046 1041 4102 Jadrensis
1065 4047 1264 4118 archiepiscopi
1288 4051 1316 4102 et
1338 4045 1438 4101 Jacobi
1462 4044 1580 4116 Teupoli

340 4134 449 4191 comitis
467 4131 502 4188 ad
520 4132 655 4188 honorem
673 4138 701 4188 et
719 4134 899 4188 reverentiam
920 4133 1043 4190 Ladislai
1067 4135 1140 4204 regis
1167 4133 1306 4203 Ungariae
1326 4139 1352 4188 et
1370 4131 1483 4201 bonum,
1507 4132 1579 4204 paci·

339 4237 459 4292 cumque
478 4225 581 4276 statum
598 4221 739 4276 civitatum
768 4221 874 4292 Spalati
894 4227 921 4276 et
938 4221 1073 4292 Tragurii,
1101 4221 1240 4292 Georgius
1267 4219 1302 4276 de
1330 4219 1460 4275 Breberio
1488 4234 1581 4274 eomes

339 4307 526 4367 Breberieneis
544 4313 572 4363 et
590 4307 727 4379 Sybenici,
748 4309 842 4363 Preste
860 4308 895 4363 de
914 4309 1081 4380 (lotopagna
1104 4315 1189 4378 atque
1213 4307 1368 4364 Domaldus
1387 4307 1421 4362 de
1440 4306 1582 4362 Zadolinis

341 4399 417 4454 cives
434 4394 547 4462 Jadrae,
562 4395 672 4467 judices
701 4393 805 4462 arbitri,
831 4395 1015 4463 arbitratores,
1039 4395 1260 4464 concordatores,
1283 4395 1451 4461 laudatores,
1475 4399 1584 4449 senten-

340 4486 455 4540 tiatores
468 4489 495 4539 et
508 4481 668 4538 amicabiles
681 4484 881 4554 compositores
894 4484 964 4538 inter
975 4483 995 4538 J
996 4501 1114 4540 oannem
1127 4483 1365 4556 archiepiscopum
1379 4482 1581 4554 spalatensem,

341 4571 502 4644 capitulum,
521 4571 696 4640 monasteria,
723 4571 853 4626 ecclesiae
883 4576 910 4626 et
937 4571 1026 4626 virum
1053 4571 1175 4626 nobilem
1199 4571 1297 4626 Vitum
1324 4571 1359 4627 de
1387 4570 1477 4624 Cema
1504 4573 1579 4644 pote

342 4663 442 4716 statem
469 4664 496 4716 et
523 4658 703 4730 Gauzegnam
731 4659 863 4728 Duxizae,
889 4659 1029 4714 Marinum
1051 4658 1250 4728 Bonaauntam,
1273 4663 1300 4715 et
1322 4658 1496 4715 Privoslaum
1523 4657 1580 4716 Do
