3488 5380
712 437 858 482 oroma.
1342 407 1405 488 Ati

160 597 239 658 davit
257 593 350 674 Moysi
367 601 463 660 eomiti
481 597 648 675 Symigieuei
666 607 695 662 et
712 603 905 662 Worcadienei
923 609 955 661 ut
972 604 1089 662 eendem
1103 609 1206 663 terrem
1220 608 1366 666 accederet
1383 619 1412 666 et

161 688 216 745 eub
233 691 314 746 metio
334 691 396 746 euie
413 691 575 762 migneret.
595 691 651 759 Qui
669 695 770 747 terrem
791 689 950 749 accedendo
968 698 996 748 et
1013 709 1075 748 eam
1098 711 1162 750 cum
1187 695 1245 762 onie
1268 697 1348 752 metio
1370 695 1410 752 di-

162 775 339 847 stinguendo,
369 778 448 834 nullo
472 778 687 847 contradicente,
710 779 828 835 eandem
850 778 925 836 dicto
949 780 1014 836 uun
1037 783 1130 838 comiti
1153 783 1258 850 etatuit,
1283 783 1358 856 quod
1382 789 1411 840 et

160 863 257 933 regina
274 863 457 932 confirmavit,
475 881 542 921 oum
562 861 644 920 me'tie
662 865 735 921 eicut
752 881 799 922 eae
817 867 971 938 capitulum
997 867 1171 924 Gheemeuee
1187 869 1216 924 iu
1235 869 1293 925 euie
1311 871 1409 927 litterie

160 948 301 1006 stabilivit
321 950 427 1024 Utpote
445 951 536 1022 prime
554 951 653 1024 incipit
670 952 749 1008 iuxta
766 959 868 1018 terrem
886 953 1012 1025 episcopi
1029 959 1057 1010 et
1074 955 1152 1012 iuxta
1170 960 1271 1012 terram
1289 961 1409 1014 caetrm·

160 1037 233 1093 riom
251 1036 287 1094 de
305 1036 392 1110 Garig
409 1054 427 1094 e
445 1043 523 1112 perte
541 1037 713 1105 occidentali,
731 1040 850 1096 indeed
869 1039 970 1096 vallem
983 1037 1156 1114 Ferkeevelg
1175 1042 1242 1098 inde
1257 1043 1408 1116 perreriae

160 1129 250 1181 metet
267 1124 399 1182 arboreae
417 1131 446 1182 et
462 1129 568 1182 terreae
585 1126 662 1182 cedit
678 1128 707 1182 in
725 1143 828 1199 aquam
846 1127 1012 1183 Pribinieiclr
1030 1144 1127 1185 verene
1146 1129 1280 1186 orientem
1298 1137 1327 1186 ot
1344 1131 1408 1186 rici·

159 1216 244 1266 natur
261 1216 352 1268 terme
368 1211 496 1284 Bogdani
515 1217 543 1270 et
561 1213 641 1270 Eliee
659 1213 781 1269 filiorum
799 1213 925 1284 Obuken,
944 1215 1009 1271 inde
1026 1215 1126 1272 iterum
1144 1234 1195 1288 per
1212 1219 1302 1274 variae
1319 1223 1408 1276 metae

159 1299 235 1355 veuit
253 1297 288 1354 ad
307 1299 426 1356 mlaoam
447 1299 587 1368 Scaterua,
613 1302 772 1372 perreriae
798 1307 886 1357 metue
911 1302 1003 1358 eundo
1028 1302 1103 1359 cedit
1119 1305 1148 1360 in
1167 1321 1269 1376 aquam
1288 1305 1409 1362 cherma

159 1389 188 1442 et
205 1387 340 1442 vicinetur
357 1392 446 1444 terrae
464 1389 558 1444 comiti
577 1387 651 1457 Ruh,
671 1405 722 1460 por
739 1405 873 1459 maguum
897 1389 1019 1462 apetium
1037 1388 1114 1446 redit
1131 1407 1221 1462 neque
1238 1391 1275 1448 ad
1294 1393 1408 1464 longum

159 1480 273 1546 pontem
289 1480 320 1530 et
337 1467 473 1530 viduetur
497 1481 586 1531 terrae
610 1476 683 1546 regie
701 1483 730 1534 et
746 1475 879 1532 eccleciae
903 1483 932 1532 et
956 1477 1081 1532 escendit
1104 1477 1132 1532 in
1154 1479 1269 1550 longum
1295 1485 1408 1552 pontem

160 1563 208 1633 qui
225 1560 303 1618 ducit
319 1575 417 1617 rorone
436 1561 585 1618 Rechohan
603 1569 632 1618 et
650 1561 771 1618 venitin
789 1579 875 1618 unam
893 1563 974 1631 darn,
992 1579 1065 1634 quae
1082 1563 1160 1620 ducit
1177 1581 1274 1624 verane
1293 1565 1407 1624 domam

159 1648 278 1718 Paulini,
296 1647 361 1704 iude
379 1665 429 1720 per
445 1649 643 1704 rariaemotee
661 1654 690 1705 et
707 1655 807 1721 puteos
824 1649 860 1706 ad
879 1655 968 1706 metae
986 1656 1091 1708 terreae
1109 1653 1137 1707 in
1155 1651 1241 1710 dumo
1259 1653 1407 1723 MuuoroV,

159 1733 234 1792 cedit
259 1735 288 1792 iu
316 1751 418 1808 equam
444 1736 585 1792 Zelatluik
611 1743 639 1793 et
666 1737 849 1809 pervenitad
874 1738 995 1810 priorem
1021 1737 1127 1794 Datum
1150 1755 1325 1812 permanea
1349 1759 1406 1798 ma-

158 1823 237 1895 gistri
258 1822 382 1880 Feretrii
400 1823 480 1880 electi
498 1822 638 1892 Albcneie,
657 1826 738 1881 aulae
756 1825 868 1896 reginae
885 1825 1112 1883 vicecancellarii.

213 1911 278 1968 (iod.
295 1909 365 1982 dipl.
379 1911 493 1981 patriar
510 1911 575 1968 VH.
592 1929 622 1982 p.
643 1915 688 1966 96.
707 1927 741 1967 ee
759 1913 832 1968 aetio
849 1914 979 1969 comitant
990 1913 1105 1985 mdody
1118 1915 1283 1986 Golpoorom
1295 1915 1410 1986 oblatio,

212 2033 311 2091 omn.
330 2037 406 2090 1265.
425 2032 588 2106 Capitulum
606 2027 786 2091 chiemensis
804 2036 937 2092 ecelesiae
955 2035 1103 2106 eiguificet,
1118 2036 1194 2108 quod
1206 2038 1320 2094 Mortuo
1333 2038 1407 2096 illiue

157 2121 275 2180 Broubel
302 2137 367 2178 cum
385 2137 473 2178 uxore
492 2137 543 2177 oua
561 2121 619 2178 lilia
636 2121 751 2177 Adolini
768 2121 804 2177 de
822 2123 980 2179 Kamarche
998 2123 1142 2180 oonieeeue
1158 2123 1195 2180 eit
1207 2139 1238 2180 ee
1250 2124 1407 2182 vendidieee

159 2209 254 2268 comiti
271 2209 335 2266 Rolr
353 2215 455 2266 terrem
482 2225 562 2264 enam
586 2208 797 2265 haereditariam
826 2211 855 2264 in
882 2210 977 2281 Grryg
1004 2227 1068 2266 cum
1095 2227 1152 2266 ona
1176 2211 1257 2268 vinea
1280 2213 1308 2267 in
1334 2218 1407 2268 terra

157 2296 265 2354 Nauled
284 2313 335 2370 pro
353 2303 465 2352 centum
484 2297 581 2368 viginti
599 2295 711 2352 duobue
729 2297 837 2354 mareis.
857 2297 945 2352 Ouiue
958 2303 1048 2354 metae
1061 2297 1132 2354 elcut
1144 2299 1295 2356 cenonioue
1307 2299 1407 2356 Petrue

59 2415 66 2428 ·
158 2385 253 2442 retulit
279 2383 349 2440 talea
377 2389 456 2440 eunt:
483 2383 577 2438 Prima
599 2383 698 2456 incipit
720 2384 748 2438 in
772 2383 862 2439 rivulo
886 2383 1001 2455 Babych
1027 2384 1151 2454 (Bcbuk)
1174 2387 1231 2441 exit
1259 2384 1294 2441 ed
1322 2403 1407 2441 unam

159 2473 258 2529 vellem
277 2476 306 2526 et
322 2471 412 2542 vergit
429 2487 526 2526 verene
545 2469 686 2526 meridiem
706 2475 734 2525 ct
748 2470 872 2528 escendit
890 2471 918 2526 in
936 2471 1026 2526 Borch
1050 2471 1086 2527 ud
1111 2489 1241 2544 magnam
1265 2474 1338 2529 viem
1363 2490 1407 2528 ve·

159 2560 281 2616 olentem
300 2557 335 2614 de
354 2557 458 2630 (ἓως.
477 2557 561 2614 Cadit
578 2557 607 2613 in
625 2557 724 2613 vellem
753 2558 853 2614 ticcam
880 2573 952 2628 quae
981 2557 1056 2614 cadit
1082 2561 1109 2614 in
1138 2561 1258 2616 rivulum
1285 2561 1407 2630 Deeohe,

158 2652 235 2703 tenet
251 2653 354 2702 motem
372 2662 437 2702 cum
455 2645 520 2700 filiie
543 2645 663 2716 Berivoy
680 2649 709 2700 et
727 2644 804 2700 vadit
820 2645 855 2700 od
875 2651 978 2702 metam
1002 2646 1123 2702 filiorum
1146 2646 1288 2719 Beryrwel
1312 2648 1407 2720 (Bery-¹

157 2735 243 2804 deu),
261 2732 337 2790 cedit
354 2734 382 2789 in
401 2733 501 2788 vallem
520 2732 644 2800 Greboe,
666 2733 742 2788 venit
767 2733 803 2787 ad
826 2738 930 2789 metam
943 2733 1056 2790 Gordoe
1079 2740 1108 2789 et
1130 2734 1253 2790 filiorum
1279 2735 1407 2802 Breawel,

156 2823 237 2878 iuxta
253 2819 369 2877 domum
386 2819 531 2876 Wlobetae
556 2819 635 2874 ducit
652 2819 679 2874 in
698 2820 818 2876 rivulum
843 2820 962 2886 Deeche,
981 2821 1058 2876 venit
1073 2820 1108 2876 ad
1127 2820 1236 2876 vineam
1254 2821 1407 2878 cacerdotie

157 2915 186 2965 et
202 2909 232 2965 in
248 2912 373 2964 montem
389 2900 485 2978 ibique
503 2905 578 2963 cedit
595 2907 623 2960 in
641 2921 773 2978 magnam
798 2907 870 2962 viam
889 2912 917 2962 et
934 2924 984 2978 por
1008 2906 1085 2964 illam
1109 2907 1182 2964 viem
1205 2907 1241 2962 ed
1266 2907 1355 2965 Berelr
1379 2915 1407 2964 et

155 2997 296 3053 transiens
313 2996 387 3052 viam
404 2993 440 3050 ad
459 2995 559 3050 vellem
583 2993 732 3062 Kreurena,
756 2994 834 3050 ducit
851 2995 880 3050 in
897 2995 1018 3050 rivulum
1042 2995 1166 3050 Bcbuoh.
1191 2994 1263 3050 Item
1292 2995 1406 3050 Ohuutfi

157 3085 281 3142 serviem
297 3083 424 3139 Mortuni
443 3081 567 3138 vendidit
583 3082 678 3138 comiti
696 3082 760 3138 Roh
778 3087 879 3137 terrem
892 3098 972 3136 auam
985 3079 1118 3137 Dedecbe
1129 3097 1180 3153 pro
1194 3081 1287 3137 tribue
1298 3082 1406 3150 mercis,

155 3172 239 3230 cuiue
258 3176 333 3228 mete
355 3170 431 3226 rudit
449 3169 477 3226 in
496 3169 595 3225 vellem
619 3170 718 3242 Lypoa
735 3173 764 3224 et
781 3167 809 3222 in
828 3167 943 3224 altorem
969 3167 1106 3238 Ncgvolg.
1132 3169 1290 3224 Astiterunt
1313 3168 1406 3224 rendi-

156 3259 225 3317 tioni
255 3252 378 3328 Mortun,
406 3257 518 3327 Bartek,
543 3257 621 3320 Itan,
648 3256 824 3323 Domonkue,
843 3255 892 3310 filii
910 3254 1043 3326 Berirlay.
1062 3255 1134 3310 item
1151 3255 1313 3326 Gregoriue,
1332 3255 1401 3312 Itan

156 3347 287 3416 Thomas,
306 3345 420 3402 Mortun
439 3344 489 3400 lilii
506 3343 636 3416 Nerivoy,
654 3345 721 3399 item
739 3343 866 3400 Vlcheta

210 3433 277 3491 (led.
296 3433 355 3504 dip.
370 3433 485 3504 patriae
508 3431 570 3487 VII.
586 3447 616 3501 p.
634 3434 693 3488 100.
712 3431 757 3486 Ee
768 3432 840 3486 omia
851 3430 981 3486 comitum
995 3429 1109 3500 Erdddy
1126 3432 1277 3502 (luiponem
1288 3430 1401 3487 attale

209 3575 318 3632 cum.
341 3579 418 3632 1265.
443 3573 605 3645 Capitulum
630 3573 810 3629 Chermeneie
834 3572 966 3629 ecclesiae
988 3573 1134 3644 significat,
1159 3571 1235 3644 quod
1258 3570 1401 3628 constituti

155 3679 252 3722 coram
268 3679 303 3720 oc
321 3679 357 3719 ex
374 3679 432 3718 una
450 3666 529 3732 perte
547 3659 639 3732 Gryek
656 3665 685 3715 ot
702 3659 862 3732 Steplrenue
880 3659 955 3715 filine
973 3659 1042 3714 Iran
1062 3677 1113 3732 pro
1133 3664 1209 3731 petre
1227 3675 1287 3726 ouo,
1307 3658 1343 3713 ab
1361 3659 1399 3714 al·

155 3757 217 3809 tere
233 3767 299 3809 vero
317 3749 425 3822 Gyurlr,
443 3747 579 3805 Nicolaue
597 3753 625 3803 et
643 3746 754 3803 Radere
772 3747 821 3801 lilii
838 3746 945 3814 Redeh‚
964 3746 1077 3815 Abrem,
1091 3745 1198 3814 Petrus,
1218 3745 1267 3801 lilii
1285 3745 1401 3817 Draget,

155 3839 307 3897 chbialer
325 3838 410 3894 freter
427 3835 559 3904 eiusdem,
572 3835 691 3906 chhoy
703 3835 777 3890 filius
789 3834 909 3904 Rumon,
925 3834 1064 3905 Georgius
1076 3834 1150 3889 filine
1162 3833 1267 3905 Gyara,
1279 3832 1402 3888 Madchu

156 3928 230 3984 illiue
249 3926 393 3999 Stephani,
412 3925 561 3980 Farcaeiue
580 3929 608 3979 ct
626 3921 752 3978 Andreae
780 3921 830 3976 filii
857 3921 989 3990 Ladirlai,
1014 3921 1153 3978 Martinus
1178 3925 1206 3976 et
1230 3919 1329 3992 Gyurk
1352 3918 1402 3974 filii

154 4015 293 4074 Jobennie
312 4012 465 4082 Orueelren,
484 4010 620 4068 Zoehibili
639 4014 667 4066 et
684 4009 801 4082 Gordoy
818 4009 867 4064 lilii
894 4008 988 4064 Dreek
1012 4007 1047 4064 de
1074 4023 1175 4078 genere
1202 4007 1326 4076 Obanov,
1352 4007 1400 4078 qui

155 4102 276 4160 oonieoei
295 4107 361 4157 eunt
379 4117 410 4157 eo
428 4099 585 4156 vendidisse
604 4097 693 4169 Oryek
711 4105 740 4154 et
757 4097 852 4152 lwano
875 4102 975 4151 terram
994 4111 1091 4151 eorum
1110 4095 1217 4150 Vratna
1236 4111 1286 4166 pro
1304 4093 1401 4166 viginti

154 4190 264 4258 marcio,
282 4188 354 4246 oiout
370 4188 527 4246 continetur
545 4185 658 4241 uberiue
669 4185 697 4240 in
710 4185 808 4240 litteris
826 4184 935 4239 comitia
948 4183 1103 4238 Orieiene'ie.
1118 4181 1195 4238 Mete
1206 4185 1300 4238 autom
1312 4186 1400 4236 terrae

154 4277 286 4350 incipite
303 4281 377 4333 terra
396 4274 486 4346 Oryek
503 4273 688 4330 haereditarie
705 4274 733 4328 in
752 4288 809 4328 nna
827 4270 930 4342 palude
949 4271 1045 4326 Mlaka
1063 4273 1170 4326 vocata
1188 4267 1259 4323 Indo
1277 4267 1401 4339 procedit

154 4363 192 4422 ad
211 4365 345 4420 orientem
363 4361 399 4419 ad
418 4367 519 4418 terram
544 4359 658 4417 Farcaei
676 4365 705 4416 et
722 4359 879 4428 Mortuum,
905 4363 933 4413 et
956 4356 1032 4412 redit
1054 4355 1090 4411 ed
1114 4355 1229 4412 domum
1251 4355 1342 4411 Euolr.
1364 4353 1399 4410 In

154 4451 269 4507 meridie
286 4451 322 4507 ed
340 4450 447 4517 Oheue,
465 4448 530 4504 inde
548 4465 598 4520 per
611 4447 701 4502 veriet
714 4451 803 4503 metae
822 4445 954 4518 arboreae
972 4443 1007 4499 ed
1026 4441 1141 4498 fluvium
1151 4441 1272 4510 Vratna,
1289 4441 1324 4497 de
1342 4458 1399 4514 quo

154 4539 214 4596 exit
230 4537 305 4610 apud
323 4537 451 4594 erbomm
469 4551 564 4592 vener.
583 4533 755 4590 Dimitteudo
773 4539 874 4590 terrem
893 4530 975 4588 Enok
993 4535 1021 4586 et
1039 4529 1137 4585 Chene
1154 4529 1253 4585 traneit
1264 4527 1399 4584 Vretnem

154 4630 184 4684 et
201 4629 386 4683 commotatnr
401 4629 491 4681 terrae
509 4623 592 4679 Hane
609 4627 637 4678 et
654 4621 807 4689 chhetee,
826 4639 844 4676 a
862 4625 940 4692 perte
964 4617 1090 4676 orientali
1114 4622 1188 4674 terre
1210 4615 1289 4674 Junk
1312 4633 1399 4674 rema·

153 4719 246 4772 neute-
264 4713 334 4770 Inde
352 4712 510 4785 perreriae
528 4714 618 4766 metae
634 4713 663 4765 et
680 4709 778 4764 silvam
796 4707 973 4779 paludosam,
990 4704 1160 4762 transeundo
1179 4719 1309 4776 magnam
1328 4704 1400 4760 viem
