3376 5350
345 437 409 503 456
849 451 868 496 1.
881 440 1091 510 snsmnsvro,

347 631 490 702 Stephani,
504 631 613 686 Natalis
627 631 734 688 domiui
753 637 781 688 et
800 633 995 688 resurectionis
1013 633 1171 704 pascualem
1184 635 1327 706 pecudem,
1346 636 1474 706 singulas
1493 639 1608 709 galina<

349 719 385 776 de
410 719 528 788 singulis
553 721 744 774 mansionibus
763 725 790 774 et
808 719 932 790 singulos
949 719 1019 776 diros
1034 737 1126 790 panes,
1146 738 1268 776 necnon
1289 729 1344 778 tres
1363 741 1473 778 marcas
1493 725 1523 780 iu
1543 727 1608 782 den.

349 809 429 878 Zagr.
440 809 523 880 episc.
537 808 620 862 offere
633 813 785 862 teneantur.
800 807 948 862 Castelsno
962 825 1025 862 vero
1039 810 1165 864 similiter
1180 827 1263 864 uuam
1276 826 1366 878 ovem,
1379 812 1479 882 viginti
1493 815 1607 884 galiuas

348 903 375 950 et
394 895 595 966 quinquaginta
613 913 698 966 panas
716 897 832 950 offerant
844 896 993 951 annuatim.
1013 896 1127 952 Liberos
1146 899 1229 953 etiam
1248 897 1398 954 declaravit
1416 899 1548 972 hospites
1569 905 1605 956 ab

348 986 423 1039 omni
443 983 542 1053 viagio,
561 999 613 1038 neo
631 984 758 1054 compelli
779 983 898 1038 debeant
916 983 944 1037 in
962 985 1041 1054 equis
1060 986 1103 1040 vel
1121 985 1228 1057 pedites
1247 987 1401 1056 legationes
1420 1004 1472 1043 seu
1491 989 1605 1044 litteras
1674 1019 1675 1048 l

348 1071 470 1128 defferre.

400 1160 448 1214 En
467 1165 644 1230 tronsrarrspto
663 1159 818 1230 Attpustini
842 1160 964 1231 episcopi
990 1160 1188 1231 Zoqrabiensis
1207 1161 1239 1216 de
1263 1181 1288 1217 a.
1314 1165 1391 1216 1307.
1422 1163 1503 1235 Θήρ.
1528 1183 1606 1236 perp.

348 1249 379 1302 in
398 1265 456 1300 naso
475 1245 640 1301 collectione.

403 1405 539 1462 MDClX.
558 1405 700 1462 venetiis.
723 1406 805 1460 Circo
824 1409 1015 1460 misertos.
1033 1406 1134 1461 Petrus
1154 1407 1330 1464 Gradonicus
1344 1408 1401 1464 dux
1415 1409 1607 1466 Venetiamm

349 1497 470 1568 ininngit
488 1495 597 1550 Marino
616 1493 651 1550 ds
669 1495 776 1550 Molino
795 1511 847 1550 suo
873 1494 1065 1548 ambasciatori
1085 1495 1120 1548 ad
1139 1511 1232 1564 regem
1251 1495 1366 1563 Tunisii,
1385 1513 1450 1551 cum
1473 1497 1607 1554 Marinus

349 1585 384 1638 do
402 1583 541 1652 Maguoco
560 1583 595 1640 de
613 1583 736 1654 nguaio
756 1585 874 1638 venisset
891 1583 919 1637 in
939 1589 1050 1652 portum
1068 1583 1175 1636 Tunisii
1200 1599 1265 1636 cum
1295 1599 1345 1637 sua
1372 1584 1463 1639 tarida
1486 1597 1608 1641 onerata

349 1673 413 1726 vino
431 1687 532 1740 graeco
551 1679 578 1726 et
596 1672 657 1726 aliis
675 1671 766 1738 rebus,
780 1671 851 1726 duae
865 1688 948 1725 naves
967 1670 1001 1725 de
1021 1671 1123 1738 Sicilia,
1136 1677 1251 1725 vocatae
1264 1671 1366 1740 Aquila
1379 1679 1408 1726 et
1419 1689 1441 1726 a.
1455 1673 1607 1735 Salvador,

349 1763 502 1829 coeperunt
520 1757 623 1812 dictam
642 1758 758 1812 taridsm
777 1773 841 1812 cum
860 1759 950 1824 rebus,
970 1763 997 1811 et
1022 1775 1077 1812 uon
1102 1757 1225 1812 volantes
1250 1758 1394 1814 restituere
1419 1759 1606 1816 abduxerunt

353 1863 423 1914 eam,
443 1851 475 1900 ut
493 1853 573 1916 rogat
591 1845 695 1900 dictum
716 1862 808 1916 regem
827 1843 985 1900 satisfacere
1004 1843 1135 1900 damnato
1153 1846 1231 1900 iuxta
1249 1851 1339 1916 pacta.

401 1933 522 2002 Ljuoic':
541 1933 620 1988 Mosa.
640 1933 664 1987 Ι.
683 1949 710 2004 p.
730 1936 789 1984 191.

405 2092 526 2147 MDCX.
547 2093 622 2146 1299.
641 2093 666 2144 9.
686 2089 833 2144 ianuarii.
853 2089 1014 2160 Capitulum
1040 2089 1337 2161 Qtsinqueecclesiense
1366 2090 1451 2146 refert
1469 2095 1606 2148 Andreae

354 2181 406 2236 ΙΙΙ.
426 2181 491 2252 regi,
510 2180 587 2252 quod
606 2196 655 2250 per
673 2179 761 2248 captis
779 2178 878 2232 litteris
896 2179 1005 2234 comitis
1030 2177 1162 2248 Stephani
1185 2178 1408 2249 judiciscuriae‚
1431 2182 1548 2238 nomine
1572 2201 1606 2236 ac

356 2271 415 2325 vice
434 2269 558 2338 magistri
578 2266 711 2338 Stephani
730 2265 876 2338 degenere
896 2265 1045 2333 Duranius,
1069 2267 1190 2321 hominis
1209 2269 1285 2338 regii,
1310 2284 1373 2323 cum
1392 2268 1527 2324 iohanne
1547 2271 1607 2323 tilio

354 2357 485 2413 Bernalth
505 2355 539 2410 de
558 2355 656 2410 eodem
674 2371 775 2424 genere
794 2353 935 2408 Durusina
953 2359 982 2407 et
1000 2359 1119 2424 cognato
1137 2369 1197 2420 suo,
1216 2354 1356 2408 hominem
1381 2354 1497 2424 capituli
1519 2357 1607 2410 Nico-

351 2447 426 2500 laum
446 2444 609 2498 canonicum
622 2443 838 2514 'transmiserint
864 2441 910 2513 qui
939 2459 1003 2497 cum
1027 2442 1156 2496 Johanue
1180 2441 1315 2511 pristaldo
1339 2441 1475 2496 accedam
1501 2452 1608 2513 quarta

350 2533 474 2590 Janusrii
494 2532 522 2585 in
541 2530 634 2584 villam
654 2529 795 2599 Rozbeyd,
814 2530 863 2584 tilii
882 2530 1028 2598 Zamarerti,
1047 2529 1182 2584 Tholman
1201 2535 1335 2596 vocatam,
1354 2530 1382 2582 in
1408 2529 1546 2584 comitatu
1567 2533 1603 2586 de

352 2619 481 2685 woibor,
499 2619 536 2672 ibi
556 2617 717 2688 reperiendo
736 2617 893 2672 liiouisium
907 2618 994 2672 tilium
1007 2618 1129 2684 hlortun,
1148 2617 1292 2671 Tholmani
1306 2615 1427 2682 fratrem,
1440 2619 1603 2686 patruelem

352 2709 417 2762 dicti
439 2705 579 2776 Rozbeyd
604 2706 647 2758 cui
675 2703 802 2758 Dionisio
821 2711 849 2759 et
867 2705 977 2775 populis
997 2707 1024 2758 in
1043 2703 1139 2759 eadem
1165 2705 1230 2758 villa
1249 2704 1447 2774 jobagionibua
1473 2707 1605 2762 eiusdem

352 2793 482 2864 Rosbeyd
502 2793 736 2846 commorantibus
754 2793 782 2846 in
802 2809 858 2845 raus
879 2792 1032 2855 curia‚·sub
1052 2810 1106 2856 uua
1125 2799 1209 2862 parte,
1229 2791 1299 2846 dixit
1318 2793 1400 2846 verbo
1425 2795 1500 2862 regio
1522 2803 1555 2849 nt
1575 2797 1604 2848 in

353 2881 530 2954 quindecimo
544 2879 587 2934 die
606 2897 623 2934 a
641 2879 782 2950 praedicto
796 2879 840 2934 die
854 2879 1040 2950 computando
1054 2879 1143 2934 dictus
1156 2879 1289 2949 Rozbeyd
1301 2879 1363 2934 illas
1376 2879 1484 2934 litteras
1497 2883 1606 2950 quibus

353 2969 539 3028 mediantibus
558 2967 653 3022 literae
671 2967 887 3022 introductoriae
899 2967 1026 3022 videntur
1045 2967 1173 3034 revocari,
1187 2965 1316 3020 exhibeat
1328 2967 1357 3019 in
1370 2983 1489 3036 persona
1501 2977 1607 3024 eontra

355 3059 519 3128 magistrum
536 3057 554 3111 J
558 3069 674 3110 oannem
695 3055 730 3110 de
748 3055 875 3123 Vosoud,
894 3063 924 3110 ut
937 3061 1121 3126 cognoscatur
1132 3056 1232 3110 veritas
1246 3053 1280 3108 de
1292 3054 1391 3108 litteris
1413 3059 1607 3112 revocatoriis.

406 3145 503 3212 Fejer:
525 3142 590 3199 cod.
610 3143 678 3212 dipl.
699 3143 798 3215 Hunp.
820 3145 849 3198 T.
873 3144 938 3198 VH.
957 3143 1008 3200 voi.
1028 3147 1052 3196 3.
1068 3160 1097 3211 p.
1118 3144 1176 3196 113.

407 3285 844 3357 ntDoX1.untnqnssoslssiis
869 3289 945 3340 1299.
972 3289 1012 3338 13.
1038 3285 1183 3338 ianuarii.
1208 3283 1314 3338 Paulus
1339 3284 1488 3356 episcopus
1513 3283 1607 3352 Quin-

355 3375 583 3447 queecclesiensis
602 3375 750 3430 memoriae
768 3373 951 3440 commendat,
970 3372 1046 3443 quod
1064 3372 1081 3428 J
1085 3371 1207 3427 ohannes
1231 3371 1306 3426 filius
1324 3371 1419 3426 lmbor
1437 3371 1473 3426 do
1491 3371 1608 3444 Posega

358 3467 527 3536 protestatus
546 3464 589 3531 ait,
610 3464 685 3534 quod
704 3463 834 3532 magister
858 3461 977 3532 Gyletus
1000 3461 1074 3514 iilius
1100 3459 1201 3530 Gyleti
1217 3460 1307 3530 ipsum
1333 3459 1368 3514 de
1392 3462 1608 3530 possesionibus

354 3553 412 3606 stris
431 3551 585 3620 expulisset
603 3557 630 3606 et
649 3551 725 3605 citari
744 3551 854 3604 iecisset
872 3548 990 3604 eundem
1010 3549 1038 3603 iu
1059 3548 1128 3602 facie
1146 3548 1353 3618 possessionum
1372 3547 1550 3614 earumdem,
1569 3551 1607 3604 nil

354 3641 433 3694 carius
459 3639 598 3694 citationis
623 3637 812 3708 exequendam
840 3637 876 3692 ob
904 3643 1008 3690 metum
1036 3636 1160 3690 aitrsdem
1188 3636 1312 3705 magistri
1337 3634 1442 3705 Gylety
1466 3636 1605 3691 accedere

354 3727 522 3792 formidaret,
537 3729 602 3796 quia
614 3743 699 3780 unum
710 3725 820 3779 fratrem
831 3725 918 3795 ipsius
930 3724 1018 3779 occidi
1032 3731 1059 3779 et
1072 3724 1234 3778 servientem
1248 3738 1330 3777 suum
1343 3723 1481 3776 vulnerari
1496 3721 1596 3778 fecerit
1677 3777 1678 3782 ,

414 3814 541 3868 chaei:
563 3813 627 3868 Coti.
647 3812 715 3883 dipl.
735 3813 843 3883 Arpod.
862 3819 934 3868 cont.
958 3813 988 3867 V.
1006 3829 1032 3883 p.
1051 3815 1111 3865 214.

407 3973 715 4029 MDCXII.1299.22.
736 3973 882 4026 ‚lanisterii
902 3969 1063 4042 Capitulum
1083 3969 1260 4026 Chasmensis
1283 3969 1416 4026 ecclesiae
1440 3974 1468 4023 et
1493 3969 1604 4038 Symon

355 4063 483 4134 subprior
501 4067 530 4116 et
548 4061 705 4132 Stephanus
724 4061 818 4126 lector,
837 4077 869 4114 ac
888 4066 1040 4114 corrveutus
1052 4057 1279 4113 Praedicatorum
1293 4057 1392 4112 domus
1405 4057 1459 4110 loci
1472 4057 1602 4112 eiusdem
1677 4099 1678 4136 ;

355 4152 400 4216 (de
420 4151 550 4217 Ghssma)
570 4149 742 4218 significant:
763 4149 838 4218 quod
857 4149 995 4216 Georgius
1013 4147 1087 4202 filius
1106 4146 1233 4216 Gregorii
1246 4145 1294 4200 fibi
1308 4143 1433 4200 Grobesa
1453 4161 1505 4214 pro
1524 4163 1557 4200 se
1576 4157 1604 4200 st
1677 4145 1678 4148 ’

356 4255 407 4309 pro
426 4238 510 4292 fratre
530 4255 580 4292 arro
605 4235 743 4302 blathseo,
768 4237 913 4290 assistente
938 4235 1075 4289 Michaele
1099 4235 1230 4304 episcopo
1255 4231 1432 4302 Zagrabienai
1456 4231 1484 4286 in
1511 4233 1607 4288 medio

358 4327 477 4392 illorum,
496 4323 641 4379 confessus
659 4324 702 4390 sit,
722 4323 796 4394 quod
815 4341 877 4377 cum
896 4323 947 4392 ipsi
967 4329 1063 4376 eontra
1082 4321 1194 4375 Petrum
1219 4319 1308 4374 lilium
1332 4317 1429 4374 Prelsa
1452 4335 1540 4388 super
1567 4319 1607 4374 di-

356 4414 442 4469 versis
469 4413 585 4478 iniuriis,
614 4411 715 4482 quibus
744 4409 863 4465 eundem
888 4411 1010 4477 Petrum,
1036 4408 1155 4480 populos
1179 4423 1245 4462 siros
1270 4405 1402 4476 fugando,
1426 4407 1607 4476 captivando,
1677 4405 1678 4410 ’

358 4505 538 4572 ipsorumque
556 4501 630 4553 bona
648 4497 812 4552 violabiliter
831 4497 990 4564 assistendo,
1010 4498 1130 4565 graviter
1147 4495 1259 4551 filerunt
1277 4493 1424 4564 persecuti,
1448 4509 1504 4547 non
1524 4494 1605 4548 veriti

357 4589 438 4643 tidem
458 4587 562 4641 domini
582 4589 624 4640 sui
645 4587 767 4657 episcopi
787 4586 896 4652 violare,
915 4601 964 4654 per
983 4585 1122 4654 publicam
1141 4584 1306 4638 seutentiam
1325 4581 1604 4651 comprovincialium

356 4693 468 4730 suonam
488 4675 668 4744 praedialium
687 4673 823 4738 videlicet,
836 4674 873 4727 rei
887 4679 914 4727 et
928 4674 1045 4726 convicti
1065 4671 1165 4726 redditi
1177 4671 1339 4736 extitissent,
1359 4676 1387 4724 et
1405 4683 1455 4738 par
1471 4666 1527 4723 hoc
1541 4685 1604 4738 pos·

358 4763 526 4818 sessionibus
545 4763 602 4816 suis
620 4763 648 4816 in
667 4763 827 4832 episcopatu
846 4761 964 4814 tuissent
982 4777 1030 4832 per
1049 4759 1158 4814 dictum
1177 4759 1338 4829 episcopum
1357 4757 1465 4828 privati,
1483 4757 1605 4812 maxime
