3480 5356
697 457 841 502 mensus.
1323 438 1387 504 363

147 617 245 672 curiae
262 622 290 672 et
307 619 468 674 comitatum
487 620 698 677 Musunienscm
714 637 778 678 cum
796 623 968 696 plenitudine
985 624 1090 694 gratias
1108 639 1184 680 snae.
1208 624 1326 681 Ordinat
1349 626 1388 680 in·

148 719 236 774 snper
253 704 279 759 oi
297 705 371 762 milla
388 721 496 762 mmcas
514 723 565 778 pro
583 707 721 780 stipendio
739 711 860 768 annuali.
878 711 982 767 Omnes
1000 727 1113 782 quoque
1124 713 1316 783 possessiones
1328 713 1388 768 eius

146 795 209 846 tam
226 792 422 850 haereditarias
440 810 524 866 quam
542 796 689 868 emptitias,
708 802 736 852 et
753 813 809 864 aas,
827 813 897 868 quas
916 813 951 854 ex
967 797 1114 856 collatione
1137 799 1212 869 regia
1224 798 1388 856 Joachimus

148 877 235 934 frater
253 879 377 936 eiusdem
395 883 484 938 tenuit
501 887 529 938 et
546 883 679 956 possedit,
697 885 853 956 specialiter
870 884 990 954 Horolo,
1009 884 1130 953 Michad‚
1149 885 1268 955 Hotron,
1281 887 1388 959 Sepsoe

148 973 180 1020 et
202 967 330 1024 Borsoud
349 976 469 1038 somma,
488 970 578 1027 eidem
596 971 739 1044 Stephano
764 973 838 1028 bano
864 973 991 1028 restituit
1016 973 1183 1030 Promittens
1207 976 1233 1030 ci
1257 975 1309 1030 sub
1333 975 1388 1031 fide

149 1071 203 1110 sua
219 1056 297 1126 regia
314 1073 407 1113 coram
425 1057 537 1114 domina
555 1058 698 1116 Elisabeth
722 1076 815 1116 sorore
834 1075 893 1130 sua,
912 1077 945 1116 ac
963 1059 1016 1116 sub
1034 1061 1089 1116 fide
1111 1061 1311 1134 archiepiscopi
1335 1062 1389 1119 Oo-

148 1142 280 1212 loceusis‚
298 1145 493 1216 episcoporum
511 1161 544 1201 ac
562 1145 698 1202 banorum
714 1147 842 1218 specifice
865 1147 1077 1216 nominatorum,
1097 1147 1172 1220 quod
1190 1148 1262 1204 hanc
1280 1148 1388 1206 ordina·

148 1230 255 1286 tionem
272 1247 329 1287 non
346 1232 513 1302 retractabit,
531 1233 586 1288 nisi
603 1233 775 1290 damnabiles
793 1251 925 1292 excessus
943 1236 1119 1305 commiserit,
1140 1253 1191 1308 pro
1215 1235 1316 1308 quibus
1342 1237 1389 1291 ba-

148 1333 233 1374 rouen
251 1323 279 1374 st
295 1318 403 1377 nobiles
421 1320 574 1378 honoribus
592 1322 704 1394 spoliari
722 1321 843 1378 debeant
860 1328 888 1379 st
906 1324 1014 1395 privari.

202 1407 295 1476 Μαι
314 1409 378 1464 oen.
395 1409 466 1479 repr.
487 1411 515 1464 r.
539 1408 569 1464 ν.
587 1409 639 1466 eoi.
657 1410 699 1466 11.
713 1426 744 1479 p.
764 1413 827 1465 sas.
1034 1400 1036 1416 ’

203 1546 391 1606 mcoxnm.
414 1549 522 1610 Kosko.
542 1549 788 1606 1278.12.Jem's'.
811 1549 936 1606 ioannes
958 1551 1090 1622 magister
1112 1552 1313 1610 tavernicorum
1330 1553 1388 1608 An·

149 1634 234 1692 meac
251 1635 330 1692 ducis
347 1638 434 1694 totins
451 1637 600 1694 Slavoniae
618 1643 646 1694 st
663 1653 757 1694 comes
768 1637 941 1694 Zalsdiensis
953 1637 1131 1694 sommendat
1141 1639 1298 1707 memoriae,
1312 1639 1387 1711 quod

147 1724 303 1796 capitulum
330 1725 462 1782 ecclesiae
485 1725 701 1797 vesprimiensis
723 1741 773 1797 per
797 1741 864 1782 suos
887 1725 1021 1796 speciales
1048 1731 1240 1797 procuratores
1264 1727 1389 1783 exhibuit

149 1811 325 1882 privilegium
343 1811 472 1868 Andreas
490 1813 570 1869 ducis
587 1813 672 1870 totius
690 1811 847 1880 Bistoniae,
864 1812 1023 1868 Dalmatiae
1040 1817 1125 1884 atque
1143 1813 1272 1870 Orestae
1291 1816 1318 1869 iu
1331 1831 1388 1885 quo

148 1897 224 1954 idem
253 1898 311 1954 dux
341 1898 544 1956 calamitatibus
572 1905 601 1955 et
628 1915 774 1971 pressurae
802 1900 935 1956 eeclesiae
958 1900 1182 1972 wesprimiensis
1208 1902 1388 1974 compatiens,

149 1985 266 2042 eandem
284 1987 429 2042 ecclesiam
446 1985 596 2043 reformare
614 1987 760 2042 mlubriter
778 1988 902 2060 cupiens,
920 1988 991 2043 inter
1008 1993 1118 2044 casura
1129 1987 1264 2044 libertatis
1276 2005 1387 2061 praero-

148 2075 242 2144 gativa
260 2072 427 2144 sublimarit,
445 2073 520 2146 quod
539 2075 681 2146 praefatae
699 2075 832 2131 acclesiae
851 2075 949 2146 populi
966 2075 1087 2132 universi
1105 2076 1133 2130 in
1151 2077 1285 2134 comitatu
1308 2076 1387 2132 Zala-

148 2163 238 2220 diensi
255 2164 284 2218 in
302 2163 458 2236 praesentia
482 2163 614 2219 comitum
640 2179 690 2218 seu
717 2161 863 2220 curialium
883 2162 1089 2219 Zaladiensium
1117 2180 1201 2236 super
1218 2163 1303 2220 nullis
1320 2163 1384 2220 arti·

148 2252 218 2307 culis
242 2249 352 2306 adstare
376 2249 478 2308 amodo
500 2255 656 2320 teneantur,
671 2249 742 2306 dans
766 2249 882 2306 tirmiter
905 2251 933 2304 in
956 2249 1096 2306 mandatis
1119 2256 1152 2306 ut
1175 2251 1273 2322 populi
1297 2249 1387 2306 dictae

148 2338 282 2396 ecclesiae
293 2337 451 2394 nullatenus
469 2337 657 2406 molestentur,
670 2353 721 2394 nec
733 2354 783 2410 per
794 2339 909 2396 comites
921 2354 972 2395 nec
981 2338 1090 2410 judices
1102 2343 1152 2394 aut
1163 2338 1234 2395 alios
1246 2337 1386 2396 officiales.

199 2426 294 2495 Fsier:
315 2426 381 2482 God.
398 2425 468 2496 dipl
493 2425 523 2482 V.
540 2426 593 2482 ool.
612 2428 651 2482 ΙΙ.
668 2441 697 2496 p.
717 2429 780 2483 472.

200 2565 388 2623 nucxmv.
406 2569 484 2622 1278.
503 2569 547 2623 24.
565 2567 657 2623 Junci.
679 2566 840 2638 Capitulum
853 2566 1031 2623 Charmensis
1049 2569 1182 2624 ecclesiae
1199 2572 1296 2625 notum
1313 2567 1387 2639 iacit,

148 2655 223 2726 quod
241 2655 317 2710 Iwau
335 2655 409 2710 tilius
434 2655 558 2726 Berialay
585 2654 729 2710 consessus
757 2655 808 2710 sit:
834 2656 969 2724 magistro
996 2653 1096 2724 Blasio,
1125 2656 1253 2712 servienti
1278 2657 1386 2712 comitis

148 2742 235 2814 Elyae
253 2741 373 2799 Saxonis
390 2743 451 2800 rice
468 2749 497 2799 et
513 2743 625 2799 nomine
643 2741 767 2798 eiusdem
780 2741 885 2798 domini
898 2743 949 2808 sui,
960 2741 1118 2798 vendidisse
1131 2743 1286 2814 portionem
1297 2748 1385 2799 terrae

149 2845 216 2885 suae
242 2830 376 2886 Polichna
402 2847 437 2886 ox
463 2831 644 2902 permissione
668 2835 696 2886 et
719 2829 893 2902 beneplacito
918 2829 1031 2886 Martini
1054 2834 1082 2885 et
1105 2829 1243 2886 Dominici
1269 2829 1385 2886 fratrum

146 2933 268 2985 suorum,
295 2934 346 2990 pro
370 2935 427 2974 una
450 2933 552 2974 marca.
577 2919 671 2974 Motae
694 2923 783 2974 tarrae
807 2922 873 2973 sunt
899 2917 999 2973 durius
1024 2917 1166 2985 Blanicha,
1190 2917 1219 2972 in
1244 2915 1386 2974 occidente

146 3021 247 3076 magna
265 3006 317 3074 via,
341 3005 442 3061 durius
469 3003 657 3074 Chamarelsa,
681 3005 797 3060 inferius
820 3011 894 3060 terra
921 2997 1046 3076 magistri
1064 3005 1156 3076 Moys
1183 3003 1283 3060 deinde
1310 3005 1385 3058 riom

147 3092 307 3162 Dobosech
325 3092 427 3149 durius
443 3092 603 3162 szarowa,
622 3099 695 3149 terra
712 3091 833 3148 filiorum
845 3091 974 3148 Gverden
999 3097 1027 3147 et
1049 3091 1142 3147 variae
1165 3095 1256 3148 metae
1280 3095 1386 3147 terrem

147 3185 173 3236 et
190 3179 371 3325 {Etim-ivo
390 3269 523 3326 camuli
541 3269 672 3326 Budenss'.
693 3268 757 3326 cod.
777 3268 847 3338 dipl.
866 3267 974 3338 Arpod.
993 3267 1063 3322 XII.
1078 3283 1108 3336 p·
1129 3270 1189 3323 23⁷·

195 3395 365 3465 iscova.
382 3413 464 3466 1278.
483 3413 506 3467 1.
523 3409 652 3480 Aupusti.
677 3407 839 3480 Capitulum
862 3407 927 3464 eccl.
953 3407 1132 3464 Ohasmensis
1154 3407 1287 3476 notificat,
1308 3407 1384 3478 quod

144 3497 282 3568 Urbanus,
300 3496 468 3553 benedictus
486 3495 624 3566 sacerdos,
642 3501 671 3554 et
689 3495 755 3568 Isep
774 3496 824 3552 filii
841 3495 968 3568 Bogdsni
994 3502 1095 3552 terram
1120 3513 1216 3552 eorum
1239 3497 1268 3551 in
1292 3496 1386 3554 Pribe·

146 3585 245 3642 nesech
272 3585 433 3656 contiguam
459 3591 548 3642 tarrae
569 3585 678 3642 comitis
702 3585 773 3654 lton,
797 3585 863 3640 item
887 3589 995 3640 sextam
1020 3589 1127 3655 partam
1151 3584 1237 3640 silvae
1261 3599 1386 3654 aquosas

30 3665 36 3680 '
145 3673 263 3730 comessi
280 3679 347 3730 sunt
364 3691 394 3731 se
412 3673 571 3730 vendidisse
587 3673 681 3732 comiti
699 3672 764 3728 Ruh
783 3689 833 3744 pro
851 3688 882 3728 se
900 3677 928 3728 et
945 3671 1097 3743 Stephano,
1115 3669 1224 3728 Jaoobo
1252 3675 1281 3727 et
1297 3671 1384 3728 Bene·

147 3759 219 3818 dicto
236 3761 367 3819 iratribus
385 3763 443 3820 suis
462 3777 513 3836 pro
531 3778 581 3818 sex
599 3763 706 3818 marcis.
722 3761 816 3844 Cujus
834 3765 925 3818 metae
943 3759 1055 3816 suerum
1072 3758 1144 3816 inter
1161 3763 1284 3815 caeteras
1302 3759 1382 3816 arbo-

146 3865 206 3905 reas
217 3855 291 3906 terra
308 3849 432 3907 Thomas
449 3851 498 3906 filii
517 3850 599 3920 Erae,
610 3849 710 3906 flamus
722 3849 914 3916 Pribenesech,
928 3848 1030 3904 fluvius
1048 3847 1187 3919 Koledyn,
1200 3851 1272 3903 terra
1284 3847 1384 3904 Poulm

147 3935 196 3992 filii
214 3937 338 4007 bethlon,
357 3954 429 3994 unas
448 3937 568 3994 Ohereds
586 3953 621 3995 ex
638 3943 710 3994 terra
728 3938 814 3994 Blasii
833 3937 881 3993 filii
899 3937 1031 3994 Demetri.

200 4024 264 4082 God.
284 4025 343 4095 dip.
359 4027 473 4095 patrius
495 4025 558 4082 VII.
573 4042 604 4096 p.
622 4029 681 4082 168.
694 4027 739 4081 Ec
750 4029 822 4083 odis
834 4026 963 4082 comitum
975 4023 1089 4094 Μὰρ]
1106 4025 1256 4094 odacrum
1274 4023 1384 4079 oblatu.

196 4165 384 4224 MOOXLVI.
402 4165 507 4224 italiis.
531 4169 610 4224 1278.
631 4170 673 4223 23.
692 4167 865 4237 septenbris.
889 4165 1008 4222 Carolus
1026 4165 1048 4222 1.
1067 4181 1117 4221 rex
1135 4163 1254 4234 Siciliae,
1271 4162 1384 4220 iustici-

146 4253 203 4311 ario
221 4254 387 4327 (lapitanate
401 4254 489 4326 jubet,
515 4259 548 4310 ut
571 4254 663 4310 navim
681 4270 765 4326 quam
791 4255 820 4309 in
837 4259 920 4326 portu
939 4251 1151 4310 Maniredoniac
1169 4251 1282 4320 defluet,
1299 4250 1385 4306 libere

147 4343 287 4414 permittat
303 4341 444 4399 discedere
461 4342 634 4413 Tragrnium.

197 4433 299 4489 Rodii:
319 4429 408 4486 arete
433 4427 493 4486 VII.
509 4445 540 4500 p.
559 4433 600 4486 13.
618 4433 664 4486 Ero
681 4431 792 4501 repertis
812 4429 909 4486 Caroli
928 4431 1097 4486 1.α.1278.
1118 4427 1149 4483 0.
1162 4427 1217 4497 soi.
1236 4429 1261 4482 2.

196 4547 399 4630 uooxnvnss
416 4572 522 4630 asmo.
542 4575 619 4627 1278.
639 4575 682 4626 26.
692 4571 865 4641 spumeas
882 4569 1000 4626 cuorus
1012 4569 1035 4623 1.
1048 4585 1099 4624 rex
1116 4567 1227 4625 sienae
1244 4561 1384 4634 maguus

147 4661 370 4734 procuratoribus
387 4659 508 4733 Apuliae
525 4658 648 4728 mandst,
666 4665 698 4715 ut
715 4658 813 4731 Sergio
837 4659 912 4731 picto
937 4657 1098 4730 permittant
1121 4655 1255 4711 ducentas
1281 4651 1385 4708 ammas

146 4749 228 4818 ordei,
247 4754 276 4806 et
291 4753 401 4807 centum
418 4748 523 4806 ammas
540 4746 670 4804 frumenti
682 4747 711 4802 in
723 4745 833 4804 duobus
850 4745 962 4804 vasallis
986 4743 1096 4803 onerari
1113 4748 1141 4800 et
1157 4740 1293 4813 assignari
1306 4737 1384 4795 Guil-
