3376 5350
332 421 396 490 376
835 417 1078 491 aauxouaavrc,

386 613 573 670 ntcoxosst.
609 611 764 684 Strlponii.
794 615 868 666 1280.
898 617 938 665 17.
974 589 1107 664 Octobris.
1135 612 1331 678 Lodomerius,
1359 611 1594 684 archiepiscopus

333 701 538 771 Strigoniensis‚
565 701 716 771 Dyonisins
740 699 901 766 larinensis,
927 700 1026 754 Petrus
1049 699 1253 764 Trarrsilvanus,
1281 699 1403 754 Thomas
1428 699 1593 765 Vaeiensis,

332 790 463 860 episcopi,
483 790 646 844 confirmant
670 789 705 843 ad
732 789 892 858 petitionem
914 787 1080 850 thimothei,
1106 788 1228 857 episcopi
1254 782 1379 856 hamah..
1405 786 1592 841 donationem

332 877 479 930 comitatus
508 876 542 930 de
569 876 747 930 Gnerseuche
774 877 876 930 iactam
906 893 953 946 per
978 874 1138 928 Ladislaum
1165 873 1215 930 IV.
1245 891 1337 943 regem
1369 875 1591 929 ecclcsiae'Za-

331 963 476 1032 grahiensi.

387 1050 513 1104 Titulc'ic':
531 1052 611 1104 Mon.
631 1051 709 1106 Hiar.
728 1052 751 1106 I.
768 1069 797 1120 p.
815 1054 875 1106 202.

384 1191 571 1247 Mcoxutv.
590 1192 648 1246 Sada
668 1199 758 1246 costae
778 1194 871 1250 Ozaii.
891 1196 966 1246 1280,
985 1195 1027 1246 30,
1050 1191 1181 1246 Octobres.
1203 1190 1363 1261 Capitulum
1383 1190 1517 1243 ecclesiae
1533 1191 1591 1243 Za-

331 1280 483 1349 grabiensts
502 1281 647 1348 significat,
665 1280 740 1350 qnod
754 1282 824 1334 inter
837 1281 983 1334 Nicolaum
998 1282 1099 1334 hannm
1119 1287 1146 1332 et
1165 1295 1230 1330 snos
1243 1285 1376 1346 cognatos
1389 1295 1422 1330 ex
1435 1295 1491 1330 rina
1505 1285 1591 1348 parte

332 1375 359 1420 et
378 1366 550 1438 Stephanum
569 1374 597 1420 et
615 1367 712 1421 iratres
736 1369 794 1422 eins
821 1369 892 1420 tilios
917 1368 1042 1435 Rabonig
1064 1383 1116 1420 nec
1140 1383 1195 1420 uon
1219 1365 1355 1419 Joannem
1380 1371 1407 1418 ct
1431 1365 1590 1436 Doymum,

332 1456 445 1508 comites
471 1455 506 1508 de
524 1454 615 1524 Vegla
634 1461 662 1508 et
681 1455 715 1508 de
735 1455 882 1509 Modrussa
900 1457 935 1510 ab
954 1454 1040 1508 altera
1065 1461 1141 1524 parte
1164 1469 1218 1523 pax
1237 1459 1265 1506 et
1284 1453 1431 1508 concordia
1449 1454 1518 1506 inita
1539 1457 1589 1507 sit.

387 1543 461 1612 (trip.
482 1543 518 1596 In
537 1543 648 1595 onelaieo
667 1558 732 1594 cotta
752 1543 937 1612 Fraapepunt'
955 1543 986 1594 ia
1006 1541 1117 1594 castello
1137 1541 1275 1608 Perpettu
1297 1542 1334 1594 N.
1355 1543 1377 1595 7.

384 1683 554 1738 MOOXCV.
574 1685 609 1737 In
632 1690 722 1736 castro
741 1683 951 1754 StriponIonsi.
972 1686 1048 1736 1280.
1062 1685 1085 1736 5.
1100 1683 1170 1736 Noc.
1185 1682 1340 1752 Phiiippus,
1353 1683 1501 1752 episcopus
1522 1681 1546 1734 1³
1548 1684 1589 1734 ir-

332 1787 430 1824 manus
449 1777 476 1824 et
495 1788 538 1842 ap.
558 1773 632 1825 sedis
650 1773 767 1842 legatus,
787 1769 932 1826 confirmat
949 1771 985 1824 ad
1004 1772 1165 1840 petitionem
1180 1771 1262 1839 episc.
1276 1769 1391 1839 Zagrab.
1404 1768 1586 1822 Thlmotbaei

331 1859 507 1913 donationem
528 1862 609 1914 castri
630 1859 664 1913 de
683 1860 768 1929 Garig
787 1859 889 1913 iactam
903 1858 1035 1912 ecciesiae
1048 1858 1163 1928 Zagrab.
1178 1873 1226 1928 per
1239 1856 1398 1910 ladislaum
1413 1855 1462 1910 IV.
1476 1873 1586 1926 regem.

385 1946 511 2000 Titulcia:
529 1947 609 2002 Mon.
629 1947 705 2002 Hiat.
729 1947 757 2002 Τ.
776 1947 801 2000 Ι.
816 1963 845 2014 p.
867 1949 925 1998 202.

383 2085 567 2141 ttcoxcvt.
587 2087 741 2142 Chamae-
763 2088 837 2140 1280.
857 2089 881 2140 a.
903 2086 971 2139 Noa
990 2084 1114 2140 Jacobns
1133 2085 1307 2154 praepositus
1327 2079 1512 2150 Chasmensis,
1534 2083 1585 2136 de-

330 2179 469 2228 cretorum
488 2173 584 2227 doctor
602 2179 629 2228 et
649 2174 675 2227 d.
694 2189 782 2244 papae
801 2174 968 2244 capellanus,
988 2173 1070 2227 rescat
1089 2172 1218 2242 Phiiippo
1246 2173 1377 2241 episeopo
1399 2171 1530 2224 Firmano
1554 2181 1586 2226 et

330 2259 421 2328 iegato
440 2260 601 2330 apostolico,
621 2261 695 2329 quod
720 2278 786 2329 erga
809 2262 1036 2329 conquestionem
1060 2261 1181 2329 episcopi
1204 2259 1283 2328 Zagr.
1309 2265 1336 2312 et
1358 2257 1394 2311 ad
1416 2257 1584 2314 mandatum

328 2347 450 2401 eiusdem
470 2347 553 2415 legati
581 2347 686 2402 villicos
705 2348 739 2402 de
758 2348 902 2402 Vercuchc
921 2355 949 2402 et
968 2347 1002 2401 de
1021 2347 1108 2417 Lipoa
1133 2353 1160 2400 et
1185 2363 1249 2400 cum
1273 2348 1312 2399 eis
1337 2347 1432 2414 viginti
1457 2355 1584 2416 quatuor

329 2436 474 2504 utriusque
493 2436 573 2489 villae
592 2438 717 2496 maiores,
738 2437 859 2490 seniores
878 2443 905 2489 et
923 2437 1034 2502 intratos,
1048 2436 1196 2488 autoritate
1215 2435 1274 2488 eius
1293 2434 1388 2501 tultus,
1408 2433 1585 2488 sollemniter

328 2524 465 2576 sententia
492 2525 786 2578 excommunicationis
813 2523 993 2590 inundaverit,
1021 2531 1048 2577 et
1076 2529 1162 2577 totam
1190 2529 1292 2576 terram
1322 2523 1433 2591 reginae
1461 2523 1583 2576 senioris

328 2609 513 2664 ecclesiastico
533 2612 679 2665 sultiecerit
697 2611 852 2666 interdicto.

384 2699 407 2751 Τ
408 2697 512 2750 kalc'lc‘:
531 2699 609 2752 Mart.
630 2699 708 2753 Hisi.
731 2699 760 2751 Τ.
779 2700 802 2752 Ι.
819 2715 849 2766 p.
866 2701 926 2752 203.

380 2855 580 2912 ttcoxevu.
601 2859 637 2910 Ia
657 2857 846 2914 Slankamen.
867 2861 942 2911 12⁸0.
963 2861 1003 2912 11.
1025 2857 1189 2910 hiaaetnbris.
1204 2856 1350 2911 Ladislans
1363 2857 1414 2911 tv.
1428 2874 1477 2911 rex
1492 2860 1580 2926 sigui-

327 2946 398 3010 ficat,
421 2945 496 3014 quod
525 2963 588 2999 cunr
614 2944 793 3000 Sallustianus
819 2945 890 2998 iilius
915 2945 1030 3011 hiberti,
1056 2945 1091 2998 nd
1116 2944 1220 2998 nullam
1240 2945 1445 3015 expeditionem
1466 2952 1493 2999 et
1512 2963 1579 3000 con-

326 3034 517 3101 gregationem
536 3035 612 3102 regni
635 3040 690 3086 tarn
710 3033 865 3102 generalem
885 3049 968 3102 cluam
987 3033 1122 3102 privatam
1147 3034 1240 3086 venire
1265 3035 1464 3087 contumaciter
1482 3035 1578 3104 rra-gle-

297 3185 301 3196 ι
328 3121 407 3186 norit,
426 3121 482 3174 imo
501 3121 659 3174 infidelibus
684 3120 858 3174 adhaerendo
880 3127 974 3174 eontra
992 3137 1084 3188 regern
1104 3121 1274 3189 processerit,
1293 3120 1394 3173 damna
1412 3137 1495 3190 qnam
1514 3122 1579 3191 pln-

330 3207 399 3260 rima
418 3207 570 3273 inferendo
589 3214 689 3262 terram
709 3209 769 3260 eius
787 3207 878 3274 lbran,
898 3209 990 3260 conniti
1011 3207 1147 3276 Sepltrido
1167 3209 1222 3261 tilio
1236 3208 1358 3262 Marcelli
1379 3225 1428 3278 pro
1446 3209 1577 3264 fidelibus

330 3295 455 3359 servitiis,
475 3295 630 3364 specialiter
649 3311 698 3364 pro
718 3296 850 3348 etl'nsione
869 3296 1010 3364 sanguinis
1023 3302 1051 3348 et
1062 3302 1150 3348 morte
1163 3296 1280 3350 lvancae
1300 3297 1390 3350 fratris
1409 3299 1460 3362 sui,
1479 3299 1525 3368 qui
1548 3301 1576 3352 in

327 3379 504 3451 expeditione
523 3387 619 3435 contra
637 3398 730 3450 regem
751 3383 915 3436 licernorum
936 3382 1093 3436 dimicando
1111 3384 1201 3438 extitit
1216 3386 1406 3454 interemptus,
1427 3385 1577 3440 contulerit

325 3468 529 3538 possidendam.

378 3556 480 3622 Fejer:
503 3555 567 3608 (lod.
587 3555 654 3624 dipl.
678 3557 707 3611 Τ.
730 3557 760 3611 V.
779 3557 829 3610 col.
850 3558 909 3611 ΙΙΙ.
926 3575 954 3625 p.
974 3561 1016 3612 32.

361 3713 578 3769 MCOXGVffl,
596 3713 737 3771 venetiis,
757 3718 833 3768 mat).
854 3719 894 3766 ti.
915 3716 1082 3768 Novembris.
1102 3716 1191 3785 Capta
1210 3715 1263 3770 fuit
1282 3734 1345 3787 pars
1357 3719 1385 3772 in
1399 3720 1495 3774 maiori
1509 3737 1574 3776 con-

324 3801 393 3866 sitio,
413 3801 488 3870 quod
508 3803 647 3856 nobilibus
666 3803 730 3856 viris
749 3802 865 3856 Nicolao
884 3801 1005 3857 Storlato
1025 3811 1051 3856 et
1071 3803 1190 3870 Rogerio
1209 3804 1378 3860 hisuroceno
1396 3807 1575 3864 confirmetur

324 3895 400 3942 carta
419 3890 604 3944 concessionis
623 3889 711 3944 factae
730 3891 815 3944 nobili
835 3891 893 3943 viro
916 3891 1035 3944 tividoni
1063 3891 1096 3944 de
1121 3891 1218 3944 (lanati
1246 3901 1273 3946 et
1298 3893 1380 3947 Petro
1400 3893 1521 3948 Storlato
1545 3905 1575 3950 et

324 3976 409 4030 Leoni
430 3975 535 4030 Sannio
555 3985 582 4030 et
599 3977 720 4032 Johauni
735 3978 866 4031 Barvecio
880 3983 907 4030 et
920 3977 1028 4031 hiarino
1042 3977 1172 4031 Dandnio
1186 3995 1234 4048 per
1247 3980 1429 4034 venerabilem
1442 3982 1571 4038 abbatem

324 4063 358 4116 de
377 4062 501 4131 Sanscgo
521 4063 632 4130 (Saluis)
660 4081 709 4133 pro
731 4065 828 4117 insulis
854 4081 902 4134 per
926 4066 1016 4135 ipsum
1040 4065 1167 4119 abbatem
1191 4069 1328 4120 concessis
1351 4067 1498 4137 praedictis
1523 4087 1573 4124 uo-

324 4151 434 4204 bilibus.

375 4237 491 4304 thttttc:
510 4239 589 4291 Μοη.
611 4239 635 4292 Ι.
652 4255 680 4306 p.
702 4243 759 4292 128.

373 4379 559 4433 MCCXCIX.
578 4385 653 4434 aaut
674 4382 696 4434 i'.
716 4381 878 4434 Decetnlnt'a.
899 4381 1059 4450 Capitulum
1080 4382 1255 4434 tilrasmensis
1274 4381 1405 4436 ccclesiae
1418 4383 1565 4452 significat,

323 4467 397 4536 quod
418 4467 537 4536 Georgio
556 4468 614 4520 tilio
641 4468 742 4522 Ziobsa
764 4475 819 4521 tam
840 4484 889 4537 pro
909 4486 938 4521 se
958 4485 1039 4537 spiram
1060 4486 1109 4538 pro
1128 4469 1242 4522 Nicoiao
1268 4469 1350 4523 fratre
1375 4487 1425 4524 suo
1450 4487 1467 4524 a
1491 4479 1569 4541 parte

322 4570 385 4620 una,
403 4555 438 4607 ab
456 4555 542 4608 altem
560 4561 653 4608 autem
672 4555 802 4608 Ladislao
822 4555 877 4608 tilio
898 4555 990 4609 Pousa
1009 4559 1108 4610 comite
1129 4557 1162 4610 de
1187 4556 1284 4623 Ruicb,
1304 4559 1438 4611 serviente
1457 4558 1565 4614 Nicolni

322 4641 386 4694 bani
410 4641 457 4694 ttlti
477 4641 592 4696 hienrici
619 4643 681 4696 trani
701 4643 759 4695 vice
779 4647 805 4696 et
824 4645 932 4696 nornine
951 4643 1074 4696 eiusdem
1101 4645 1202 4698 domini
1227 4645 1278 4708 sni,
1303 4645 1481 4714 personaliter
1506 4663 1569 4700 con-

322 4729 433 4797 stitutis,
456 4729 530 4783 idem
559 4729 698 4798 Georgius
721 4731 913 4784 concambium
937 4748 1020 4802 snper
1044 4733 1121 4786 terris
1147 4749 1209 4785 cum
1235 4732 1331 4786 eodem
1356 4733 1473 4788 Nicolao
1496 4735 1569 4790 bano
