3376 5350
682 447 828 492 aessens.
1314 439 1379 506 409

133 629 231 684 Polani
251 629 330 684 miles
349 628 514 684 siricarius
538 630 565 683 in
585 629 682 683 Bracia
706 628 822 700 praelati
847 630 993 700 potestatis
1017 627 1131 684 Roherti
1156 645 1211 684 una
1236 647 1298 684 cum
1324 631 1381 685 suis

132 716 272 772 iudicibus
290 723 318 772 ct
335 716 474 772 nobilibus
492 716 636 784 Cherusio,
658 715 811 787 Obelgauo,
830 717 956 772 Dobreza
980 721 1008 771 et
1032 717 1170 788 Ceprigna
1189 715 1309 772 Prodani
1333 719 1381 774 ad·

133 802 266 858 iudicavit
285 802 385 856 dictam
405 807 506 857 terram
525 819 585 857 csse
604 802 698 858 Mixae
711 801 866 868 Petranich‚
879 805 906 857 in
919 805 1075 873 praesentia
1088 805 1210 858 hluthaei
1228 805 1247 860 J
1250 805 1379 875 urjevich,

133 889 272 960 Olimpsse
296 889 456 945 Dohranich
482 891 545 944 nob.
566 891 600 944 de
619 889 716 944 Bracia
735 897 762 946 et
781 889 861 944 Pauli
876 889 970 946 Osoris
989 891 1090 946 nobilis
1108 892 1143 948 dc
1162 892 1261 948 Phara.
1281 892 1379 948 Craso·

133 978 195 1030 vius
213 977 288 1032 filius
306 977 381 1032 Petri
400 977 434 1033 de
454 977 568 1048 Spalato
586 979 676 1034 scn'ba
694 995 762 1032 com.
782 977 896 1033 Braciae
914 979 1032 1049 scripsit.

188 1065 334 1120 Cicarelli:
357 1063 548 1119 Osseraasioni
566 1065 622 1119 auli
642 1065 713 1120 isola
731 1065 804 1119 della
824 1067 942 1130 Bracae,
961 1083 988 1138 p.
1007 1069 1066 1120 112.

187 1203 354 1260 MODXVI.
373 1205 488 1262 sirmii.
507 1208 583 1260 1288.
601 1209 627 1262 2.
646 1205 738 1262 durtii.
758 1205 804 1260 Ad
820 1206 981 1262 mandatum
994 1208 1012 1262 J
1015 1208 1130 1264 ohannis
1149 1209 1183 1264 de
1202 1209 1379 1266 Guidonihus

136 1291 170 1345 de
189 1292 305 1362 Mutina,
325 1295 471 1372 potestatis
498 1294 615 1350 civitatis
638 1293 733 1360 Firmi,
751 1293 881 1364 leguntur
905 1311 997 1350 coram
1017 1299 1318 1366 congregato-consilio
1336 1299 1380 1354 lit-

136 1383 209 1433 terae
236 1379 344 1435 Nicolsi
373 1379 490 1448 Quirini,
518 1382 626 1436 comitis
653 1381 768 1451 Ragusii
797 1389 825 1435 et
848 1383 934 1438 totius
959 1385 1165 1438 communitatis
1192 1385 1325 1452 eiusdem,
1351 1387 1378 1440 in

135 1467 235 1536 quihus
254 1485 303 1539 per
320 1483 387 1522 suos
405 1470 518 1523 nuntios
536 1473 634 1539 petunt
652 1477 684 1524 ut
701 1470 832 1539 antiquus
850 1485 929 1524 arnor
945 1477 975 1548 et
992 1472 1114 1526 amicitia
1139 1473 1210 1528 inter
1227 1473 1324 1528 ambas
1343 1474 1379 1528 ci·

135 1553 234 1609 vitates
253 1562 436 1622 conservetur,
455 1573 539 1626 quam
557 1557 717 1626 petitionem
736 1573 801 1626 erga
822 1556 1038 1627 postulationem
1051 1559 1175 1629 ipsorum
1194 1559 1379 1616 Firmensium

136 1639 219 1695 iidem
237 1642 354 1698 libenter
371 1644 575 1699 confirmammt.
594 1643 692 1698 Victor
710 1644 862 1699 Bonacnrsi
881 1645 1004 1700 notarius
1023 1647 1140 1716 scripsit.

187 1728 304 1796 Lp‘ahic':
322 1731 508 1784 Monumcata
527 1731 551 1785 1.
566 1747 596 1799 p.
616 1733 674 1786 157.

191 1869 371 1926 mervfl:
389 1872 500 1928 Budas.
520 1874 595 1926 1288.
614 1878 639 1926 8.
659 1872 741 1926 Julii.
761 1871 908 1928 ladislaus
927 1873 978 1928 lv.
997 1890 1045 1928 rex
1064 1873 1210 1944 significat,
1229 1875 1304 1945 quod
1330 1875 1379 1930 Ni·

138 1955 233 2012 colaus
252 1955 353 2025 banus,
368 1959 441 2013 filius
460 1959 594 2030 Stephani
613 1960 685 2027 bani,
708 1976 758 2030 pro
783 1977 813 2014 ae
837 1968 865 2015 et
888 1977 939 2031 pro
957 1963 1089 2032 magistro
1108 1961 1196 2015 Paulo
1216 1961 1298 2017 fratre
1321 1981 1386 2030 suo,

137 2044 271 2114 palatium
291 2061 386 2100 eorum
406 2045 560 2102 desolatum
579 2047 654 2118 quod
672 2047 775 2103 hahent
793 2049 821 2102 in
840 2053 930 2102 castro
949 2050 1012 2104 novi
1031 2050 1133 2102 montis
1151 2049 1250 2118 Grech‚
1270 2051 1380 2121 quodve

135 2130 293 2202 Stephanus
311 2133 401 2188 banus
419 2135 502 2190 frater
525 2135 649 2206 ipsorum
673 2135 766 2190 comiti
793 2135 886 2190 Gilion
911 2136 1072 2202 contulerat,
1098 2136 1187 2190 eidem
1210 2137 1379 2208 reliquerunt

135 2227 268 2290 perpetuo
287 2222 495 2291 possidendum,
516 2239 597 2293 quam
617 2223 793 2278 collationem
811 2241 859 2278 rex
877 2229 965 2278 ratam
982 2224 1073 2278 habet.

187 2307 318 2363 Thaidic':
337 2310 416 2362 alon.
434 2309 506 2363 civit.
525 2310 609 2380 Zupr.
631 2311 660 2364 Τ.
681 2311 705 2364 Ι.
724 2327 750 2381 p.
769 2314 812 2386 61.

188 2449 383 2505 MODXVlIl.
402 2451 538 2508 viterbii
560 2454 636 2506 1288.
655 2455 679 2505 1.
700 2452 830 2522 depasti.
857 2451 990 2506 Nicolaus
1008 2451 1060 2507 1v.
1079 2469 1153 2522 papa
1170 2451 1285 2507 mandat
1302 2452 1378 2506 fratri

135 2535 265 2592 Michaeli
285 2538 319 2592 dc
337 2537 446 2607 ludera,
465 2539 591 2594 ministro
616 2537 673 2592 ord.
699 2539 814 2593 fratrum
839 2539 978 2593 Minonrm
1003 2541 1030 2594 in
1056 2538 1187 2594 Slavonia
1204 2545 1236 2594 ut
1253 2540 1378 2596 Judseos

136 2624 163 2678 iu
182 2626 261 2680 terris
280 2631 307 2679 et
325 2624 404 2680 locis·
420 2627 448 2680 in
472 2627 572 2696 quihus
596 2625 729 2694 habitant,
755 2627 919 2696 generaliter
943 2635 970 2682 et
994 2627 1169 2697 singulariter
1193 2629 1379 2695 convocando,

58 2770 63 2778 ¹
134 2712 219 2766 semel
237 2717 264 2766 et
283 2713 395 2782 pluries,
414 2720 441 2768 et
457 2714 560 2768 totiens
577 2714 700 2783 repetitis
713 2714 859 2778 instantiis,
873 2715 981 2783 quoties
995 2715 1127 2784 proficere
1141 2716 1285 2784 putaverit,
1300 2731 1376 2784 prae·

137 2798 330 2868 dicationibus,
344 2800 457 2855 monitis
475 2807 503 2855 et
522 2800 648 2854 discretis
661 2801 875 2868 inductionibus,
889 2801 1054 2872 evangelicis
1067 2801 1199 2856 doctrinis
1218 2799 1378 2867 informans,

132 2887 208 2956 ipsos
227 2887 338 2942 studeat
355 2886 390 2941 ad
410 2889 483 2942 viam
501 2887 631 2942 reducere
645 2887 785 2955 claritatis,
805 2893 836 2942 ut
854 2889 942 2942 renati
954 2889 1031 2943 fonte
1043 2889 1218 2958 bsptismatis
1237 2887 1377 2942 reluceant

131 2973 159 3028 in
178 2974 283 3030 lumine
301 2975 394 3030 vulttrs
413 2975 522 3030 Christi.

149 3117 153 3126 ,
190 3061 365 3116 Fahicaiclr:
384 3062 481 3118 Storiu
500 3061 544 3117 dei
562 3064 632 3130 frati
650 3064 761 3120 nsinori.
780 3064 805 3117 Ι.
820 3079 850 3131 p.
870 3067 928 3118 417.

192 3203 357 3260 MODXIX.
376 3205 518 3262 Venetiis.
538 3202 613 3261 1288.
638 3210 663 3260 9.
686 3206 817 3276 Aepusti.
841 3205 912 3259 Cum
936 3219 1082 3260 commune
1105 3205 1218 3270 (laetari,
1240 3203 1377 3259 communi

137 3291 251 3362 Ragusii
272 3292 395 3348 debitum
415 3310 497 3348 suum
515 3310 565 3364 pro
584 3298 698 3365 accepto
717 3292 774 3348 sale
792 3309 841 3362 per
859 3293 952 3363 plures
970 3309 1056 3346 annos
1080 3310 1134 3348 non
1159 3292 1279 3358 solverit,
1298 3298 1378 3362 capta
1479 3295 1484 3302 “

87 3381 90 3386 ’
136 3379 190 3434 luit
208 3396 271 3450 pars
291 3381 318 3434 in
336 3381 432 3434 maiori
452 3382 575 3449 consilio,
594 3381 669 3452 quod
688 3381 781 3435 nullus
804 3380 888 3434 homo
914 3380 948 3434 de
966 3380 1099 3446 Venetiis,
1124 3397 1175 3434 nec
1199 3381 1228 3434 in
1251 3379 1378 3434 Venetiis

133 3467 232 3521 necin
253 3465 377 3538 Ragusio
396 3471 485 3539 possit
503 3469 593 3523 lacere
612 3468 778 3524 credentiam
798 3467 832 3522 de
851 3467 944 3536 aliquo
967 3473 1088 3522 mercato
1111 3467 1194 3522 alicui
1219 3468 1323 3522 homini
1343 3467 1377 3522 de

133 3555 255 3624 Gattaro,
274 3571 325 3609 nec
345 3556 419 3610 ullus
437 3557 527 3627 possit
544 3557 583 3612 ire
602 3558 745 3611 Cattarum
762 3572 827 3610 cum
847 3555 903 3609 sale
922 3571 973 3608 nec
995 3541 1111 3622 mittere,
1125 3572 1188 3608 cum
1202 3571 1250 3626 per
1264 3561 1376 3624 pactum

133 3659 282 3699 commune
302 3643 420 3698 debcant
438 3645 539 3700 Veneti
551 3643 654 3699 habere
675 3645 779 3698 amicos
798 3643 1002 3714 Ragusinorum
1022 3660 1071 3713 pro
1091 3645 1187 3697 amicis
1205 3647 1233 3698 et
1251 3644 1377 3696 inimicos

131 3747 183 3802 pro
199 3732 324 3786 inimicis.

183 3819 300 3888 Lp'alrit:
318 3819 398 3874 Mon.
416 3819 441 3872 I.
460 3820 518 3872 146.

185 3976 334 4033 MGDXX.
353 3981 430 4031 1288.
448 3981 472 4031 9.
493 3978 623 4047 stuprati.
645 3977 805 4048 Capitulum
826 3977 851 4030 b.
872 3975 1018 4030 Michaelis
1031 3975 1079 4029 =de
1103 3974 1203 4029 Ferrea
1227 3981 1317 4029 castro
1342 3975 1378 4029 si·

130 4065 252 4137 gnificat,
272 4065 347 4136 quod
367 4065 501 4119 Nicolaus
519 4066 608 4120 banus
632 4065 705 4118 filius
729 4064 861 4134 Stephani
884 4064 949 4118 bani
968 4064 1003 4117 ah
1021 4079 1076 4116 una
1095 4068 1172 4132 parte
1191 4069 1218 4117 et
1235 4061 1377 4117 Johanues

130 4154 269 4226 palatinus
287 4155 323 4208 ab
340 4153 426 4208 altera
442 4153 469 4206 in
483 4153 702 4224 possessionibus
715 4151 772 4206 suis
785 4152 839 4206 talc
852 4152 1045 4206 concambium
1060 4149 1376 4216 doloremsummum,
1451 4183 1455 4192 ·

130 4258 230 4313 nempe
248 4241 321 4296 idern
340 4239 474 4296 Nicolaus
492 4241 581 4294 banus
599 4249 719 4294 castrum
739 4257 820 4294 aurun
839 4239 964 4308 Egurvar
976 4255 1039 4292 cum
1053 4237 1224 4308 pertinentiis
1242 4237 1376 4291 universis
1439 4247 1443 4254 “

130 4330 208 4384 dabit
225 4329 348 4384 iohanni
366 4329 489 4399 palatino
508 4334 641 4398 perpetuo
660 4327 866 4397 possidendum,
885 4343 900 4380 c
919 4342 1050 4380 converso
1069 4331 1161 4378 autern
1187 4324 1277 4376 dictus
1301 4323 1376 4392 pala·

129 4420 205 4474 tinus
223 4419 251 4471 in
271 4417 463 4471 concambium
483 4416 559 4470 dabit
578 4423 698 4468 castrum
714 4432 793 4468 suum
808 4413 974 4467 Poloanlcha
987 4429 1051 4466 cum
1064 4411 1191 4466 omnihus
1205 4411 1376 4480 pertinentiis

129 4508 159 4560 in
178 4506 311 4560 comitatu
331 4503 443 4574 Garygh
459 4503 600 4573 praedicto
613 4502 730 4556 Nicolao
743 4501 823 4554 hano.
838 4500 1036 4570 Obligsverunt
1049 4517 1078 4553 se
1091 4499 1173 4552 etiarn
1187 4499 1376 4568 possessiones

129 4596 157 4649 in
177 4594 339 4647 alterutrum
359 4598 500 4645 mutuatas
518 4590 610 4645 medio
624 4597 747 4661 tempore
761 4605 921 4645 conservare
940 4587 1028 4641 donec
1048 4587 1180 4640 Nicolaus
1199 4585 1287 4638 banus
1306 4584 1376 4639 duos

128 4680 245 4747 nobiles,
265 4697 350 4734 unum
369 4680 441 4733 ultra
459 4679 618 4732 Dravanum
638 4683 666 4732 et
684 4677 769 4730 alium
789 4676 823 4730 ab
842 4679 894 4730 ista
912 4683 990 4746 parte
1015 4676 1123 4728 Dravae
1141 4681 1169 4728 et
1186 4673 1375 4727 testimonium

130 4769 309 4825 Ohasmcnsis
322 4767 467 4834 ecclesiam
480 4766 498 4822 J
501 4766 623 4821 ohannes
637 4781 700 4820 vero
713 4765 852 4836 palatinus
865 4764 991 4818 similiter
1003 4763 1073 4817 duos
1085 4761 1191 4818 nobiles
1204 4777 1290 4815 unum
1303 4760 1376 4814 rdtra
