3464 5382
648 381 794 427 annuere.
1276 367 1339 428 135

99 553 142 605 est
158 549 188 603 in
207 547 306 620 Ocroy,
325 563 396 620 qnae
414 563 444 604 es
463 549 533 604 inter
550 549 638 604 metas
658 547 779 604 Floriani
798 553 826 604 et
845 547 1001 606 Salamonis
1019 555 1047 606 et
1065 523 1201 621 Gregorii,
1215 549 1281 606 inde
1294 567 1344 622 per

100 653 217 709 parvam
234 635 309 691 viam
328 633 362 690 ad
381 651 511 706 magnam
534 635 608 690 viam
631 635 727 704 crucis,
747 633 856 690 atinde
874 635 909 690 ad
927 636 1019 692 locum
1037 637 1182 708 Trebeneg
1200 635 1251 704 laz,
1270 653 1343 708 qaae

99 725 220 797 pertinet
237 721 273 778 ad
293 723 437 778 sedeciam
462 737 483 777 s.
511 721 593 789 Petri,
617 721 656 776 ibi
679 721 773 778 finitur
801 729 876 779 meta
897 721 1067 792 Salamonis3
1092 723 1157 780 inde
1184 741 1234 797 per
1251 725 1342 779 varias

97 817 189 868 metas
207 809 321 867 arbores
339 809 375 866 ad
392 811 485 866 locum
502 809 635 865 Radislov
647 808 697 878 las,
716 815 744 865 et
757 809 821 866 inde
834 810 869 866 ad
882 811 1026 883 platanum
1035 812 1123 884 javor,
1137 817 1165 867 et
1176 811 1212 866 ad
1226 813 1340 883 sylvam,

98 917 172 971 quae
190 899 310 970 pertinet
334 897 462 953 Michaeli
486 897 587 968 comiti,
611 896 676 952 inde
699 895 734 952 ad
757 897 842 968 plana
866 897 998 970 Cupislai,
1022 899 1178 971 iobsgionis
1196 899 1343 970 Gregorii,

98 987 163 1044 inde
182 987 219 1042 ad
237 986 358 1041 rivulum
373 985 467 1054 Lasts,
485 985 533 1056 qni
556 983 632 1040 cadit
654 984 683 1040 in
707 985 833 1040 Velicam
858 991 886 1040 et
904 985 979 1041 vadit
1003 985 1038 1042 sd
1058 985 1158 1058 Onpan
1176 987 1227 1054 lez,
1247 991 1275 1042 et
1292 1003 1342 1059 per

98 1080 223 1130 montem
240 1073 384 1130 revertitur
411 1071 446 1128 ad
474 1072 593 1144 priorem
620 1077 723 1128 metam
749 1071 850 1144 Oorog.
877 1073 1021 1129 Existents
1045 1073 1189 1146 Stephano
1207 1075 1338 1146 episcopo

98 1159 280 1234 zagrabiensi,
300 1159 361 1215 Fila
378 1159 545 1231 praeposito,
564 1159 647 1214 Petro
664 1164 784 1227 cantore,
802 1159 912 1215 Barano
930 1159 1040 1229 lectore,
1059 1159 1194 1232 Gregorio
1212 1160 1340 1230 custode,

98 1247 229 1305 cornelio
246 1248 353 1303 decano
371 1253 399 1302 et
415 1247 530 1304 caeteris
548 1245 686 1302 fratribus.

157 1353 276 1409 Waaset:
297 1351 362 1409 God.
381 1352 450 1422 dipl.
468 1351 577 1422 Arpcd.
600 1351 662 1408 VII.
677 1369 707 1423 p.
730 1354 789 1407 148.

152 1500 333 1557 eccam.
350 1500 437 1571 Apud
454 1516 564 1572 aquam
580 1501 768 1574 pendentem,
787 1503 826 1555 18.
845 1501 949 1557 Martii
966 1505 1045 1559 1244.
1063 1501 1220 1558 Fridericns
1239 1503 1343 1559 Rorna-

97 1606 201 1645 norum
225 1589 375 1660 imperator
398 1587 557 1644 hominibus
574 1587 702 1642 Dalmisii
727 1588 885 1658 (Almiasae)
902 1589 1025 1660 mandat,
1043 1606 1079 1644 ne
1096 1595 1243 1646 exerceant
1260 1608 1340 1664 pyra-

97 1678 183 1733 ticam
200 1677 229 1732 in
248 1676 343 1732 fideles
361 1676 515 1746 regnicolas
533 1675 594 1746 ejus
611 1676 640 1730 in
659 1675 784 1746 partibus
801 1677 929 1747 Apuliae,
949 1693 1012 1732 cum
1030 1677 1156 1733 nonnulli
1175 1679 1269 1746 exeis,
1288 1677 1341 1733 sub

97 1765 255 1821 velamento
282 1762 413 1830 fidelium,
431 1762 550 1819 vascella
577 1763 735 1834 navigantis
762 1779 826 1818 curn
852 1764 936 1819 rebus
955 1764 1015 1820 eius
1036 1763 1208 1834 offenderint,
1227 1765 1341 1820 mutatis

96 1851 256 1908 victricibus
274 1850 440 1922 aquillarum
458 1850 531 1905 illius
549 1849 682 1920 insigniis,
702 1855 733 1905 ut
750 1851 912 1922 navigantes
929 1850 1065 1924 intrepide
1082 1851 1194 1908 dolosae
1213 1853 1339 1924 ipsorum

95 1939 213 1995 insidias
241 1939 335 1994 evitari
361 1954 417 1993 non
436 1937 582 2010 potuerint
610 1937 735 2008 Injungit
754 1955 845 2009 porro,
871 1942 903 1993 ut
920 1938 991 1994 infra
1008 1937 1080 1994 duos
1098 1955 1207 1994 menses
1226 1937 1337 2008 damna,

96 2044 170 2098 qnae
187 2025 253 2096 Ilgo
271 2025 306 2081 de
324 2025 386 2080 Lila
403 2025 535 2096 magister
554 2030 717 2097 procurator
734 2025 826 2080 curiae
843 2026 872 2080 in
892 2026 995 2096 Apulia
1013 2043 1062 2098 per
1079 2026 1185 2082 litteras
1212 2025 1251 2082 eis
1276 2043 1336 2098 per·

97 2113 209 2184 scribet,
226 2113 398 2185 procuratori
416 2117 444 2168 et
461 2113 607 2182 regnicolis
625 2112 685 2168 eius
703 2113 788 2182 illata,
806 2129 870 2168 cnm
887 2113 1044 2184 integritate
1062 2114 1169 2170 restitui
1186 2113 1297 2170 faciant.

152 2226 269 2298 ldudit:
285 2227 363 2284 Mon.
382 2226 459 2283 Slao.
476 2227 572 2282 moriri.
589 2227 615 2282 1.
630 2243 660 2298 p.
681 2231 722 2282 64.

152 2383 330 2440 ccccmv.
348 2385 383 2439 A.
402 2385 481 2437 1241.
501 2387 545 2436 30.
564 2382 670 2438 Martii
688 2383 757 2439 Bela
774 2381 818 2440 IV
831 2400 880 2440 rex
898 2385 1030 2454 notificat,
1049 2384 1201 2456 quodcum
1216 2385 1340 2440 innume·

97 2473 194 2528 rabilis
214 2469 363 2527 multitudo
391 2468 504 2525 rabidae
531 2470 621 2540 gentis
647 2469 805 2527 Tartaricas
828 2488 878 2543 per
904 2472 1015 2528 eburata
1034 2474 1111 2544 regni
1129 2474 1173 2528 sni
1191 2471 1342 2540 affligendo

97 2577 197 2616 severe
219 2557 332 2632 perlusa
358 2557 464 2626 fuisset,
491 2561 519 2612 ct
544 2555 623 2611 illum
649 2574 705 2612 una
733 2575 797 2613 cum
820 2557 884 2614 fidis
907 2560 1071 2632 primatibus
1095 2559 1183 2632 ipsius
1202 2561 1280 2632 regni
1299 2560 1342 2614 sui
1456 2586 1460 2594 ·

98 2655 184 2720 atque
203 2645 344 2703 nobilibus
361 2650 440 2701 extra
463 2645 553 2716 ipsam
579 2661 659 2700 suam
677 2646 865 2702 monarchiam
882 2663 972 2718 usque
990 2647 1025 2703 ad
1044 2648 1137 2704 littora
1154 2649 1263 2704 Pontus
1282 2647 1342 2703 dire

96 2733 298 2808 persequendo,
319 2733 355 2788 ad
372 2731 509 2804 quandam
530 2733 649 2790 insulam
668 2733 834 2789 maritimam
853 2741 982 2806 potenter
994 2735 1156 2808 impulendo
1168 2739 1347 2792 coercissenta

96 2824 133 2879 de
152 2840 210 2896 qua
235 2824 263 2878 vi
293 2822 437 2878 extrahere
464 2821 617 2894 satagendo
635 2838 685 2893 per
702 2821 878 2894 naufragium
896 2823 924 2878 in
942 2839 1006 2878 eum
1033 2823 1136 2880 irruere
1162 2807 1348 2880 conarentur3

96 2911 145 2966 nbi
166 2911 194 2966 in
214 2909 343 2966 conflictu
362 2909 518 2965 certaminis
535 2909 606 2964 inter
624 2925 690 2964 suos
715 2907 754 2976 (id
773 2915 815 2964 est
832 2909 933 2980 regios)
952 2915 979 2965 et
996 2910 1073 2982 ipsos
1091 2911 1197 2966 ultores
1215 2911 1343 2967 inimicos

96 2999 204 3055 diutins
223 3002 333 3054 servato
354 3013 468 3052 suorum
486 2996 583 3052 funcra
600 2997 786 3052 corruentium
798 3014 875 3052 more
887 2997 1015 3053 Racbclis
1033 2997 1132 3068 iugiter
1148 2998 1340 3070 plangebatur,

96 3093 177 3158 pater
195 3083 309 3140 tandem
335 3082 516 3140 ineffabilium
543 3083 791 3139 misericordiarum
818 3085 880 3156 piae
898 3084 1095 3140 consolationis
1113 3085 1341 3156 exercituumque

96 3173 239 3240 dominns,
258 3171 314 3226 iam
333 3173 358 3230 ei
377 3173 565 3246 praecipitato,
584 3189 652 3228 suae
664 3169 793 3228 dexterae
805 3172 934 3228 virtutem
947 3173 1086 3244 porrigere
1098 3171 1229 3244 dignatus
1246 3177 1289 3228 est
1298 3208 1343 3230 ...

98 3261 134 3316 ad
162 3259 361 3330 refulgentium
387 3277 480 3332 regem
507 3265 535 3315 et
560 3257 804 3326 corroborandum,
831 3277 866 3314 ex
892 3257 1015 3330 undique
1042 3257 1173 3316 affluente
1196 3260 1341 3315 nationum

95 3347 269 3404 diversarum
287 3353 369 3420 gente
387 3348 446 3404 eius
459 3363 594 3420 personae
607 3345 788 3403 saluberrima
800 3363 851 3418 pro
863 3346 960 3402 tutella
972 3345 1008 3402 ad
1020 3364 1085 3404 eum
1097 3379 1130 3388 —
1142 3347 1214 3402 inter
1226 3351 1344 3404 cunctos

95 3435 146 3492 viri
165 3453 282 3507 sagaces
301 3436 376 3491 omni
388 3434 527 3490 fidelitatis
539 3435 629 3490 nitore
641 3440 669 3490 et
682 3433 828 3506 probitatis
840 3433 940 3490 decore
952 3433 1088 3502 saecundi,
1101 3433 1198 3490 fideles
1212 3435 1343 3506 pagensis
1453 3441 1454 3446 ’

100 3523 219 3580 civitatis
238 3529 266 3580 et
282 3523 390 3578 insulae
407 3523 481 3578 cives
499 3539 531 3578 ac
557 3522 671 3590 incolae,
689 3523 760 3578 inter
782 3527 906 3578 caeteros
924 3521 1074 3578 nonnullos
1091 3521 1245 3577 insularum
1263 3521 1341 3577 habi·

96 3611 191 3668 taculo
218 3609 433 3680 congaudentes,
461 3608 545 3664 armis
572 3608 676 3664 bellicis
703 3607 870 3680 praemuniti
897 3611 925 3663 ct
951 3607 1068 3663 andacia
1091 3609 1163 3664 virili
1181 3610 1298 3679 suffulti,
1313 3611 1341 3664 in

96 3715 194 3754 eorum
221 3683 340 3752 navibus
366 3697 452 3768 ipsos,
480 3701 577 3767 utpote
603 3696 707 3764 hostes,
735 3696 790 3750 iam
817 3695 957 3750 celerrime
982 3712 1078 3751 versus
1105 3712 1206 3768 regem,
1235 3699 1294 3752 eius
1312 3697 1340 3752 in

96 3785 231 3840 offensam
249 3784 359 3855 equoris
383 3800 432 3855 per
450 3799 560 3838 amnem
577 3787 713 3850 natantes,
732 3781 792 3838 eius
811 3782 840 3836 in
853 3788 969 3854 aspectu
982 3783 1116 3839 vallantes
1128 3785 1252 3856 aggressi
1266 3790 1343 3853 sunt,

11 3879 14 3890 '
96 3873 265 3944 eosdemque
288 3871 424 3928 crebrium
450 3872 568 3927 telarum
586 3869 766 3927 missionibus
794 3870 919 3927 feriendo
945 3889 979 3928 ac
1001 3871 1159 3929 lancearum
1177 3878 1205 3928 et
1222 3871 1341 3928 aliorum

96 3961 344 4015 instrumentorum
362 3958 398 4014 ad
415 3957 443 4013 id
462 3963 592 4032 aptorum
609 3958 757 4029 generibus
775 3957 875 4014 ictibus
889 3959 1046 4028 sanciendo,
1059 3959 1166 4014 insulae
1179 3959 1215 4014 ab
1227 3959 1343 4015 introitu

97 4045 285 4120 opprimendo
314 4063 489 4118 compescere
517 4045 647 4112 iecsnmt,
675 4053 703 4102 et
720 4047 760 4102 sic
778 4053 869 4118 strage
888 4049 963 4104 necis
981 4048 1037 4104 lere
1056 4045 1184 4103 omnibns
1202 4045 1341 4102 demolitis

97 4141 180 4206 atque
198 4134 349 4201 suffocatis,
374 4134 505 4206 pristinae
530 4135 613 4190 saluti
639 4151 671 4189 ac
695 4135 815 4190 libertati
840 4136 1016 4206 exipsorum
1040 4134 1137 4190 merito
1154 4133 1245 4189 laudis
1263 4151 1341 4205 prae

97 4225 172 4278 conis
191 4220 351 4278 attollendis
370 4222 464 4292 gestis,
482 4239 532 4277 rex
550 4221 623 4280 felici
642 4223 758 4278 rIctoria
775 4222 910 4294 gaudens,
928 4221 1060 4277 divinitus
1078 4227 1121 4276 est
1139 4221 1297 4288 restitutus3
1310 4221 1339 4276 in

98 4327 151 4381 quo
169 4309 328 4366 certaminis
347 4309 451 4381 praelio
469 4309 549 4365 multi
576 4326 611 4365 ex
629 4309 758 4366 fidelibus
776 4325 914 4379 corruere,
935 4309 981 4364 alii
999 4325 1064 4364 vero
1083 4310 1212 4380 stigmata
1231 4307 1343 4364 laetalia

97 4403 123 4452 et
140 4397 236 4468 gravia
255 4397 391 4454 sustulere
419 4415 470 4470 pro
494 4398 567 4470 regis
594 4397 707 4452 honoris
735 4397 910 4464 exaltatione,
939 4397 1055 4467 soliiqne
1079 4396 1179 4466 regalis
1204 4395 1293 4452 salute
1312 4401 1340 4452 et

11 4473 14 4494 '¹
97 4485 299 4551 incolumitate,
328 4502 419 4556 porro,
437 4484 527 4540 donec
550 4501 599 4539 rex
617 4484 645 4538 in
673 4485 735 4554 ipsa
753 4483 844 4539 insula
862 4483 998 4554 profugus
1016 4487 1168 4538 moraretur
1187 4482 1270 4539 iidem
1288 4481 1341 4538 Pa·

97 4588 205 4642 genses,
223 4571 342 4627 deitatis
367 4577 395 4626 et
418 4571 525 4626 insulae
549 4571 712 4625 universalis
730 4570 923 4638 communitas,
942 4586 998 4624 non
1017 4569 1112 4639 coacti,
1132 4568 1181 4624 sed
1199 4575 1340 4640 gratanter

97 4665 123 4714 et
141 4660 288 4728 laetanter,
305 4663 406 4714 cuncta
425 4675 521 4714 eorum
538 4657 621 4726 bona,
639 4657 755 4714 donaria
780 4657 855 4713 varia
873 4663 901 4713 et
918 4657 1056 4725 victualia,
1074 4655 1272 4727 copiosamque
1291 4657 1343 4712 fre·

1121 4751 1253 4828 ιιι
