3490 5408
261 469 265 476 Ι
333 487 396 552 298
834 513 854 553 1.
876 500 1072 563 normanno,

385 673 547 730 cmxcvl.
573 679 652 730 1269.
677 675 745 731 Bola
768 674 825 730 dux
852 676 938 732 totius
963 675 1120 743 Slssoniae,
1143 675 1300 732 Dalmatiae
1324 681 1353 730 et
1374 675 1504 730 croatiae
1529 691 1577 730 nc·

332 761 427 830 tificat,
445 777 519 832 qnos
537 762 663 834 hospites
682 762 718 818 de
736 762 765 820 S.
785 763 934 830 Ambrosio
951 763 987 818 ad
1007 763 1066 820 eius
1085 763 1248 820 accedentes
1268 764 1461 834 praesentiam,
1482 767 1577 834 postu·

332 849 438 904 lassent
456 854 488 904 ut
505 865 554 905 eos
574 849 627 904 sab
644 865 678 905 aa
696 849 823 906 libertate
845 849 947 905 habere
966 855 994 905 et
1011 866 1175 906 conservare
1194 849 1353 921 dignaratssr
1374 866 1432 922 qua
1455 849 1579 920 gandent

330 935 457 1006 hospites
487 935 522 992 de
544 935 676 993 Verdcce.
708 937 799 1005 Quam
834 937 987 994 libertatem
1016 937 1056 992 ais
1085 937 1210 993 contulit
1240 935 1352 992 Exemit
1378 936 1463 1007 igitur
1487 952 1535 991 ecs
1562 953 1579 990 a
1699 1001 1706 1016 ‚

337 1021 526 1092 jurisdictione
548 1025 656 1080 comitia
681 1023 715 1079 dc
740 1024 872 1080 Verbcce.
896 1023 1029 1080 Villicnm
1054 1023 1197 1080 habebunt
1221 1039 1424 1096 quemeumque
1442 1022 1579 1078 voluerint

335 1109 454 1180 eligendi
480 1111 651 1166 facultatem.
669 1111 703 1166 ln
722 1111 793 1168 festo
821 1109 850 1168 Β.
875 1111 1011 1183 Stephani
1036 1113 1111 1168 omni
1134 1127 1208 1168 anno
1233 1111 1339 1166 ratione
1363 1109 1576 1172 marturinamm

333 1196 447 1266 triginta
473 1201 594 1268 quatuor
618 1213 726 1253 marcas
754 1198 781 1252 in
809 1197 929 1252 denariis
957 1198 1104 1253 banalihus
1132 1199 1247 1266 solvere,
1275 1195 1350 1268 quod
1379 1197 1402 1251 si
1429 1197 1577 1252 torminum

333 1283 500 1352 omitterent,
518 1284 547 1338 in
566 1289 665 1340 octava
682 1283 738 1340 diei
756 1285 902 1342 solutionis
921 1287 948 1338 in
967 1285 1054 1356 duplo
1073 1285 1179 1342 solvere
1198 1283 1373 1340 tenebuntur.
1398 1284 1502 1340 Datum
1527 1299 1577 1355 per

333 1387 433 1426 manna
453 1371 539 1442 patris
556 1370 681 1426 Ladislai
699 1372 823 1444 episcopi
841 1373 988 1443 Tyniensis
1005 1373 1087 1428 aulae
1104 1372 1184 1428 ducis
1202 1371 1368 1428 cancellarii

387 1456 484 1526 Feles:
507 1457 714 1528 0011110111.
734 1462 752 1512 Ι
756 1459 785 1514 V.
803 1459 854 1514 001.
874 1459 931 1518 ΙΙΙ.
946 1479 976 1528 p.
996 1463 1055 1514 530.

383 1597 563 1653 omxovu.
588 1601 669 1654 1269.
689 1597 790 1654 Oomes
809 1598 956 1656 Orisienaia
979 1599 1117 1667 testificat,
1140 1597 1216 1670 quod
1235 1598 1399 1654 Furcussius
1416 1597 1491 1653 filius
1509 1597 1576 1654 isan
1623 1639 1629 1650 .
1697 1593 1717 1612 '⁴

332 1689 433 1740 terram
451 1683 592 1742 Dobouch
611 1683 744 1753 (Dubios)
764 1685 842 1756 prins
860 1701 910 1756 per
928 1699 958 1739 se
977 1701 1027 1756 pro
1046 1685 1173 1756 portione
1193 1701 1244 1740 sua
1262 1683 1290 1738 in
1308 1689 1381 1739 terra
1398 1683 1578 1754 Dyvindedra

331 1770 428 1826 habita
446 1788 463 1826 a
481 1771 582 1828 comite
599 1770 680 1826 Junk
697 1772 726 1826 in
746 1771 940 1828 concambium
959 1777 1108 1843 receptam,
1122 1771 1211 1827 eidem
1229 1772 1324 1827 comiti
1340 1771 1420 1826 Junk
1438 1787 1576 1826 unacum

330 1857 498 1914 litteralibus
516 1859 707 1914 instrumentis
726 1875 776 1930 pro
795 1857 890 1914 decem
909 1859 1008 1912 marcis
1024 1858 1088 1928 jure
1107 1863 1244 1930 perpetuo
1262 1857 1424 1914 vendiderit

331 2049 366 2105 A.
382 1963 431 2104 {e
455 1963 527 2018 actis
554 1963 730 2032 perbonam
754 1963 1031 2034 Risum-Hedcrocry
1053 1978 1087 2018 cc
1108 1963 1188 2034 repsi
1211 1963 1325 2021 arctico
1349 1962 1451 2020 oblatis
1477 1963 1511 2017 N.
1542 1962 1576 2017 11.

413 2065 468 2106 osc.
488 2053 533 2106 20.
551 2051 589 2106 N.
610 2055 652 2106 96.

384 2187 580 2244 OMXGVIII.
605 2189 642 2244 11
661 2174 754 2247 Zella.
773 2195 852 2247 1270.
878 2195 902 2246 6.
926 2191 1038 2247 Martii.
1058 2191 1199 2245 Henricus
1217 2190 1307 2245 banus
1325 2191 1411 2246 totius
1430 2188 1577 2246 Slasoniae

327 2276 473 2346 significat,
491 2275 567 2347 quod
586 2293 650 2332 cum
669 2278 777 2346 Petrus,
797 2278 870 2332 filius
889 2277 1041 2348 Rudolphi,
1059 2277 1148 2347 major
1166 2278 1248 2333 villae
1265 2275 1301 2332 de
1325 2277 1439 2332 Petrina
1457 2282 1485 2332 et
1502 2277 1577 2332 cives

326 2363 362 2418 de
380 2363 478 2418 cadem
496 2381 529 2418 ac
552 2364 598 2418 alii
620 2364 746 2420 homines
765 2365 800 2422 ad
819 2366 909 2436 ipsam
936 2371 1103 2436 spectantes,
1128 2367 1175 2436 qui
1200 2369 1345 2420 terrestres
1367 2364 1505 2432 dicuntur,
1531 2363 1577 2418 dc·

324 2455 475 2520 negassent
493 2450 615 2506 decimas
642 2451 792 2508 Timotheo
810 2453 943 2524 episcopo
961 2452 1141 2524 anrabienai
1160 2453 1271 2524 frugum
1288 2452 1400 2520 scilicet,
1414 2452 1478 2520 sini,
1491 2451 1577 2519 millii,

326 2554 412 2608 apum
429 2542 458 2592 et
474 2538 582 2592 minata
615 2537 775 2606 eorundem,
794 2537 875 2608 kytas
899 2539 1034 2610 videlicet,
1058 2541 1177 2610 gallinas
1195 2545 1223 2595 st
1240 2539 1377 2597 decimam
1394 2539 1430 2594 de
1448 2537 1577 2594 custodia

326 2639 482 2696 percorum,
502 2641 574 2696 quae
599 2624 684 2694 vulgo
703 2623 812 2696 poliche
830 2624 967 2694 dicuntur,
986 2643 1020 2682 ac
1038 2626 1175 2682 decimam
1200 2627 1260 2696 fori,
1285 2642 1336 2684 nec
1360 2643 1417 2683 non
1440 2625 1576 2682 decimam

327 2712 524 2784 precessoriae,
548 2728 620 2783 quae
638 2713 770 2768 vicesima
788 2711 895 2781 dicitur,
915 2719 943 2768 et
960 2713 1082 2770 decimas
1097 2731 1246 2784 agnorum,
1266 2720 1294 2770 et
1312 2720 1426 2786 propter
1443 2712 1498 2769 hoc
1519 2713 1576 2783 epi·

329 2799 478 2871 episcopus
508 2800 672 2855 sententiam
700 2801 995 2856 excommunicationis
1029 2801 1139 2857 tulisset
1162 2803 1189 2856 in
1216 2801 1325 2874 scriptis
1349 2802 1378 2856 in
1402 2806 1491 2856 certas
1516 2815 1576 2871 per·

328 2901 412 2942 sonas
429 2886 465 2942 de
483 2885 579 2942 eadem
599 2887 665 2943 villa
685 2893 713 2942 et
731 2887 869 2943 interdicti
890 2893 987 2944 conus
1011 2893 1099 2944 totam
1118 2888 1221 2942 villam.
1248 2887 1374 2944 Tandem
1398 2893 1576 2960 procuratore

328 2989 379 3030 sen
398 2975 500 3029 nuncio
518 2975 644 3046 episcopi
667 2991 702 3030 ax
720 2991 777 3030 una
794 2979 823 3031 et
841 2977 924 3032 Petro
948 2975 1053 3047 maj0re
1078 2975 1160 3031 villae
1178 2991 1211 3030 ac
1229 2975 1397 3046 quibusdam
1414 2975 1522 3031 civibus
1540 2973 1576 3030 de

327 3061 394 3116 villa
412 3077 448 3116 cx
471 3061 567 3130 altera,
589 3061 784 3118 assistentibus
802 3061 903 3134 chn,
927 3061 1028 3130 Pousa,
1053 3061 1111 3116 filio
1140 3060 1270 3134 Sydonis,
1296 3062 1454 3118 constitutis
1481 3077 1576 3117 coram

326 3147 410 3216 hano,
427 3149 503 3204 idem
521 3147 622 3204 Petrus
640 3148 675 3204 de
693 3149 836 3204 voluntate
864 3149 1006 3220 hospitum
1024 3147 1059 3203 de
1077 3149 1189 3204 Petrina
1213 3165 1278 3204 cum
1302 3150 1383 3206 sociis
1407 3149 1473 3216 suis,
1498 3165 1576 3220 prae-

327 3235 392 3290 stito
412 3243 592 3304 sacramento,
612 3237 693 3291 tactis
711 3235 853 3291 codicibus
880 3235 1096 3306 evangeliorum,
1115 3236 1235 3292 confessi
1258 3237 1320 3304 sint,
1344 3235 1421 3306 quod
1445 3233 1577 3306 deinceps

328 3321 355 3375 in
376 3329 458 3378 antea
476 3323 599 3378 omnium
618 3339 711 3378 rerum
734 3339 847 3378 suarum
865 3323 953 3378 iustas
971 3322 1093 3377 decimas
1106 3322 1141 3378 ad
1155 3323 1248 3378 villam
1266 3328 1432 3394 spectantes,
1446 3339 1479 3378 ac
1491 3323 1574 3378 etiam

229 3461 240 3485 0
330 3410 431 3464 sellarii
449 3409 602 3466 eorundem
619 3409 762 3480 hospitum
783 3409 819 3464 de
838 3409 955 3478 singulis
977 3409 1061 3464 fumis
1085 3409 1212 3480 singulos
1230 3410 1302 3466 duos
1320 3409 1449 3466 denarios
1468 3411 1574 3466 solvere

328 3497 504 3552 tenebuntur.
523 3496 641 3552 Ratione
660 3501 753 3551 autem
776 3495 872 3551 tributi
884 3496 936 3551 fori
949 3501 1161 3567 assumpserunt
1182 3497 1299 3566 singulis
1312 3498 1391 3552 annis
1404 3501 1460 3554 tres
1473 3511 1575 3568 pensas
1692 3549 1695 3556 ⁴

328 3582 505 3638 denariorum
523 3583 751 3653 Zagrabiensinm
776 3585 849 3639 circs
867 3583 969 3638 festum
988 3583 1017 3638 S.
1037 3583 1150 3638 Martini
1169 3583 1283 3640 solvere.

383 3669 509 3726 recise:
529 3673 604 3726 Mon.
625 3672 700 3728 Huc.
722 3673 750 3726 Τ.
770 3673 792 3726 1.
808 3687 838 3740 p.
857 3675 917 3727 119.

389 3809 555 3866 ΟΜΧΟΙΧ.
580 3815 659 3866 1270.
684 3815 729 3868 20.
748 3812 857 3866 Martii.
880 3811 969 3882 Capit.
988 3812 1054 3867 eccl.
1073 3811 1203 3867 Albensis
1226 3811 1357 3880 notificat,
1376 3811 1450 3882 quod
1469 3809 1576 3865 nobiles

331 3897 366 3953 de
385 3898 520 3953 Munuslo
539 3899 710 3966 (Monoslav)
729 3897 838 3968 Petrus,
861 3899 934 3953 filius
959 3899 1040 3966 Petri,
1060 3899 1096 3954 ab
1115 3915 1171 3953 una
1196 3904 1223 3953 et
1249 3897 1391 3963 Nicolaus,
1419 3899 1492 3953 filius
1519 3899 1575 3952 An·

330 3983 414 4042 dress
432 3985 469 4040 ab
487 3986 574 4040 altera
592 3986 775 4056 personaliter
792 3986 945 4054 constituti,
956 3985 1148 4040 exhibuissent
1166 3985 1339 4056 privilegium
1357 3985 1472 4056 capituli
1490 3983 1575 4038 01111-

331 4073 434 4127 mensis
453 4073 481 4127 in
500 4090 556 4172 spuo
575 4072 778 4140 continebatur,
797 4073 872 4143 quod
900 4074 929 4127 in
957 4073 1072 4144 antiqua
1099 4071 1236 4128 divisione
1262 4073 1472 4144 possessionum
1498 4072 1575 4127 relic·

333 4165 424 4214 tarum
440 4177 458 4214 a
476 4159 595 4216 Nicolao
613 4159 713 4215 comite
731 4160 789 4214 filio
808 4159 928 4214 Makarii
941 4158 1015 4226 bani,
1039 4159 1181 4226 Manuale,
1200 4165 1227 4214 ot
1246 4159 1351 4231 praedii
1370 4159 1405 4215 de
1424 4159 1575 4227 Obresnev,
1680 4140 1692 4162 ⁴

333 4249 399 4302 item
418 4248 500 4302 villae
522 4247 603 4303 Mark
621 4249 700 4302 iuxta
718 4247 818 4319 chus
846 4263 910 4302 cum
934 4253 1007 4302 terra
1030 4247 1113 4300 unius
1137 4246 1219 4302 villae
1243 4247 1321 4302 iuxta
1347 4265 1451 4318 aquam
1474 4245 1576 4302 Hodus

331 4336 445 4390 cesserit
463 4335 560 4402 Petro;
580 4336 645 4390 item
663 4335 692 4390 in
711 4333 808 4392 eadem
827 4333 963 4390 divisione
981 4334 1093 4389 interior
1117 4333 1183 4388 villa
1201 4334 1282 4389 Zund
1301 4336 1380 4391 iuxta
1404 4335 1575 4402 Danubium,

331 4427 359 4478 et
377 4421 523 4494 praedium
543 4422 660 4478 Obercct
678 4423 818 4494 pertinens
837 4421 872 4476 ad
892 4421 1009 4478 eandem
1015 4439 1022 4488 3
1049 4423 1114 4476 item
1127 4419 1222 4492 Rupul
1241 4439 1305 4478 cum
1323 4423 1415 4496 capite
1431 4423 1526 4478 Prisca
1550 4429 1577 4476 et

333 4508 509 4565 medietatem
528 4511 715 4581 possessionis
740 4509 849 4581 Bogud,
873 4509 939 4565 item
964 4511 1039 4582 Apto
1067 4515 1095 4565 et
1121 4511 1235 4566 Obenev
1263 4511 1347 4566 cessit
1369 4512 1397 4566 in
1421 4511 1575 4583 portionem

333 4595 459 4651 Nicolao.
485 4597 557 4652 Item
575 4598 610 4653 de
628 4615 702 4654 nova
726 4597 861 4652 divisione
879 4598 907 4650 in
927 4597 1104 4667 possessione
1128 4597 1223 4654 relicte
1247 4617 1264 4654 1
1288 4599 1412 4654 Macerio
1436 4599 1493 4652 filio
1518 4596 1576 4654 Ste-

332 4681 427 4754 phani,
447 4685 566 4739 Pressna
585 4689 613 4740 et
633 4685 825 4740 Kemennicha
848 4683 926 4738 iuxta
949 4683 1059 4750 Zavam,
1085 4701 1156 4754 quas
1182 4685 1278 4741 Renes
1304 4687 1388 4742 frater
1414 4685 1501 4757 ipsius
1529 4683 1576 4738 Ni·

332 4769 403 4826 colai
422 4769 590 4840 vendiderat,
606 4771 682 4830 idem
694 4771 829 4828 Nicotaus
842 4769 933 4828 eidem
946 4771 1029 4828 Petro
1041 4771 1152 4843 reliquit
1164 4773 1224 4829 iure
1236 4780 1372 4846 perpetuo
1385 4771 1575 4846 possidendas.

1697 4061 1723 4569 ⁴ji

1675 4585 1716 4913 1

1701 4977 1711 5038 l

1693 5047 1710 5385 1
