3488 5380
322 233 386 300 212
822 261 842 299 r.
867 247 1063 312 arianismum,

377 421 506 480 stultit:
523 424 598 478 Mon.
616 421 692 478 Hiet.
721 425 749 476 T.
774 425 796 476 1.
820 438 850 492 p.
863 432 866 440 ⁴
880 425 942 476 106.
970 425 1005 478 lu
1031 421 1137 478 amtor
1161 422 1228 476 aliis
1251 421 1387 478 mutilibus
1409 421 1575 490 pararetis

323 515 474 568 occurrunt
491 515 577 566 arctoe
595 515 667 566 terre
679 511 829 568 Mortoaue
835 509 894 579 fite·
907 509 1012 566 cumn
1024 514 1050 564 et
1057 509 1185 578 fratrum
1199 523 1312 564 rueram
1330 508 1474 577 mouns,
1487 509 1573 563 Mor-

324 599 380 654 tim'
397 614 432 653 oe
452 597 526 654 oure
541 597 636 668 ponera·
652 598 706 661 eui,
724 597 832 653 riculae
851 597 998 664 Drastoka,
1012 601 1087 652 terra
1106 595 1250 666 Ocdmycir.
1268 595 1392 652 Martiai
1404 593 1465 665 fita·
1486 595 1572 662 Itaak,

324 683 492 752 Himctiuao,
511 689 586 740 terro
605 685 713 756 &aaut
736 683 889 752 Wottimtr‚
911 685 1002 739 altero
1025 683 1133 738 Woltoo
1145 681 1205 752 filit
1222 682 1346 750 Rutilio,
1365 687 1451 752 eaput
1476 697 1574 752 equae

322 771 499 840 matinata,
514 771 640 841 filiorum
658 771 799 842 Beeisloy,
818 787 893 840 aquo
919 771 1006 842 Ileoo,
1030 777 1106 826 terro
1133 769 1334 837 Gorditanum
1358 769 1486 838 Maleto,
1511 769 1570 824 Lo-

326 858 424 922 roua,
439 863 512 914 meto
533 857 625 925 chem,
643 858 751 914 rivulus
763 858 887 929 Garyoir,
899 857 1030 922 naucum,
1043 858 1142 914 dumus
1157 857 1366 924 Moacrotokor,
1379 861 1465 928 caput
1477 873 1572 926 aquae

322 945 480 1016 Dropoych,
499 961 575 1016 aquo
593 944 755 1016 Sopliacto.
775 949 842 1000 Dat.
861 949 902 1000 10.
922 945 993 1002 Noe.
1012 947 1092 998 1256.

376 1051 410 1104 ln
429 1049 517 1105 eluro
536 1050 611 1105 Pra‘o.
633 1051 719 1105 Terra
738 1049 845 1106 Dareta
863 1050 895 1105 ia
912 1049 1003 1104 rivulo
1021 1048 1137 1118 Buda‘ct,
1155 1053 1245 1103 term
1261 1047 1384 1116 filiorum
1403 1049 1524 1118 Berieoy
1541 1053 1571 1103 et

322 1137 462 1206 Berieiese,
492 1136 581 1193 Voltis
607 1137 743 1206 Gradena,
768 1143 844 1194 terra
867 1137 987 1193 Martias·
1008 1136 1068 1206 filii
1092 1135 1210 1206 Utente,
1236 1141 1313 1191 terro
1338 1133 1456 1203 Gordaa
1483 1133 1571 1190 cauta

326 1225 485 1292 Oromenno,
504 1229 580 1280 terro
597 1223 781 1294 Suauiseida
800 1224 908 1280 riculae
926 1223 1064 1290 Buteoni»,
1084 1232 1157 1278 terra
1176 1222 1315 1292 hospitum
1333 1222 1366 1276 de
1385 1223 1481 1291 Gorty,
1494 1227 1570 1276 meto

323 1311 464 1380 wocurt,
489 1315 579 1366 terroe
601 1311 736 1380 Iudaeam,
755 1311 908 1382 Hospitem
932 1311 965 1366 de
995 1310 1103 1366 Otene
1120 1309 1194 1378 reto,
1206 1308 1313 1378 fluetus
1335 1309 1469 1376 Yrdeaot,
1494 1314 1569 1364 meta

325 1397 450 1453 Otroctt.
468 1397 574 1454 Datum
592 1402 632 1453 11.
651 1399 810 1454 Novembris
827 1401 906 1452 1256.

375 1501 463 1556 Ambo
481 1503 555 1558 Pra'v.
582 1501 728 1572 publicato
746 1504 778 1558 ia
801 1503 859 1560 cod.
884 1502 953 1572 dipl.
977 1503 1073 1571 patrio
1103 1500 1164 1557 VII.
1186 1516 1216 1570 p.
1241 1504 1276 1553 53
1299 1505 1325 1556 et
1349 1503 1385 1554 56
1404 1515 1437 1555 ec
1454 1500 1568 1557 arctico

326 1604 392 1646 com.
410 1589 528 1660 Eraody
550 1589 730 1660 Golpontzam
749 1589 851 1646 aetate.

375 1727 507 1785 DGOXI.
525 1732 604 1784 1256.
623 1733 661 1783 11.
680 1731 845 1788 Nouembris.
863 1729 933 1784 Beia
950 1728 994 1784 1v
1012 1745 1062 1786 rex
1080 1729 1211 1798 notificat,
1230 1727 1384 1799 quodcum
1406 1728 1477 1784 inter
1495 1727 1567 1784 Her·

323 1818 410 1872 ricum
428 1818 558 1872 comItcm
573 1817 760 1886 simigiensem
778 1822 805 1872 et
823 1823 978 1874 castrenses
995 1817 1030 1872 de
1048 1817 1136 1886 Garig
1154 1832 1188 1872 ex
1203 1831 1259 1870 una
1271 1821 1349 1887 parte
1362 1821 1390 1870 et
1401 1813 1568 1886 jobagioues

324 1901 406 1958 castri
419 1901 506 1972 Garig
519 1902 750 1974 erchemperto,
764 1905 813 1974 qui
825 1919 842 1958 a
855 1909 980 1974 tempore
996 1904 1069 1974 regis
1083 1901 1228 1959 Colomani
1240 1902 1331 1958 fratris
1345 1907 1372 1958 ct
1384 1907 1465 1957 antea
1480 1907 1568 1957 terras

324 1989 411 2059 Garig
421 1987 611 2060 possederant,
620 2006 703 2062 super
713 1991 836 2046 terminis
846 1997 981 2046 terrarum
993 2006 1106 2046 suarum
1119 1989 1227 2060 questio
1237 1995 1395 2057 verteretur,
1405 2005 1453 2044 rex
1463 1988 1567 2045 dictum

324 2077 453 2133 comitem
464 2081 491 2132 et
500 2077 679 2133 Benedictum
689 2079 1007 2149 quinqueecclesiensem
1018 2079 1182 2134 canonicum
1192 2077 1312 2134 decrevit
1321 2076 1523 2133 exemittendos
1532 2073 1568 2130 ad

253 2209 256 2218 ,
323 2164 496 2220 renovandae
508 2169 604 2232 metas,
618 2165 707 2221 dictus
724 2173 816 2221 tamen
829 2181 922 2224 comes
932 2167 990 2222 vice
1001 2181 1053 2220 ena
1069 2166 1143 2220 misit
1154 2165 1299 2222 officialem
1310 2163 1345 2220 de
1354 2164 1441 2236 Garig
1449 2165 1568 2220 Pancra-

324 2253 400 2308 tium.
419 2253 462 2306 ux
476 2251 579 2322 quibus
596 2252 615 2308 J
617 2253 802 2324 obagionibus
819 2258 993 2310 motuterrae
1006 2253 1144 2310 iohannis
1155 2253 1204 2308 filii
1216 2251 1336 2308 Wolkan
1349 2269 1421 2324 quae
1433 2251 1569 2309 Lokouch

324 2344 501 2410 nuncupatur
510 2339 606 2410 incipit
615 2338 690 2410 apud
701 2339 846 2395 ecclesiam
855 2339 885 2396 Β.
893 2339 912 2395 J
914 2339 1032 2395 ohannis
1044 2340 1072 2394 iu
1085 2339 1175 2411 capite
1184 2338 1356 2406 Labatinich‚
1366 2337 1475 2394 Indead
1485 2345 1570 2411 caput

326 2425 464 2481 Salatiuik
474 2425 553 2480 iuxta
570 2430 672 2480 terram
685 2425 804 2481 filiorum
816 2427 929 2482 Berislai
943 2425 1046 2482 atinde
1060 2427 1157 2482 maiori
1170 2427 1261 2498 spatio
1274 2427 1368 2498 plures
1381 2431 1470 2482 terrae
1482 2425 1569 2482 cusu.

324 2512 396 2568 Item
407 2517 482 2567 meta
494 2517 582 2567 terrae
594 2511 739 2579 Iohannis,
759 2529 830 2584 quae
843 2513 982 2568 Desnicha
1000 2517 1122 2581 vocatur,
1142 2513 1238 2584 iru'pit
1259 2513 1288 2567 in
1309 2513 1380 2568 valle
1398 2513 1571 2568 Hemaliuna

324 2599 402 2654 iuxta
413 2604 515 2654 terram
528 2598 662 2670 Stephani
675 2597 781 2668 Ungari
794 2599 858 2655 inde
870 2601 1058 2679 iuxtaterram
1068 2599 1210 2655 Benedicti
1222 2600 1272 2654 filii
1285 2599 1410 2672 Bodivoy
1420 2617 1469 2671 per
1477 2601 1569 2656 varias

324 2691 413 2742 metas
432 2685 467 2740 ad
486 2691 587 2740 terram
605 2685 743 2741 Othmich.
762 2686 831 2742 Item
851 2691 925 2743 terra
942 2687 1018 2742 llsva
1036 2687 1149 2742 Gordus
1167 2688 1243 2742 cumi
1255 2687 1352 2758 incipit
1362 2688 1391 2740 iu
1404 2687 1476 2743 valle
1488 2689 1568 2743 iuxta

324 2773 440 2829 domum
458 2772 600 2829 Wlohetae
624 2777 652 2827 et
677 2773 753 2829 venit
770 2773 805 2828 ad
830 2779 915 2844 caput
932 2774 1010 2829 vallis
1030 2774 1145 2846 Suynna
1164 2781 1191 2830 et
1208 2779 1284 2831 tenet
1307 2779 1395 2830 metas
1421 2791 1485 2831 cum
1503 2775 1568 2831 filiis

324 2860 441 2916 Brezual
460 2865 488 2916 et
505 2861 560 2914 itur
572 2859 607 2915 ad
625 2861 768 2928 antiquam
786 2865 888 2916 metam
899 2861 1024 2916 Woleani
1043 2863 1196 2933 pervariis
1215 2867 1303 2917 metas
1316 2863 1390 2918 venit
1402 2861 1439 2917 ad
1454 2862 1569 2918 flurium

325 2947 446 3003 Ohasma
464 2951 492 3004 et
509 2947 628 3002 rivulum
646 2947 775 3002 Pletcrna
792 2959 820 3002 ct
838 2947 874 3002 ad
891 2953 994 3003 metam
1011 2953 1101 3004 terrae
1119 2948 1227 3020 Stephk
1245 2948 1294 3004 filii
1318 2949 1407 3005 Zouk.
1426 2949 1498 3006 Item
1516 2951 1568 3006 Za·

325 3035 414 3091 burna
432 3041 504 3091 terra
522 3035 665 3090 Wlohetae
683 3035 780 3108 incipit
797 3036 825 3089 in
844 3037 962 3090 transitu
980 3037 1060 3091 rivuli
1073 3037 1205 3092 Zaburua
1223 3042 1251 3091 et
1268 3035 1411 3092 descendit
1423 3037 1452 3092 in
1466 3037 1568 3093 vallem

325 3123 461 3192 Zahatuir‚
481 3129 508 3178 et
526 3138 575 3194 per
593 3123 682 3180 velem
700 3123 802 3194 Biasey
818 3123 854 3178 ad
872 3130 957 3194 ceput
976 3124 1108 3182 eiusdem.
1127 3125 1199 3180 Item
1216 3127 1289 3180 terra
1308 3123 1433 3180 Wlohete
1451 3123 1567 3181 Dedeoh

325 3211 467 3266 nominata
484 3209 581 3280 incipit
598 3209 676 3264 iuxta
693 3213 794 3264 terram
813 3208 926 3265 Gordus
944 3215 972 3266 et
990 3211 1066 3266 vadit
1083 3211 1153 3266 inter
1170 3211 1285 3266 domum
1308 3227 1388 3266 suem
1406 3217 1434 3266 et
1451 3211 1566 3267 domum

326 3297 429 3369 Voynk
441 3303 469 3352 et
481 3296 623 3352 descendit
641 3296 678 3352 ad
695 3303 779 3365 capnt
797 3297 935 3368 Deeohen,
950 3298 1048 3353 transit
1065 3299 1138 3353 viam
1157 3297 1192 3353 ad
1211 3303 1296 3370 ceput
1310 3314 1428 3369 magnae
1444 3299 1523 3354 vallis
1542 3305 1571 3356 et

326 3403 375 3457 per
389 3385 488 3440 vallem
508 3385 609 3440 siccam
628 3384 664 3439 ad
683 3389 767 3456 caput
780 3384 890 3456 Sywina
908 3391 935 3442 et
953 3385 1030 3441 iuxta
1047 3393 1148 3442 terram
1165 3385 1284 3441 filiorum
1297 3386 1413 3442 Brezual
1425 3388 1571 3442 revertitur

325 3472 361 3528 ad
380 3472 500 3527 rivulum
518 3471 636 3527 Desche.

379 3577 507 3633 reatus:
525 3576 604 3632 Mon.
621 3577 755 3634 historico
774 3579 796 3633 1.
814 3593 879 3648 pop.
898 3579 956 3633 110.

379 3715 526 3771 DOOXII.
546 3719 622 3772 1256.
643 3723 667 3771 6.
687 3717 995 3775 vermeriensem.
1015 3733 1064 3775 rex
1077 3718 1206 3774 subortas
1218 3719 1370 3776 discordias
1389 3721 1460 3778 inter
1480 3727 1571 3778 certos

326 3805 451 3860 Berones
469 3803 612 3874 componit
629 3805 668 3860 ita
686 3803 764 3875 quod
784 3821 877 3861 comes
896 3805 1016 3861 Michael
1034 3806 1117 3862 freter
1134 3808 1228 3876 magui
1246 3807 1340 3862 Buzad
1358 3807 1428 3864 Beni
1447 3808 1571 3865 obtineat

327 3895 447 3962 quatuor
464 3897 550 3946 terrea
571 3889 674 3947 Oomor
692 3892 730 3960 (in
749 3891 878 3963 Zagoria)
898 3892 950 3947 sub
974 3909 1030 3947 una
1055 3898 1128 3948 meta
1154 3894 1460 3962 consummandum
1484 3903 1571 3952 terrac

327 3977 445 4052 Welyio
464 3980 547 4034 etiem
566 3979 619 4034 snb
637 3995 694 4034 una
711 3985 786 4034 meta
802 3995 820 4034 a
837 3980 964 4035 Jurkone
982 3978 1039 4034 filio
1064 3981 1160 4036 Achua
1178 3981 1244 4035 bani
1264 3997 1314 4054 pro
1341 3982 1503 4040 concambio
1530 3999 1571 4038 re·

326 4072 430 4138 ceptus.
450 4067 563 4122 Terram
582 4067 665 4121 etiam
684 4067 855 4138 Pijanohuch
875 4068 965 4138 (Pijau
984 4067 1053 4136 kuk)
1072 4085 1104 4123 ac
1117 4073 1217 4124 terram
1231 4069 1374 4139 Bykunch,
1391 4069 1486 4126 comiti
1498 4070 1570 4124 Lan·

326 4155 420 4209 chreto
439 4153 496 4207 fiiio
515 4151 638 4208 eiusdem
657 4153 750 4208 Buaad
765 4154 880 4222 banici
898 4170 946 4224 per
965 4155 1057 4224 ipsum
1076 4155 1263 4210 Lanohretum
1281 4161 1381 4210 terram
1405 4155 1570 4212 Zombathel

327 4241 410 4310 (inter
429 4240 550 4294 Dravam
570 4246 597 4294 et
614 4241 737 4308 Murum)
755 4239 823 4295 Bela
842 4245 870 4296 et
887 4241 1015 4295 Tornava
1034 4241 1088 4311 ipsi
1107 4241 1236 4296 Michaeli
1254 4243 1282 4295 iu
1300 4242 1389 4296 forma
1414 4241 1569 4297 concambii

327 4333 355 4384 et
373 4327 448 4399 pacit
467 4343 559 4382 coram
578 4326 690 4383 Andrea
709 4327 810 4384 comite
829 4326 1017 4382 Worosdiensi
1038 4328 1082 4382 cui
1100 4344 1148 4382 rex
1167 4327 1231 4382 huic
1250 4329 1311 4399 paci
1332 4329 1463 4384 iuteresse
1476 4329 1571 4398 jussit,

327 4413 444 4470 traditae
462 4420 535 4470 aunt.

385 4518 506 4574 Wcutat:
526 4520 583 4578 Ood
601 4520 702 4590 orpad.
722 4522 793 4575 cont.
813 4519 862 4572 IX.
878 4533 908 4588 p.
927 4520 987 4571 428.

1710 115 1715 210 t

1714 450 1719 558 t

1717 580 1722 661 r

1715 2033 1723 2425 i

1714 2505 1723 2944 ἱ

1716 5167 1723 5320 2
