3544 5344
366 398 408 462 80
863 426 883 465 1.
908 413 1110 480 incuuarre,

365 587 435 642 duas
454 587 574 658 capellas
594 587 750 644 nicaenis
769 589 834 643 Batt
861 595 889 644 et
907 605 928 642 s.
955 588 1075 656 Martini,
1095 595 1237 660 praeterea
1255 590 1398 646 ecclesiam
1417 609 1438 648 a.
1459 591 1556 648 Crucis
1574 593 1609 649 de

364 675 448 746 Kyriz
466 675 572 730 confert
590 676 736 730 cantoriae.

416 766 464 820 Er
482 764 595 819 archivo
619 763 875 832 archiepiscopatus
902 764 1092 832 reprobicaais
1118 765 1192 818 iatcr
1211 765 1431 832 fundatioaolia
1454 774 1480 822 et
1505 768 1609 822 archiv.

363 854 448 922 capit.
468 852 549 906 daem.
570 851 788 920 Trcaramptam
806 851 840 906 de
857 868 883 906 a,
910 853 988 904 1544.
1007 851 1091 906 Fara.
1116 854 1139 918 1,
1164 869 1208 906 ar.
1233 859 1257 907 1.
1277 853 1404 910 Tlraltii:
1428 855 1502 910 Mon.
1528 855 1608 926 episc.

363 957 439 1010 repr.
458 939 482 1008 1,
503 943 546 992 68.

417 1043 589 1099 CCLXXII.
607 1041 740 1110 Jaderae,
759 1048 782 1099 1.
803 1043 957 1099 Decembris
975 1047 1055 1098 1232.
1074 1044 1259 1116 Temporibus
1270 1044 1369 1100 Jacobi
1382 1044 1518 1117 'theupoli
1531 1045 1609 1100 ducis

364 1132 553 1198 venetiarum,
571 1131 689 1186 Joaunis
708 1130 908 1202 archiepiscopi
923 1131 1070 1201 jadrensis,
1083 1131 1201 1187 loannis
1220 1132 1363 1188 Michaelis
1375 1133 1483 1188 comitis
1498 1132 1609 1202 jadren-

364 1221 410 1286 sis,
429 1225 595 1289 pertractata
613 1219 701 1273 estin
720 1219 796 1273 curia
820 1220 927 1273 comitis
951 1219 1078 1286 civitatis,
1104 1220 1296 1290 praesentibus
1312 1219 1453 1291 judicibus
1474 1219 1609 1290 Bogdano

363 1307 398 1362 de
416 1305 536 1373 Zloradi,
555 1305 676 1376 Georgia
694 1305 778 1360 fratre
796 1305 935 1374 Jurislavi,
954 1313 982 1362 et
999 1308 1060 1361 aliis
1079 1307 1218 1362 nobilibus
1236 1325 1322 1362 carisa
1339 1308 1410 1362 inter
1422 1307 1558 1362 Duimum
1571 1306 1606 1362 de

363 1394 453 1464 Regia
471 1401 498 1448 et
516 1394 700 1463 Pellegrinum
719 1393 754 1447 de
773 1394 855 1448 Valle
874 1411 958 1464 super
976 1395 1050 1450 iacto
1068 1394 1214 1450 cuiusdam
1234 1396 1304 1449 muri
1324 1393 1418 1449 sedilis
1437 1395 1520 1465 positi
1537 1394 1609 1449 inter

362 1488 534 1536 casamaturn
558 1480 624 1536 dicti
647 1480 743 1534 Duimi
768 1489 795 1534 et
819 1481 975 1551 Pellegrini,
1000 1497 1083 1551 quem
1107 1481 1246 1536 mediante
1270 1481 1407 1535 sententia
1429 1499 1479 1552 pro
1498 1481 1608 1536 comuni

363 1568 508 1622 ambarum
526 1568 645 1640 partium
663 1567 839 1622 declararunt
862 1569 1044 1624 communiter
1068 1585 1196 1638 reparare
1221 1574 1249 1624 et
1267 1573 1423 1623 sustentare
1440 1569 1510 1624 velle
1535 1567 1607 1624 Sub·

363 1656 459 1726 scripti
477 1671 539 1710 curn
558 1655 639 1725 signo
657 1656 745 1710 mucis
763 1655 888 1710 loannes
913 1655 1033 1711 Michael
1057 1655 1101 1710 dei
1119 1655 1208 1726 gretia
1229 1671 1321 1711 comes
1337 1654 1475 1725 jadrensis
1494 1660 1522 1711 et
1539 1654 1606 1710 Gre-

362 1743 456 1811 gorius
471 1741 567 1810 judea,
586 1743 733 1796 Rainerius
750 1741 887 1812 jadrensis
905 1744 1030 1800 neurius
1048 1743 1165 1813 scripsit

415 1832 449 1882 la
466 1846 527 1884 mea
545 1830 711 1884 collectione

414 1916 600 1972 CCLXXIII.
618 1918 759 1984 venetiis,
778 1933 867 1972 mense
885 1919 1026 1973 Decembri
1044 1921 1121 1972 1232.
1140 1918 1291 1984 Johannes,
1311 1916 1402 1973 Gvido
1420 1924 1448 1973 et
1465 1917 1606 1972 Henrieus

361 2005 476 2060 consitas
494 2005 646 2075 veglenses,
665 2007 912 2076 consanguinitatis
936 2007 1046 2062 vinculo
1071 2005 1197 2072 connexi,
1222 2005 1296 2060 citati
1321 2021 1370 2076 per
1394 2005 1493 2060 ducem
1516 2005 1605 2059 Vene

361 2093 465 2148 ciarum
484 2099 512 2147 et
530 2093 588 2146 eius
607 2093 760 2160 consilium,
780 2100 918 2148 eteorum
937 2093 978 2148 eia
1004 2094 1183 2165 personaliter
1201 2099 1323 2147 astantes
1345 2092 1380 2148 ad
1399 2092 1605 2162 componendas

361 2180 431 2234 iuter
449 2197 479 2234 se
497 2178 649 2234 discordias
668 2187 696 2234 et
712 2181 807 2251 litigia,
827 2185 1015 2236 convenerunt
1036 2182 1065 2235 in
1077 2181 1130 2235 hoc
1142 2185 1239 2251 paeto:
1257 2180 1281 2236 1.
1296 2179 1371 2249 quod
1383 2180 1505 2249 regimen
1520 2180 1605 2235 totius

360 2268 507 2321 comitatus
527 2267 633 2337 Veglae
650 2267 741 2322 taliter
763 2275 874 2338 regatur
893 2285 942 2339 per
966 2285 1022 2334 eos,
1047 2267 1122 2338 quod
1148 2283 1220 2322 unus
1246 2284 1342 2322 eorum
1365 2273 1444 2338 regat
1467 2267 1605 2321 civitatem

359 2371 376 2407 a
394 2355 519 2409 kalendis
537 2355 640 2410 mensis
657 2355 784 2410 Januarii
802 2357 927 2426 proxime
945 2356 1053 2410 venturi
1073 2371 1161 2424 usque
1182 2355 1217 2410 ad
1240 2355 1341 2409 festum
1363 2371 1399 2408 ss.
1413 2353 1603 2424 apostolorum

360 2443 433 2496 Petri
453 2448 481 2497 et
497 2443 578 2496 Pauli
597 2443 685 2513 prImo
703 2449 858 2509 venturum,
878 2449 906 2498 et
924 2443 995 2497 alius
1013 2443 1157 2498 castellum
1175 2443 1311 2509 Muscam,
1325 2442 1483 2511 Dobregna,
1499 2440 1605 2495 Verbe-

360 2530 452 2583 nicnm
470 2537 498 2584 et
516 2531 610 2596 Basca,
629 2531 727 2584 tertius
745 2537 839 2585 autern
857 2531 977 2584 insulam
995 2530 1114 2596 Parvilri,
1133 2536 1161 2584 et
1179 2530 1226 2600 qui
1238 2530 1339 2584 rexerit
1351 2529 1467 2584 eandem
1484 2527 1605 2581 insulam

359 2623 437 2686 regat
455 2623 482 2671 et
500 2618 647 2672 civitatem.
666 2618 704 2672 II.
729 2618 794 2672 Hoc
821 2623 950 2672 tenentur
973 2616 1120 2671 observare
1145 2632 1234 2686 usque
1258 2615 1294 2670 ad
1318 2631 1367 2670 aex
1386 2631 1482 2669 annos.
1501 2615 1554 2668 ΠΙ.
1574 2614 1603 2668 Si

359 2705 459 2774 aliquis
484 2697 580 2760 eorum
604 2705 705 2758 absens
729 2703 819 2771 fuerit,
844 2704 887 2758 vel
911 2703 1084 2774 aegritudine
1107 2709 1157 2758 aut
1175 2703 1268 2773 aliquo
1287 2703 1398 2772 negotio
1417 2701 1602 2778 praepeditus,

358 2791 440 2846 liceat
457 2793 484 2846 ei
501 2793 544 2846 vel
563 2793 603 2846 eis
622 2792 708 2846 vicem
727 2807 807 2846 suam
825 2792 995 2846 committere
1013 2797 1102 2857 uxori,
1128 2791 1223 2856 sorori,
1243 2790 1299 2845 filio
1318 2789 1361 2844 vel
1381 2789 1451 2854 tiliis,
1470 2789 1543 2842 filiae
1560 2785 1604 2842 val

359 2877 476 2944 filiabus,
501 2879 585 2946 fratri,
611 2879 712 2950 nepoti,
737 2895 848 2948 genero,
873 2879 931 2932 sive
955 2879 1163 2947 consanguineo
1188 2894 1327 2948 germano.
1352 2875 1402 2930 IV.
1429 2875 1552 2943 Quilibet
1574 2875 1603 2928 in

359 2966 491 3036 regimine
509 2973 618 3020 tenetur
635 2967 727 3022 lacere
740 2966 870 3035 justicias
888 2971 916 3020 et
928 2967 1048 3020 rationes
1061 2965 1096 3019 de
1109 2966 1167 3019 suis
1178 2963 1336 3018 hominibus
1348 2970 1438 3018 terrae
1450 2961 1603 3018 secundum

358 3053 584 3108 consvetudinem
602 3053 735 3123 ejusdem,
755 3054 877 3123 exceptis
895 3053 1054 3106 hominibus
1073 3052 1201 3122 propriae
1214 3051 1333 3105 familiae
1346 3057 1374 3104 et
1384 3051 1418 3104 iis
1431 3051 1479 3120 qui
1491 3050 1603 3104 aluntur

358 3157 453 3196 eorum
473 3157 545 3212 pane
564 3147 591 3194 et
609 3141 673 3194 vino
701 3141 741 3194 Hi
765 3140 868 3194 debent
889 3139 1007 3210 judicari
1032 3157 1081 3210 per
1105 3146 1160 3193 tres
1185 3139 1310 3195 homines
1336 3138 1370 3192 ad
1389 3138 1442 3192 hoc
1460 3136 1602 3191 ordinatos

359 3245 408 3298 per
426 3245 483 3293 eos,
503 3243 621 3297 quorum
640 3243 727 3280 unum
745 3227 862 3297 quilibet
874 3244 924 3298 per
936 3243 966 3280 se
979 3227 1079 3295 eligere
1091 3225 1182 3293 debet,
1196 3227 1332 3280 sententia
1344 3233 1437 3281 autem
1449 3224 1601 3280 secundum

358 3313 585 3369 consuetudinem
603 3321 692 3368 terrae
711 3314 898 3369 enuntiabitur
922 3331 972 3384 per
995 3315 1131 3369 comitem.
1156 3313 1192 3368 V.
1221 3314 1363 3368 Electione
1386 3330 1482 3368 omnes
1500 3311 1603 3368 debent

358 3401 416 3454 fieri
432 3401 526 3471 justae
553 3399 602 3453 Vlv
623 3399 759 3456 Redditus
778 3409 805 3456 et
823 3407 974 3473 proventus
993 3401 1140 3457 comitatus
1157 3404 1339 3457 communiter
1351 3403 1410 3456 sine
1422 3400 1520 3456 fraude
1532 3401 1603 3454 inter

358 3504 406 3543 eos
424 3487 568 3542 dividetur.
588 3487 655 3542 VII.
673 3489 749 3542 Inter
767 3489 838 3543 duos
857 3490 996 3559 litigantes
1015 3489 1100 3544 habet
1116 3490 1217 3544 tercius
1233 3491 1281 3560 jus
1296 3489 1440 3559 judicandi
1458 3505 1547 3557 usque
1566 3485 1600 3541 ad

361 3577 396 3630 50
415 3575 553 3631 Birantios
566 3576 680 3640 valoris3
699 3574 772 3644 quod
793 3576 876 3630 fuerit
893 3593 985 3648 supra,
1004 3577 1086 3631 liceat
1098 3577 1239 3647 appellare
1254 3577 1289 3630 ad
1302 3579 1406 3632 curiam
1418 3575 1505 3630 ducis.
1518 3574 1600 3629 VIII.

358 3661 514 3715 Remittunt
532 3661 583 3715 sibi
603 3679 699 3716 omncs
718 3663 838 3716 offensas
857 3668 885 3717 et
902 3664 1016 3732 injurias
1034 3665 1122 3719 iactas
1135 3663 1254 3718 vicissim
1266 3664 1431 3718 etomnibus
1443 3662 1601 3718 hominibus

357 3746 482 3815 ejusdem
499 3753 595 3812 terrac,
615 3749 697 3802 salvis
717 3749 859 3803 sententiis
883 3751 1024 3818 quondam
1050 3751 1120 3805 latis.
1146 3752 1198 3806 IX.
1218 3750 1248 3806 Si
1273 3767 1337 3805 vero
1362 3751 1455 3819 aliqua
1473 3750 1600 3820 quaestio

357 3834 428 3888 inter
446 3849 495 3889 eoa
513 3840 573 3888 orta
591 3835 682 3899 fuerit,
701 3842 758 3890 tam
783 3835 811 3889 in
834 3835 962 3892 faciendo
987 3855 1084 3907 pacem
1102 3840 1145 3893 vel
1164 3855 1299 3909 guerram,
1319 3855 1403 3907 quam
1421 3838 1448 3892 in
1467 3836 1600 3891 faciendis

358 3921 455 3975 bannis
475 3937 559 3992 supra
577 3927 649 3976 terra
673 3923 793 3988 alterius,
819 3925 891 3978 etin
910 3923 1050 3978 mutandis
1074 3924 1156 3979 rebus
1177 3927 1265 3996 ipsius
1283 3931 1379 3990 terrae,
1398 3925 1473 3978 illem
1493 3931 1600 3978 sentcn-

356 4009 431 4074 tiam,
451 4025 533 4078 quam
544 4009 727 4063 Martinucius
747 4010 830 4065 frater
842 4013 950 4065 comitis
961 4013 980 4066 J
982 4012 1098 4067 ohannis
1111 4012 1203 4066 tulerit
1215 4029 1300 4084 supra
1313 4012 1479 4083 praemissis,
1493 4012 1600 4066 firman

357 4102 384 4148 et
402 4102 490 4150 ratam
507 4095 657 4150 habebunt.
678 4097 706 4150 Si
727 4103 820 4152 autem
844 4098 889 4152 illa
916 4099 1046 4154 nolluerit
1070 4105 1119 4154 aut
1143 4099 1320 4170 praepeditus
1346 4105 1426 4165 esset,
1450 4100 1535 4153 alium
1553 4099 1600 4154 eli·

356 4198 421 4250 gere
438 4183 510 4236 inira
529 4199 615 4237 unum
633 4201 757 4239 mensem
776 4184 885 4240 debent
913 4186 957 4240 Ad
976 4187 1044 4241 haec
1063 4187 1155 4241 omnia
1169 4187 1333 4254 juraverunt
1351 4185 1404 4240 sub
1423 4203 1513 4256 poene
1533 4189 1600 4241 1000

356 4268 488 4323 librarum
506 4271 700 4325 veneticorum.
720 4271 875 4342 Subscripti
894 4279 979 4327 testes
997 4275 1122 4328 venetici.

409 4357 522 4422 Ljabic‘:
540 4359 617 4412 Mon.
637 4357 712 4414 Clau.
733 4360 828 4413 merid.
849 4363 870 4427 I,
887 4377 917 4427 p.
938 4363 982 4413 49.
