3544 5344
370 358 414 426 50
869 383 889 424 1.
913 368 1113 442 xuxumxvrd,

425 547 527 602 CLXI.
546 549 580 602 A.
605 551 679 604 1223.
704 545 830 602 Andreas
854 546 884 601 11
908 563 965 612 rex,
990 548 1100 616 cognita
1123 545 1285 602 infidelitate
1305 545 1464 616 jobagionis
1489 546 1531 600 sui
1555 545 1612 602 Do·

374 635 458 690 maldi
468 634 503 689 de
516 633 660 700 Chroscia,
674 651 757 704 quam
770 639 867 689 contra
877 634 982 702 regiam
995 650 1125 688 coronam
1138 639 1350 703 perpetraverat,
1363 634 1477 688 consilio
1490 637 1612 687 omnium

368 720 561 790 jobagionium
579 738 699 787 suorum,
719 719 859 792 quandam
877 721 1067 790 possesionem
1086 736 1172 787 suam,
1186 736 1258 789 quae
1269 719 1365 790 incipit
1377 719 1412 773 ab
1431 737 1503 788 aqua
1516 719 1611 785 Cerea,

372 808 543 864 descendens
567 808 601 862 ad
626 825 702 862 mare
726 813 754 862 et
777 807 851 862 venit
873 823 964 876 usqne
987 805 1087 872 artur,
1110 805 1238 860 fidelibus
1262 806 1409 861 comitibus
1432 805 1566 876 Gregorio
1585 813 1613 862 et

370 893 513 966 Stephano
533 893 577 962 (de
595 895 694 964 Bribir)
719 900 747 949 et
770 893 901 948 fratribus
926 891 1076 948 eorundem
1095 899 1208 963 propter
1224 891 1388 948 indeciduae
1406 892 1545 948 fidelitatis
1563 893 1611 948 ob-

370 981 472 1052 sequia,
492 982 611 1036 maxime
638 988 739 1048 autem,
759 982 824 1051 quia
841 980 931 1036 dictus
955 978 1110 1034 Domaldus
1129 981 1400 1050 praenominatorum
1418 979 1541 1034 fidelium
1558 986 1611 1034 ter·

369 1085 436 1135 ram,
455 1068 558 1122 viribus
583 1073 741 1123 exterorum
765 1083 910 1138 regnorum
936 1067 1081 1135 requisitis,
1107 1065 1228 1121 adducto
1253 1067 1374 1121 exercitu
1397 1066 1557 1134 devastavit,
1583 1067 1609 1121 in

369 1155 653 1225 recompensationem
670 1160 811 1210 tantorum
829 1153 988 1208 meritorum
1012 1154 1080 1224 ipsis
1105 1159 1240 1224 perpetuo
1265 1154 1380 1208 contulIt
1399 1153 1610 1224 possidendam

369 1258 453 1310 quam
470 1247 571 1295 terram
589 1241 748 1296 nominatus
767 1239 922 1294 Domaldus
941 1245 968 1294 et
991 1240 1102 1308 cognati
1120 1239 1243 1294 eiusdem
1262 1239 1298 1292 ab
1317 1257 1368 1294 avo
1388 1257 1439 1295 suo
1457 1258 1540 1296 caeco
1559 1241 1611 1295 Zo-

366 1327 451 1398 loyna
469 1327 656 1382 obtinuerunt.
674 1326 830 1381 Introducti
848 1332 913 1380 sunt
936 1325 1020 1380 iidem
1043 1325 1140 1379 fratres
1160 1343 1209 1396 per
1227 1325 1378 1396 Georgium
1396 1327 1483 1381 filium
1500 1325 1610 1382 Jaduch

367 1415 395 1468 in
415 1413 584 1486 praedictam
606 1413 819 1484 possessionem.
843 1413 949 1468 Datum
973 1431 1022 1484 per
1046 1428 1145 1466 manus
1169 1411 1241 1466 Oleti
1259 1413 1413 1468 cancellarii
1432 1419 1459 1468 et
1477 1414 1611 1483 agriensis

367 1503 525 1572 praepositi,
544 1502 679 1556 existente
698 1501 841 1573 Stephano
858 1499 1030 1570 zagrabiensi
1048 1501 1189 1570 episeopo,
1208 1497 1358 1554 Salamone
1377 1499 1458 1554 bano.

426 1589 544 1643 Wearel:
565 1587 631 1643 ona.
651 1587 720 1656 dipl.
739 1587 933 1657 Arpndiaaus.
955 1585 983 1640 Τ.
1007 1585 1053 1654 VI,
1070 1603 1098 1654 p.
1119 1590 1179 1639 419.

420 1710 536 1764 OLXII.
556 1713 633 1764 1223.
653 1709 779 1764 Andreas
798 1709 828 1762 II
846 1725 895 1762 rex
913 1708 999 1763 donat
1017 1707 1145 1775 Gvidoni,
1164 1708 1257 1762 comiti
1268 1707 1304 1762 de
1315 1707 1414 1778 Vegla,
1433 1715 1460 1762 et
1472 1708 1532 1777 ejus
1544 1708 1608 1762 hae-

368 1797 480 1853 redibus
498 1803 586 1852 lotam
604 1804 704 1852 terram
723 1797 905 1866 pertinentem
922 1796 993 1849 insra
1005 1795 1137 1850 ducatum
1150 1795 1305 1861 Slavoniae,
1317 1794 1441 1850 Vinodol
1453 1801 1481 1850 et
1493 1794 1609 1849 Modrns

368 1893 502 1951 vocatam,
521 1902 585 1940 curn
603 1884 731 1938 omnibus
759 1883 929 1953 pertinentiis
953 1889 980 1937 et
1003 1881 1170 1948 redditibus;
1195 1900 1251 1936 una
1268 1882 1414 1937 confirmat
1432 1881 1608 1938 donationem

368 1973 524 2044 praedictae
542 1978 631 2026 terrae
649 1970 767 2026 Modrus
785 1986 834 2041 per
851 1985 944 2038 regem
962 1969 1058 2024 Belem
1076 1969 1121 2024 111
1139 1969 1249 2024 saetam

420 2059 465 2112 Ex
484 2064 659 2127 transumpto
677 2058 803 2112 Martiae
826 2057 898 2126 repta
917 2057 950 2111 de
967 2073 993 2110 o.
1020 2059 1096 2109 1458.
1116 2057 1147 2110 ia
1166 2057 1237 2111 actis
1253 2057 1362 2124 pridem
1380 2057 1488 2112 archivi
1506 2057 1607 2126 repnte.

368 2145 493 2202 scotici.
517 2149 550 2200 N.
576 2148 608 2200 a.
627 2145 661 2200 A.
680 2146 762 2202 Fusa.
789 2147 848 2198 371.
867 2160 909 2198 ar.
929 2147 972 2198 34.
992 2147 1073 2198 Nunc
1090 2143 1206 2198 Pestini.
1225 2143 1321 2211 Fejer:
1339 2145 1397 2201 cod.
1423 2144 1493 2213 dipl.
1512 2144 1607 2213 Hane.

370 2236 424 2303 111,
439 2250 469 2302 p.
491 2237 552 2288 403.

403 2337 536 2392 CLXIII.
546 2340 579 2392 A.
588 2341 667 2394 1223.
674 2335 801 2392 Andreas
810 2336 840 2390 II
850 2353 899 2390 rex
911 2335 1017 2390 confert
1025 2334 1155 2389 fratribus
1163 2351 1183 2388 ι.
1194 2333 1332 2405 sepulchri
1341 2334 1376 2389 de
1386 2334 1606 2389 Poloniaterram

368 2425 446 2494 Laga
463 2425 585 2492 (Thales)
603 2425 631 2478 in
650 2424 781 2480 Slavonia
798 2423 826 2476 in
845 2423 1016 2494 pertinentiis
1034 2423 1115 2477 castri
1134 2423 1214 2476 Krisa
1232 2439 1296 2476 cum
1314 2421 1505 2491 designatione
1522 2428 1607 2477 meta·

366 2529 436 2578 rum,
455 2529 525 2582 quas
543 2510 631 2566 Jonas
651 2510 723 2564 filius
743 2511 821 2564 Pauli
840 2509 875 2564 de
894 2509 957 2564 villa
975 2509 1058 2580 Gyog
1075 2511 1103 2564 in
1123 2509 1253 2580 parochia
1271 2511 1443 2579 sumugieusi
1464 2509 1608 2578 consigna·

367 2599 412 2653 vit.
432 2599 468 2652 Et
486 2597 597 2667 quidem
616 2597 711 2667 incipit
735 2597 824 2666 prima
850 2603 924 2652 meta
949 2597 1027 2651 iuxta
1052 2598 1165 2652 fluvium
1189 2597 1391 2664 Kamasnicha;
1410 2604 1438 2651 et
1456 2595 1607 2668 procedens

368 2702 417 2756 per
436 2701 565 2753 magnam
584 2683 664 2749 viana
683 2701 755 2754 quae
773 2683 850 2738 ducit
873 2699 968 2738 versus
994 2683 1167 2753 Zagrabiarn,
1185 2684 1259 2738 venit
1277 2684 1312 2738 ad
1331 2684 1457 2739 arborem
1476 2684 1607 2754 Gertayn,

367 2769 467 2826 exinde
485 2769 520 2824 ad
539 2769 654 2824 fluvium
673 2769 789 2839 Velyka,
814 2769 862 2838 qui
887 2775 998 2840 separat
1021 2775 1122 2824 terram
1140 2770 1317 2837 Gnathonem
1335 2769 1435 2824 deinde
1453 2768 1489 2824 ad
1506 2770 1607 2836 locum,

367 2857 415 2911 ubi
432 2857 532 2912 fluvius
550 2857 697 2926 Wogircaa
718 2854 814 2910 incidit
836 2857 864 2909 in
888 2855 1003 2910 fluvium
1028 2855 1137 2922 Velilra,
1163 2861 1190 2912 et
1213 2861 1392 2926 separatura
1411 2856 1607 2912 terracomitis

366 2944 468 3010 Petlx03
486 2943 586 3000 deinde
605 2961 654 3014 per
671 2942 785 2997 fluvium
805 2943 953 3012 WogIrzlxa
971 2943 1099 3013 superius
1118 2941 1154 2996 ad
1171 2948 1273 2996 terram
1290 2943 1468 2997 subulcorum
1487 2944 1559 3012 regis
1580 2947 1608 2996 et

367 3031 401 3086 ad
421 3031 531 3102 Zopotb
549 3031 668 3101 potoka;
688 3029 787 3084 exinde
806 3037 1029 3101 supermontem
1048 3034 1076 3084 et
1093 3030 1172 3096 viam,
1191 3045 1287 3084 versus
1306 3031 1439 3084 orientem
1457 3029 1492 3084 ad
1508 3029 1606 3084 vallem

365 3119 464 3173 transit
481 3135 579 3173 nemus
597 3118 800 3172 Kamasniccha
819 3125 846 3172 et
864 3117 937 3172 cadit
954 3119 982 3170 in
1000 3117 1114 3172 fluvium
1133 3117 1320 3171 Kamasnicha
1338 3123 1365 3172 et
1378 3133 1428 3186 per
1440 3115 1559 3172 eundem
1571 3115 1606 3170 ad

366 3206 483 3276 primam
500 3211 604 3260 metam
621 3203 769 3260 redeundo.
795 3204 900 3258 Datum
925 3221 973 3274 per
996 3221 1096 3258 manus
1116 3203 1187 3260 Oleti
1205 3204 1285 3258 aulae
1303 3204 1457 3258 cancellarii
1476 3204 1607 3258 ecelesiae

366 3292 500 3346 veclensis
520 3292 678 3361 praepositi.
701 3291 905 3346 Existentibus:
931 3291 1074 3362 Stephano
1103 3292 1235 3363 episcopo
1258 3291 1438 3362 zagrabiensi,
1458 3289 1607 3346 Salamone

366 3377 446 3444 bano,
467 3378 571 3433 Bothez
589 3379 685 3432 curiali
703 3380 810 3434 comite.

417 3465 465 3520 Ex
483 3471 660 3532 transumpto
679 3466 798 3534 capienti
816 3465 981 3520 clermareis
999 3466 1032 3520 de
1050 3483 1075 3519 a.
1095 3468 1172 3518 1641.
1191 3468 1225 3519 la
1238 3465 1350 3520 arduico
1369 3465 1448 3534 repat
1461 3463 1608 3520 Oroatinc:

365 3557 430 3606 acta
447 3551 619 3605 Jesuttarum
637 3552 867 3621 saprabieass'um.
889 3553 970 3607 Fosc.
993 3551 1070 3622 VIII,
1089 3569 1132 3607 ar.
1152 3556 1176 3605 1.

418 3655 548 3709 CLXIV.
576 3655 658 3709 Circo
682 3659 759 3709 1223.
784 3655 930 3726 Philippus
954 3657 1097 3711 Palatinus
1121 3673 1213 3711 eomes
1238 3655 1273 3710 de
1301 3655 1407 3726 Scepus
1435 3658 1607 3712 exactionem

365 3741 542 3796 dimidiarum
559 3742 697 3796 fertonum
714 3741 837 3796 Johanni
856 3743 913 3797 fibo
931 3744 973 3798 Ua
992 3751 1019 3799 et
1037 3744 1176 3799 Lucaobio
1189 3743 1246 3797 filio
1264 3744 1338 3798 Petri
1357 3744 1538 3798 servientibus
1551 3761 1608 3796 ma-

364 3828 441 3897 gistri
469 3827 593 3884 Thomae
620 3829 737 3900 proximi
765 3835 792 3882 et
816 3831 958 3884 castellani
983 3833 1025 3884 sui
1049 3831 1084 3886 de
1108 3829 1214 3900 scopus
1232 3831 1357 3885 relaxare
1378 3831 1447 3901 petit
1465 3829 1607 3884 universos

365 3921 516 3982 exactores,
536 3916 601 3984 quia
618 3915 672 3985 ipsi
697 3915 845 3970 servientes
870 3934 933 3971 cum
958 3933 990 3971 eo
1009 3918 1037 3970 in
1056 3919 1167 3972 Oroatia
1191 3919 1219 3970 in
1238 3917 1377 3988 praesenti
1395 3917 1518 3972 exercitu
1536 3917 1561 3971 ei
1579 3917 1606 3970 in

364 4003 422 4054 suis
441 4001 559 4056 seruitiis
577 4003 742 4057 exstiterunt
759 4002 927 4058 laborantes.

417 4088 511 4155 Fejer:
532 4089 623 4142 (lodex
641 4090 710 4158 dipl.
732 4089 760 4143 T.
780 4092 832 4143 III.
852 4092 906 4145 vol.
925 4091 965 4156 ΙΙ,
988 4108 1017 4160 p.
1038 4093 1098 4146 480.

418 4191 531 4246 CLXV.
546 4197 569 4246 9.
586 4193 640 4246 kal.
654 4195 792 4249 Januartt
804 4197 882 4250 1224.
895 4194 962 4249 Bela
971 4195 1066 4265 junior
1078 4212 1126 4250 rex
1138 4194 1301 4264 Hungariae
1314 4197 1348 4251 ad
1363 4213 1457 4268 preces
1471 4195 1567 4250 Radus
1580 4201 1609 4249 et

364 4279 479 4334 fratrum
498 4297 612 4335 suorum
636 4280 671 4336 de
693 4281 829 4348 Klolxoch,
854 4280 981 4338 videlicet
1005 4283 1128 4354 Zonyan,
1152 4282 1289 4350 Damiani,
1313 4283 1440 4350 Cristani,
1461 4283 1606 4348 Simeonis,

364 4367 492 4435 Zlabecb,
512 4367 650 4435 Vrancbo,
670 4369 763 4435 Vlcaz,
783 4369 931 4436 Friedrich,
960 4369 1123 4438 Dobrogost
1141 4375 1168 4423 et
1185 4369 1303 4424 chhan
1322 4388 1378 4425 una
1396 4387 1459 4424 cum
1478 4369 1607 4423 omnibus

365 4455 495 4511 fratribus
514 4459 579 4522 ruis,
599 4455 699 4526 quide
718 4457 780 4510 filiis
795 4457 978 4526 jobagionnm
997 4473 1018 4511 s.
1037 4457 1110 4526 regis
1128 4457 1163 4511 de
1181 4455 1298 4512 GorIcza
1318 4456 1425 4511 oriundi
1439 4456 1556 4520 fuerant,
1570 4455 1607 4510 ob

366 4543 525 4598 fidelitatem
544 4545 569 4598 ei
587 4549 614 4598 et
633 4545 703 4614 patri
722 4545 782 4614 ejus
795 4545 955 4615 praestitam
973 4543 1059 4599 donat
1078 4545 1297 4615 praerogativam
1315 4543 1448 4598 libertatis
1467 4549 1495 4598 et
1506 4548 1607 4598 terram

365 4630 400 4685 de
418 4632 560 4698 Klokoeb3
579 4633 617 4686 ita
636 4631 711 4702 quod
730 4633 830 4688 abhinc
848 4632 883 4687 ad
901 4639 1023 4688 castrum
1036 4631 1177 4702 (Gorieha)
1190 4633 1297 4687 nullum
1309 4631 1430 4686 habeant
1441 4637 1608 4703 respectum.
