3544 5344
684 519 831 563 11111111.
1342 501 1386 566 53

190 681 353 737 CLXXIII.
381 683 516 749 Tiburne,
543 686 584 738 15.
612 684 689 738 Mais·
715 687 794 738 1225.
821 685 967 740 Honorius
993 685 1040 740 111
1064 703 1139 758 papa
1161 687 1257 742 scribit
1280 689 1387 758 Ugrino

139 769 353 840 archiepiscopo
380 771 531 838 colocensi,
558 776 667 840 gratum
692 789 722 826 se
746 773 899 843 accepisse,
925 773 1000 842 quod
1023 773 1174 828 catholicae
1198 774 1262 830 fidei
1286 775 1387 830 ductus

138 873 243 924 amore,
262 855 299 912 ad
318 857 505 928 profligandos
523 859 675 915 haereticos
694 859 729 914 de
746 859 849 926 Bonna,
862 860 920 930 Scy
933 860 1002 927 (Sol)
1015 867 1042 916 11
1054 861 1169 928 Vocare,
1183 861 1231 917 ubi
1243 869 1386 933 tamquam

136 944 238 998 lamiae
256 943 368 998 nudatis
386 945 513 998 mammis
532 945 659 1016 publicae
676 945 784 1000 cahrlos
802 963 868 1001 auos
886 947 998 1013 lactant,
1015 947 1051 1002 ed
1065 947 1285 1004 exhortationem
1297 950 1388 1006 bonae

136 1032 290 1086 memoriae
308 1031 417 1086 Acontii
436 1031 520 1102 legati
538 1037 566 1086 11
583 1033 701 1086 aliorum
719 1033 840 1088 uirorum
857 1034 969 1088 viriliter
987 1051 1018 1089 se
1035 1035 1193 1090 accinxerit

191 1136 324 1192 Fcrlatc':
343 1137 424 1206 lllyr.
443 1153 514 1192 socr.
536 1139 564 1190 Τ.
582 1137 642 1206 JV„
655 1153 684 1206 p.
699 1140 740 1190 48.
753 1137 1016 1193 1111111111.
1029 1141 1158 1209 Huapor.
1176 1141 1240 1196 11111.
1260 1144 1283 1212 I,
1298 1147 1385 1211 1155.

192 1293 351 1350 CLXXIV.
370 1295 523 1367 (irapinas,
543 1297 561 1346 2
577 1295 660 1350 Junci
678 1299 755 1350 1225.
774 1295 926 1353 Guacellus
938 1297 1164 1370 archiepiscopus
1178 1300 1343 1369 spalatensis
1356 1305 1384 1354 et

140 1380 278 1436 Martinus
297 1381 445 1452 episcopus
469 1381 655 1438 corbaviensis
673 1389 847 1450 attestantur,
872 1385 947 1454 quod
970 1391 1043 1440 terra
1061 1387 1170 1456 Mogos,
1190 1403 1274 1456 quam
1292 1403 1386 1441 comes

139 1467 297 1522 Domaldns
320 1469 451 1538 ignorans
477 1475 505 1524 et
528 1470 637 1524 incaute
662 1471 815 1524 contulerat
838 1472 997 1542 templariis,
1022 1471 1097 1542 quod
1121 1472 1194 1526 idem
1220 1474 1303 1526 etiam
1324 1474 1386 1544 ipse

140 1571 233 1610 comes
261 1555 418 1610 Domaldus
442 1556 589 1611 affirmavit
613 1563 640 1610 ct
658 1557 801 1612 consessus
820 1563 869 1624 est
891 1564 965 1612 esset
982 1559 1165 1612 castrensium
1183 1560 1332 1614 comitatus
1349 1559 1385 1614 de

141 1641 218 1697 Gora
245 1647 273 1696 et
299 1643 326 1696 in
353 1642 431 1697 nullo
449 1641 502 1696 sibi
521 1648 569 1696 aut
592 1643 717 1712 cognatis
741 1645 895 1714 pertineret.
917 1647 1018 1698 Actum
1036 1645 1065 1698 in
1084 1646 1241 1716 praesentia
1267 1645 1293 1700 d.
1312 1647 1385 1715 regis

139 1729 168 1783 in
186 1729 249 1784 loco
268 1727 406 1800 Crapinae
424 1730 451 1782 in
471 1729 542 1784 festo
560 1729 705 1784 beaterum
723 1731 875 1785 Marcellini
894 1737 921 1786 11
938 1731 1013 1786 Petri
1025 1732 1053 1786 in
1066 1731 1173 1802 capella
1185 1732 1291 1788 domini
1303 1734 1384 1802 regis.

142 1814 280 1871 Pristaldo
298 1814 403 1871 Medilo
422 1817 564 1870 existente.

195 1919 323 1976 Ttaldit:
340 1920 419 1976 Mea.
437 1922 614 1991 episcopatus
630 1923 744 1992 119111.
763 1924 786 1975 1.
803 1938 833 1991 p.
852 1925 896 1974 54.

194 2066 339 2123 CLXXV.
363 2069 504 2136 venetiis,
532 2074 556 2122 3.
585 2069 658 2124 Julia'
684 2074 761 2128 1225.
788 2071 1019 2128 Bartholomaeus
1046 2071 1178 2126 Barocius
1205 2071 1241 2125 de
1265 2071 1386 2128 confinio

140 2173 162 2209 1
188 2156 295 2210 Mariae
322 2155 474 2210 Formosae
499 2162 554 2211 stat
577 2157 685 2228 plegius
709 2157 735 2211 d.
759 2158 877 2213 11111110
896 2160 1176 2230 partemcommunia
1200 2159 1384 2214 Vcneciarum

141 2261 192 2313 pro
209 2243 359 2298 Miroslavo
377 2243 412 2298 de
429 2243 518 2298 Jadra
536 2243 589 2298 sub
608 2262 698 2316 poena
715 2245 848 2300 librarum
860 2246 934 2300 mille
946 2263 1015 2313 ven,
1034 2245 1110 2316 quod
1129 2246 1189 2316 ipse
1208 2246 1296 2299 Mirus
1315 2247 1387 2300 intra

140 2348 200 2384 xxx
219 2329 278 2384 dies
298 2335 347 2384 aut
364 2330 391 2384 in
411 2331 523 2401 propria
547 2348 666 2402 persona
690 2332 828 2388 rediturus
847 2333 882 2386 sit
906 2333 1040 2387 Venetiae
1065 2350 1115 2403 pro
1141 2331 1237 2387 obside
1255 2337 1304 2386 aut
1322 2349 1387 2388 vero

140 2417 231 2472 mittet
249 2417 335 2472 tilium
353 2415 480 2486 Bogdani
503 2417 539 2472 de
565 2418 651 2488 Xigla
668 2418 704 2474 de
721 2417 818 2474 Jadra.
840 2451 874 2460 —
892 2419 963 2474 Item
981 2419 1209 2474 Bartholomaeus
1228 2419 1263 2474 de
1282 2419 1386 2474 Canale

141 2511 197 2558 stat
213 2503 322 2574 plegius
341 2521 391 2574 pro
410 2503 523 2559 Simone
540 2505 618 2560 Desa
642 2505 724 2561 Zotto
742 2505 778 2562 de
795 2506 884 2562 Jadra
903 2505 955 2560 sub
982 2523 1073 2578 poena
1093 2506 1225 2560 librarum
1249 2507 1301 2562 500
1325 2523 1385 2560 ven.

141 2597 170 2645 11
195 2590 321 2644 Joanues
348 2589 476 2645 Badoaro
504 2597 559 2646 stat
585 2608 636 2662 pro
664 2593 773 2648 Marino
801 2592 836 2647 de
862 2592 1013 2648 Bertholdo
1041 2592 1076 2646 de
1099 2592 1187 2646 Jadra
1220 2593 1272 2646 sub
1297 2609 1388 2664 poena

142 2679 212 2732 1500
228 2676 360 2731 librarum
378 2693 439 2732 ven.
459 2679 561 2733 seilicet
586 2681 654 2734 1000
677 2697 727 2750 pro
752 2679 860 2735 Marino
879 2685 906 2734 et
924 2681 976 2734 500
1000 2679 1132 2734 librarum
1151 2697 1201 2749 pro
1220 2677 1333 2734 Simone
1352 2709 1385 2720 -

141 2765 190 2834 qui
208 2769 300 2834 potest
317 2763 449 2819 mandare
467 2781 517 2836 pro
537 2764 633 2820 obside
651 2772 782 2836 nepotem
800 2783 883 2820 sunm
894 2767 1061 2835 Petrignam,
1075 2766 1200 2821 Marinus
1213 2782 1279 2820 vero
1297 2765 1386 2820 illium

141 2850 253 2906 Michae
269 2849 305 2904 de
322 2850 453 2920 Picenigo
471 2851 506 2906 de
523 2851 618 2906 Jadra.
637 2853 708 2908 Item
727 2852 853 2908 Andreas
872 2853 993 2923 Georgio
1012 2859 1067 2906 stat
1090 2853 1199 2922 plegius
1218 2857 1245 2905 ct
1266 2857 1384 2922 pagator

141 2955 193 3008 pro
210 2937 339 2992 Johanne
357 2939 462 2992 Zarata
479 2937 515 2994 de
532 2937 619 2992 Jadra
637 2940 690 2994 sub
709 2957 800 3010 poena
817 2941 891 2994 mille
909 2939 969 2994 libr.
988 2957 1049 2995 ven.
1068 2969 1101 2978 -
1113 2938 1238 2992 Joanues
1250 2936 1385 2991 deJadra

141 3024 177 3078 de
194 3023 314 3080 confinio
333 3041 354 3078 s.
374 3025 479 3078 blariae
502 3042 591 3080 novae
614 3027 711 3096 recipit
735 3044 752 3080 a
774 3025 845 3080 duca
869 3025 995 3081 obsidem
1022 3025 1110 3080 filiurn
1136 3024 1211 3078 Dese
1230 3021 1265 3076 de
1282 3024 1385 3092 Picega

140 3111 177 3166 de
193 3111 288 3166 Jadra.
316 3142 350 3151 -
376 3110 457 3166 Idem
482 3111 559 3166 Desa
585 3111 697 3166 dimittit
723 3113 810 3167 filium
837 3129 920 3166 suum
938 3129 988 3183 pro
1013 3111 1105 3182 plegio
1130 3125 1180 3180 pro
1199 3125 1232 3163 1ο
1250 3109 1279 3162 in
1298 3126 1384 3164 manu

139 3197 259 3254 Joannis
276 3197 312 3252 de
329 3197 417 3252 Jadra
434 3197 470 3252 de
488 3199 608 3254 confinio
626 3216 647 3253 s.
667 3199 772 3254 Mariae
790 3199 949 3254 Formosae.

194 3303 307 3371 Idubit:
325 3305 400 3358 Mea.
419 3302 495 3358 Sica
513 3319 577 3358 1111.
596 3306 618 3371 1,
636 3319 664 3372 p.
684 3308 726 3357 35.

195 3459 354 3516 CLXXVI.
384 3461 526 3531 Venetiis‚
548 3465 572 3513 3.
597 3459 672 3515 Jalii
695 3463 770 3516 1225.
795 3459 920 3514 Marinus
945 3458 1062 3512 Michael
1089 3456 1124 3512 de
1149 3473 1170 3510 s.
1196 3456 1302 3528 Sophia
1329 3461 1385 3510 stat

142 3546 251 3616 plegius
269 3553 296 3601 et
314 3553 431 3617 pagator
449 3546 475 3600 d.
493 3547 557 3602 duci
576 3545 612 3601 ad
631 3553 737 3616 partem
760 3547 915 3601 communis
933 3545 1119 3600 Veneciarum
1137 3560 1188 3616 pro
1209 3543 1331 3597 Martiae
1349 3541 1385 3596 de

143 3631 270 3702 Meigaoa
287 3631 323 3688 de
339 3631 428 3688 Jadra
446 3632 499 3687 sub
517 3649 608 3704 poena
625 3633 699 3686 mille
718 3632 850 3686 librarum
868 3632 1061 3696 veneticarum,
1080 3629 1207 3684 videlicet
1219 3628 1294 3699 quod
1312 3629 1385 3682 intra

143 3737 200 3774 xxx
218 3719 277 3774 dies
294 3719 355 3790 ipse
373 3719 510 3774 Martinus
528 3719 665 3774 rediturus
678 3719 714 3772 sit
731 3719 759 3772 in
772 3719 871 3772 virtute
889 3717 994 3772 domini
1012 3717 1091 3771 ducis
1110 3733 1160 3787 pro
1179 3714 1275 3770 obside
1287 3716 1316 3768 in
1328 3714 1384 3768 Ve-

143 3807 231 3860 netias
243 3806 286 3860 sel
304 3823 391 3861 unum
410 3807 530 3861 filiorum
548 3807 608 3876 ejus
626 3807 723 3860 mittet.
743 3835 777 3846 -
789 3804 896 3860 Eodem
909 3803 953 3858 die
969 3809 1024 3858 stat
1036 3803 1144 3874 plegius
1156 3802 1182 3856 d.
1196 3802 1259 3856 duci
1272 3802 1303 3855 L.
1317 3799 1385 3856 Gra-

141 3892 242 3962 denigo
260 3892 295 3948 de
313 3893 433 3948 confinio
451 3909 473 3946 s.
492 3893 585 3948 Silurii
603 3909 653 3963 pro
672 3892 787 3946 Stelano
805 3891 841 3945 de
858 3891 959 3960 Picags
977 3891 1013 3945 de
1024 3890 1112 3944 Jadra
1129 3889 1182 3943 sub
1194 3905 1285 3959 poena
1302 3887 1385 3941 libra·

141 3997 204 4034 rum
222 3981 291 4034 1000
313 3979 505 4046 veneticorum,
531 3979 606 4049 quod
630 3980 703 4034 intra
725 3997 783 4032 xxx
801 3977 859 4032 dies
878 3979 906 4031 in
925 3977 1039 4049 propria
1055 3992 1174 4046 persona
1192 3973 1330 4029 rediturus
1350 3973 1386 4026 sit

142 4083 193 4137 pro
211 4065 308 4122 obside
326 4065 467 4133 Venetiae,
485 4073 535 4120 aut
552 4065 695 4120 mandabit
712 4083 764 4120 suo
781 4066 843 4120 loco
861 4066 987 4120 Prestem
1004 4063 1092 4118 filium
1108 4061 1217 4116 Micbae
1235 4059 1270 4116 de
1287 4059 1307 4114 J
1309 4059 1384 4113 adra.

196 4170 308 4238 effutis:
327 4170 405 4226 Mon.
424 4170 499 4226 8111.
517 4185 582 4225 mer.
601 4173 623 4240 Ι,
639 4188 668 4239 p.
688 4173 732 4224 34.

195 4317 369 4373 CLXXVII.
388 4319 528 4385 Venatiis,
546 4333 634 4372 111111
651 4319 777 4387 Augusto
792 4319 868 4372 1225.
882 4317 936 4371 Per
947 4315 1048 4370 ducem
1060 4313 1241 4368 Venetiarum
1253 4314 1281 4366 et
1292 4309 1384 4364 minus

142 4405 289 4460 consilium
307 4403 471 4467 ordinatum,
490 4404 565 4474 quod
584 4404 723 4458 Arbenses
747 4421 798 4474 pro
816 4404 962 4472 questione
980 4401 1054 4456 Gelli
1073 4406 1100 4456 et
1118 4403 1186 4454 Arte
1204 4398 1313 4452 solvant
1331 4411 1381 4466 pro

142 4491 253 4546 dnobus
280 4491 369 4558 annis,
396 4491 445 4560 qui
468 4490 556 4560 elapsi
581 4495 665 4556 erant,
689 4489 773 4544 libras
791 4506 845 4544 ccc.
874 4495 937 4543 111
959 4504 1054 4543 mensa
1073 4489 1095 4540 1.
1114 4485 1234 4555 Augusti
1252 4499 1341 4552 usque
1359 4499 1385 4536 vr

143 4593 231 4633 annos
249 4577 339 4632 111111
356 4577 464 4632 insulae
481 4578 553 4631 inter
570 4577 698 4632 comitem
716 4577 755 4630 M.
774 4575 919 4630 arbensem
938 4579 965 4630 et
977 4573 1108 4628 arbenses
1120 4585 1281 4626 communes
1299 4584 1386 4622 rema·

143 4669 227 4719 ncant
245 4663 398 4719 secundum
417 4663 513 4718 datum
531 4662 570 4716 eis
589 4661 693 4716 factum
710 4680 728 4716 a
745 4661 772 4716 d.
790 4661 870 4716 duce.

194 4766 312 4835 Idubs'd:
330 4768 404 4822 Mon.
423 4765 498 4822 8111.
517 4764 613 4819 mcrs'd.
632 4764 656 4833 1,
673 4781 701 4833 p.
721 4769 764 4818 36.
