3464 5382
664 435 809 484 amnena
1304 416 1362 483 171

117 605 196 662 ducit
212 606 288 662 viam
301 604 484 676 Ohalnperda,
503 609 531 662 et
542 603 719 662 ascendendo
731 604 767 660 ad
781 608 904 660 montem
917 603 1085 672 Kemenche,
1103 609 1132 660 et
1147 620 1231 677 porro
1243 607 1367 661 montem

119 693 196 765 Apni
214 708 265 766 per
282 692 373 750 variae
391 697 481 748 metas
499 691 672 764 pervenitad
685 691 947 764 rinmunplicamu,
965 691 1051 761 vulgo
1070 691 1185 748 §keresi
1202 692 1243 747 uti
1255 689 1366 760 dictam,

118 787 148 838 st
171 799 189 836 a
213 785 294 853 parto
317 781 526 852 septentrionali
552 784 698 852 separatur
721 779 952 847 eemuensibm,
976 779 1013 834 ab
1039 779 1166 836 orientali
1190 779 1366 836 acruciierie

119 867 157 924 da
174 867 344 938 Glogonoaa,
362 867 390 922 in
408 867 522 923 meridie
540 883 557 923 a
575 868 754 939 possessione
772 869 939 939 Apatoveoa,
964 866 1018 922 sub
1035 883 1093 923 uno
1117 866 1217 924 arbore
1242 869 1365 925 catione

120 955 219 1027 Kirnly
243 955 340 1026 Kntya
362 955 446 1026 vulgo
470 955 638 1023 nominatus,
663 959 691 1010 et
714 955 789 1010 venit
811 969 861 1028 por
882 954 1002 1010 rivulum
1026 954 1062 1010 ad
1088 953 1194 1012 iontem
1212 955 1365 1025 Stragiche,

9 1115 10 1134 Χ
119 1043 211 1116 pergit
229 1041 265 1097 nd
284 1041 389 1098 fontem
400 1039 492 1099 Fadar
501 1041 604 1114 Kutya,
621 1041 746 1114 pervenit
757 1041 793 1098 ad
806 1046 929 1100 montem
942 1043 1048 1098 Halom
1061 1049 1089 1098 et
1100 1042 1135 1098 ad
1149 1043 1254 1116 priores
1266 1047 1365 1099 metas.

171 1129 222 1186 En
239 1129 311 1185 aerio
329 1129 388 1186 ord.
407 1129 466 1185 Sos
484 1131 551 1185 Jesrt
573 1127 797 1186 ramesmere.
815 1131 851 1185 1⁴².
865 1129 919 1186 IX.
938 1131 988 1186 Nr.
1007 1135 1044 1184 36
1062 1130 1095 1186 irs
1112 1131 1192 1202 reptet
1209 1131 1330 1187 melico.

173 1268 336 1326 CLXXVI.
363 1269 510 1342 hunduni,
535 1273 557 1324 1.
577 1269 703 1326 Octobris
727 1273 807 1326 1249.
826 1271 1007 1327 Innocentius
1026 1268 1078 1327 IV.
1096 1286 1172 1342 papa
1189 1270 1226 1327 ad
1244 1270 1368 1342 quaerel-

120 1359 178 1414 lam
196 1357 306 1413 Alberti
324 1355 511 1418 archidiaconi
529 1355 724 1426 Zagrabiensis
742 1358 882 1428 ecclesiae,
900 1357 1054 1428 quodcum
1069 1358 1224 1430 capitulum
1242 1356 1367 1414 eluedem

120 1445 256 1502 eoeleeim
274 1449 387 1516 pastore
404 1445 528 1501 vacantis
538 1444 661 1513 ‚haberet
677 1445 713 1501 de
731 1446 857 1518 episcopi
876 1445 1075 1502 substitutione
1090 1445 1274 1513 urcundum,
1292 1445 1367 1502 idem

120 1532 334 1588 archidiaconns
346 1532 445 1601 sciens,
456 1531 606 1588 nonnullos
618 1535 653 1588 de
665 1533 727 1604 ipso
740 1533 864 1606 capitulo
876 1533 935 1588 sore
949 1533 1063 1591 maioris
1073 1533 1366 1590 excommunicationis

124 1622 262 1678 manue
279 1619 437 1690 innodatos,
455 1625 484 1676 et
495 1619 571 1692 quod
581 1625 695 1692 propter
704 1637 760 1688 eos,
780 1621 803 1674 ei
817 1621 852 1676 ad
872 1619 1033 1692 eligendum
1051 1621 1271 1690 admitterentur,
1289 1621 1368 1677 fieret

9 1711 10 1716 ’
122 1709 220 1764 electio
243 1707 350 1775 vitiosa,
375 1713 472 1764 contra
496 1725 582 1778 quarn
605 1708 769 1764 electionem
793 1707 839 1763 ille
864 1713 1035 1780 conquestus
1059 1726 1077 1763 a
1101 1707 1224 1780 capitulo
1247 1709 1366 1780 turpiter

124 1797 232 1852 electus
250 1795 341 1863 inerit,
365 1799 394 1851 et
411 1811 461 1868 per
483 1795 545 1850 illos
569 1783 715 1867 Philippus
739 1795 851 1866 reginae
877 1797 1043 1867 Hungariae
1060 1797 1242 1852 cancellarius
1260 1796 1366 1854 electus

122 1901 175 1956 pro
193 1883 336 1956 episcopo,
364 1890 393 1939 et
413 1899 462 1955 per
479 1881 718 1954 archiepiscopum
736 1882 910 1940 colocensem
928 1889 1024 1940 contm
1042 1899 1155 1940 aeneum
1172 1883 1368 1956 appellationis

123 1970 245 2027 directae
263 1969 299 2026 ad
317 1969 413 2026 sedem
436 1969 623 2042 apostolicum
647 1969 827 2026 confirmatus
851 1977 934 2036 esset,
959 1971 1034 2028 unde
1051 1971 1167 2028 mandat
1185 1989 1260 2044 papa
1278 1971 1367 2028 Oena·
1471 1999 1475 2012 2

121 2058 211 2114 diensi
230 2063 259 2114 et
276 2057 420 2115 Sirmiensi
446 2057 585 2130 episcopie
604 2062 632 2112 et
650 2057 744 2112 abbati
768 2058 805 2114 de
828 2059 879 2114 Pel
898 2058 1012 2116 cisterc.
1040 2059 1107 2116 Ord.
1125 2063 1157 2116 nt
1179 2075 1263 2132 super
1287 2077 1366 2132 prae·

121 2147 214 2202 missis
241 2146 391 2217 inquirant,
424 2151 453 2202 el
478 2162 592 2202 cauum
620 2145 789 2202 sufficienter
815 2145 979 2204 insuuctam
997 2147 1034 2204 ad
1062 2146 1157 2203 sedem
1183 2146 1367 2220 apostolicam

123 2239 305 2378 mdxii:
325 2320 408 2392 illyr.
425 2336 497 2378 coer.
518 2323 546 2374 Τ.
570 2321 679 2391 V11.p.
698 2324 762 2377 549.

176 2462 359 2520 DLXXVII.
387 2465 468 2518 124⁹.
486 2461 647 2533 Stephanus
674 2461 762 2516 banus
779 2462 868 2516 totins
886 2461 1035 2518 Slavoniae
1052 2463 1198 2534 significat,
1216 2461 1292 2534 qnod
1303 2477 1368 2518 oon·

122 2552 215 2608 stitnti
233 2551 262 2606 in
281 2551 342 2608 eiua
360 2550 518 2622 praesentia
540 2549 675 2620 Baboneg
698 2564 792 2604 comes
817 2548 854 2604 ab
878 2566 935 2604 nna
958 2554 1038 2620 parte
1062 2555 1091 2606 et
1107 2548 1276 2620 Vulkodrug
1293 2549 1368 2606 iilius

121 2637 254 2695 Abrahae
272 2655 336 2694 cum
353 2638 531 2708 generatione
550 2654 609 2704 sua,
628 2637 753 2692 similiter
764 2653 828 2692 com
839 2636 897 2691 tillo
910 2636 1024 2704 Kumik,
1044 2637 1186 2710 Moydrug
1202 2638 1322 2706 nomine,
1339 2641 1369 2694 et

121 2725 320 2795 Dobromyrio,
339 2729 520 2797 praenotatos
537 2723 707 2794 Vulkodrug
724 2727 895 2796 protestatus
913 2723 956 2790 sit,
976 2739 1006 2779 se
1024 2729 1127 2780 terram
1146 2741 1225 2780 suam
1242 2723 1368 2780 haeredi-

120 2815 220 2869 tariam
240 2813 347 2869 Polana
364 2814 442 2868 iuxta
460 2813 574 2867 fluvium
598 2811 702 2866 Zavam
721 2812 810 2879 sitam,
828 2812 857 2865 in
874 2811 1007 2866 comitatu
1021 2810 1176 2866 Dubieensi
1193 2810 1366 2877 existentem,

121 2901 217 2957 comiti
236 2899 372 2971 &boneg
389 2917 441 2972 pro
460 2904 573 2956 eentum
591 2905 619 2955 et
638 2899 841 2968 qninquaginta
859 2898 954 2969 pensis
973 2896 1140 2954 vendidisse.
1164 2897 1251 2952 Ouins
1269 2902 1367 2966 terrae,

121 2989 195 3044 sient
212 2989 242 3043 in
259 2987 359 3044 litteris
376 2988 452 3044 Petri
469 2988 578 3044 comitis
595 2986 764 3041 Tininiensis
781 2985 916 3062 contineri
934 2984 1010 3052 vidit,
1030 2985 1119 3056 prima
1138 2990 1212 3039 meta
1224 2984 1321 3056 incipit
1338 2986 1367 3040 in

121 3073 352 3147 Corninsdenech
376 3079 405 3130 et
428 3074 505 3132 vadit
526 3075 556 3130 in
579 3074 693 3130 fluvium
718 3072 858 3144 Woynka;
880 3070 955 3127 cadit
972 3073 1000 3126 in
1019 3072 1111 3127 locum
1129 3070 1264 3138 Baholbo,
1289 3071 1367 3141 (Gal-

120 3163 227 3232 dovol)
254 3166 283 3217 et
306 3179 357 3234 per
379 3161 500 3217 eundem
523 3161 639 3216 flurium
662 3159 738 3216 cadit
759 3161 788 3215 in
811 3159 967 3226 Jenenova;
995 3158 1096 3214 deinde
1113 3157 1215 3216 directo
1233 3159 1262 3213 in
1279 3159 1368 3214 Verhi

120 3251 200 3307 vadit
223 3250 252 3304 in
277 3249 483 3320 Komkyerrug,
508 3248 573 3304 inde
597 3265 646 3319 per
670 3247 785 3303 fluvium
803 3246 929 3318 Woynla
946 3246 1085 3302 inlocum
1103 3244 1241 3315 anohya‚
1267 3251 1295 3301 et
1319 3263 1369 3317 per

120 3338 239 3394 fluvium
258 3336 379 3394 Vulchia
402 3335 492 3392 tendit
515 3335 551 3392 ad
576 3335 691 3390 fluvium
708 3334 792 3403 Vun3
817 3339 845 3389 ot
869 3333 945 3389 rudit
968 3335 997 3388 in
1020 3333 1135 3388 fluvium
1158 3333 1242 3400 Zara,
1267 3337 1296 3388 et
1319 3349 1369 3404 per
1406 3383 1410 3392 .

121 3426 253 3483 eundem'
263 3425 335 3480 inira
346 3424 383 3480 ed
395 3441 497 3495 aquam
515 3422 693 3488 Alsevnieha;
713 3421 813 3476 transit
825 3435 910 3491 supra
923 3420 1066 3491 quoddam
1083 3421 1175 3476 lotum
1187 3420 1369 3490 Temeohech,

121 3513 226 3570 deinde
250 3529 336 3584 supra
360 3512 389 3567 in
413 3510 579 3582 Medaegak,
605 3509 671 3564 inde
694 3525 745 3580 per
769 3506 952 3576 Dolboehnm,
980 3525 1053 3578 quae
1076 3509 1250 3564 norminatnr
1274 3508 1369 3576 Lucia,

122 3603 201 3658 venit
218 3601 255 3658 ad
273 3605 404 3669 montem,
429 3599 477 3656 nbi
501 3604 544 3655 est
568 3596 718 3669 Kallysche
737 3600 765 3650 et
782 3611 832 3667 per
849 3599 973 3651 montem
991 3600 1020 3651 et
1037 3595 1110 3650 viam
1134 3595 1276 3668 publicam
1293 3596 1369 3652 vonit

120 3689 160 3745 ad
178 3687 330 3746 Ferlavilik
348 3703 452 3756 areem;
473 3686 574 3742 deinde
591 3684 627 3740 ad
646 3684 766 3756 priorem
784 3688 887 3738 metam
904 3682 1127 3739 Kossivadeveoh
1145 3683 1367 3754 (Koeinndeneo).

175 3777 272 3845 Fejer:
292 3775 355 3832 Ood
374 3775 443 3845 dipl.
463 3778 554 3844 Honp.
575 3773 604 3828 T.
627 3769 752 3828 111.eo1.
774 3774 836 3840 ep.
855 3773 916 3828 102.
935 3772 984 3826 Eo
1001 3771 1178 3843 antepropto
1195 3773 1269 3828 erait
1291 3773 1370 3842 oye-

122 3863 251 3922 aloem.

176 4003 374 4062 Daxxvln.
395 4005 478 4060 (lirco
496 4007 576 4058 1249.
596 4002 724 4058 Andreas
741 4017 861 4072 magnus
873 4017 967 4058 comes
986 4000 1129 4057 (lhelmiae
1146 4016 1211 4056 enm
1229 3999 1287 4055 suis
1306 3999 1370 4054 tiliis

120 4097 236 4165 inpane
253 4089 390 4162 Begdano
414 4096 443 4146 et
466 4091 576 4160 inpane
599 4089 759 4144 Badoslnvo
783 4095 899 4144 etcum
924 4089 982 4143 auis
1006 4087 1146 4144 nobilibus
1167 4085 1239 4141 inira
1260 4087 1370 4156 seriptis

120 4184 198 4237 iurat
214 4178 325 4234 Jacobo
350 4177 463 4234 Dellino
486 4177 579 4232 comiti
605 4175 729 4247 Ragusii
754 4175 895 4230 nobilibus
918 4181 946 4230 et
971 4177 1021 4232 toti
1040 4173 1232 4230 communitati
1250 4173 1368 4228 civitatis

14 4253 20 4270 '
121 4265 295 4338 Ragneinae,
319 4279 350 4321 se
367 4269 530 4337 perpetuam
554 4281 652 4335 pacem
676 4267 834 4318 servaturos
859 4279 924 4318 eum
945 4261 1096 4332 Raguainis
1125 4258 1278 4316 secundum
1297 4260 1366 4314 anti-

121 4371 210 4426 quam
234 4351 473 4408 consuetudinem.
496 4350 579 4406 Jurat
602 4367 637 4406 ex
655 4349 872 4406 chelmensibus:
901 4347 1010 4404 Hrelko
1037 4345 1202 4412 Rastimirld,
1231 4345 1369 4402 Dobrovit

121 4439 274 4506 mouere,
293 4437 713 4510 menorjopuovre,oe0mn1
731 4443 759 4494 er
778 4437 930 4508 eujenmu
948 4435 1109 4504 remoue,
1132 4417 1255 4504 oepmja
1274 4431 1367 4501 oenc,

123 4525 280 4584 Hranirlav
303 4525 470 4596 Prvoslavit,
491 4525 604 4596 Bigrjen
627 4526 719 4594 Mrtit,
744 4525 906 4582 Dobromisl
930 4523 1103 4590 Pobratovic,
1127 4521 1232 4590 Desien
1257 4520 1369 4576 Berivo·

120 4617 204 4688 jerit,
224 4611 362 4672 Badovan
380 4612 555 4682 Priridrutid,
573 4611 663 4668 Hrela
680 4611 824 4680 Desavdit,
851 4611 964 4684 PribJen
983 4610 1117 4677 Zlolevid,
1135 4609 1224 4665 Tema
1242 4591 1368 4680 (lupetid,

125 4703 216 4760 Galae
227 4701 373 4772 Vlksanit,
386 4701 475 4758 Hrela
487 4700 681 4772 Hranidruilt,
695 4697 848 4772 Prjedislar
860 4699 1006 4772 Vlkmirid,
1018 4697 1124 4771 Bojmir
1135 4695 1241 4768 write,
1253 4694 1371 4768 Bogdan
