<?xml version="1.0" encoding="UTF-8"?>
<!DOCTYPE html PUBLIC "-//W3C//DTD XHTML 1.0 Transitional//EN"
    "http://www.w3.org/TR/xhtml1/DTD/xhtml1-transitional.dtd">
<html xmlns="http://www.w3.org/1999/xhtml" xml:lang="en" lang="en">
 <head>
  <title>
</title>
<meta http-equiv="Content-Type" content="text/html;charset=utf-8" />
  <meta name='ocr-system' content='tesseract 3.04.00' />
  <meta name='ocr-capabilities' content='ocr_page ocr_carea ocr_par ocr_line ocrx_word'/>
</head>
<body>
  <div class='ocr_page' id='page_1' title='image "./regestadocument00sakcgoog_0221.png"; bbox 0 0 3488 5380; ppageno 0'>
   <div class='ocr_carea' id='block_1_1' title="bbox 641 316 1380 380">
    <p class='ocr_par' dir='ltr' id='par_1_1' title="bbox 641 316 1380 380">
     <span class='ocr_line' id='line_1_1' title="bbox 641 316 1380 380; baseline 0.003 -2"><span class='ocrx_word' id='word_1_1' title='bbox 641 337 785 378; x_wconf 77' lang='grc'><strong><em>11111111.</em></strong></span> <span class='ocrx_word' id='word_1_2' title='bbox 1316 316 1380 380; x_wconf 81' lang='lat'><strong>215</strong></span> 
     </span>
    </p>
   </div>
   <div class='ocr_carea' id='block_1_2' title="bbox 126 497 1379 750">
    <p class='ocr_par' dir='ltr' id='par_1_2' title="bbox 126 497 1379 750">
     <span class='ocr_line' id='line_1_2' title="bbox 185 497 1379 574; baseline 0.005 -22"><span class='ocrx_word' id='word_1_3' title='bbox 185 497 378 554; x_wconf 85' lang='lat' dir='ltr'><strong>DCOXXIII.</strong></span> <span class='ocrx_word' id='word_1_4' title='bbox 406 499 643 556; x_wconf 73' lang='grc'><strong><em>1151311111.</em></strong></span> <span class='ocrx_word' id='word_1_5' title='bbox 667 517 716 556; x_wconf 80' lang='lat' dir='ltr'><strong>rer</strong></span> <span class='ocrx_word' id='word_1_6' title='bbox 741 506 838 556; x_wconf 91' lang='lat' dir='ltr'><strong>notum</strong></span> <span class='ocrx_word' id='word_1_7' title='bbox 862 502 936 565; x_wconf 85' lang='lat' dir='ltr'><strong>facit,</strong></span> <span class='ocrx_word' id='word_1_8' title='bbox 962 501 1036 574; x_wconf 92' lang='lat' dir='ltr'><strong>quod</strong></span> <span class='ocrx_word' id='word_1_9' title='bbox 1062 518 1127 557; x_wconf 87' lang='lat' dir='ltr'><strong>eum</strong></span> <span class='ocrx_word' id='word_1_10' title='bbox 1150 509 1215 573; x_wconf 85' lang='lat' dir='ltr'><strong>post</strong></span> <span class='ocrx_word' id='word_1_11' title='bbox 1238 519 1379 558; x_wconf 75' lang='lat' dir='ltr'>recessum</span> 
     </span>
     <span class='ocr_line' id='line_1_3' title="bbox 129 586 1379 662; baseline 0.005 -22"><span class='ocrx_word' id='word_1_12' title='bbox 129 586 311 640; x_wconf 87' lang='lat' dir='ltr'><strong>Tartarorum</strong></span> <span class='ocrx_word' id='word_1_13' title='bbox 340 591 426 640; x_wconf 89' lang='lat' dir='ltr'><strong>terras</strong></span> <span class='ocrx_word' id='word_1_14' title='bbox 450 603 467 640; x_wconf 89' lang='lat' dir='ltr'><strong>a</strong></span> <span class='ocrx_word' id='word_1_15' title='bbox 490 591 580 643; x_wconf 87' lang='lat' dir='ltr'><strong>castro</strong></span> <span class='ocrx_word' id='word_1_16' title='bbox 603 604 653 658; x_wconf 90' lang='lat' dir='ltr'><strong>per</strong></span> <span class='ocrx_word' id='word_1_17' title='bbox 678 588 836 658; x_wconf 89' lang='lat' dir='ltr'><strong>quempiam</strong></span> <span class='ocrx_word' id='word_1_18' title='bbox 860 587 981 644; x_wconf 89' lang='lat' dir='ltr'><strong>indebite</strong></span> <span class='ocrx_word' id='word_1_19' title='bbox 1006 595 1156 660; x_wconf 85' lang='lat' dir='ltr'><strong>occupatas</strong></span> <span class='ocrx_word' id='word_1_20' title='bbox 1181 606 1230 662; x_wconf 91' lang='lat' dir='ltr'><strong>per</strong></span> <span class='ocrx_word' id='word_1_21' title='bbox 1255 591 1379 646; x_wconf 79' lang='lat' dir='ltr'><strong>diversos</strong></span> 
     </span>
     <span class='ocr_line' id='line_1_4' title="bbox 126 673 1378 750; baseline 0.004 -23"><span class='ocrx_word' id='word_1_22' title='bbox 126 673 240 744; x_wconf 83' lang='lat' dir='ltr'><strong>judices</strong></span> <span class='ocrx_word' id='word_1_23' title='bbox 258 675 380 728; x_wconf 88' lang='lat' dir='ltr'><strong>revocari</strong></span> <span class='ocrx_word' id='word_1_24' title='bbox 399 679 427 728; x_wconf 92' lang='lat' dir='ltr'><strong>et</strong></span> <span class='ocrx_word' id='word_1_25' title='bbox 445 677 536 728; x_wconf 87' lang='lat' dir='ltr'><strong>castro</strong></span> <span class='ocrx_word' id='word_1_26' title='bbox 554 674 660 729; x_wconf 84' lang='lat' dir='ltr'><strong>restitui</strong></span> <span class='ocrx_word' id='word_1_27' title='bbox 679 673 791 741; x_wconf 73' lang='lat' dir='ltr'><strong>fecerit,</strong></span> <span class='ocrx_word' id='word_1_28' title='bbox 818 675 889 730; x_wconf 85' lang='lat' dir='ltr'><strong>inter</strong></span> <span class='ocrx_word' id='word_1_29' title='bbox 908 679 1017 732; x_wconf 88' lang='lat' dir='ltr'><strong>caetera</strong></span> <span class='ocrx_word' id='word_1_30' title='bbox 1029 682 1164 732; x_wconf 87' lang='lat' dir='ltr'><strong>terrarum</strong></span> <span class='ocrx_word' id='word_1_31' title='bbox 1177 694 1227 750; x_wconf 87' lang='lat' dir='ltr'><strong>per</strong></span> <span class='ocrx_word' id='word_1_32' title='bbox 1239 678 1378 733; x_wconf 90' lang='lat' dir='ltr'><strong>Banatum</strong></span> 
     </span>
    </p>
   </div>
   <div class='ocr_carea' id='block_1_3' title="bbox 128 759 1380 1355">
    <p class='ocr_par' dir='ltr' id='par_1_3' title="bbox 128 759 1380 1355">
     <span class='ocr_line' id='line_1_5' title="bbox 130 759 1379 832; baseline 0.004 -18"><span class='ocrx_word' id='word_1_33' title='bbox 130 761 207 814; x_wconf 90' lang='lat' dir='ltr'><strong>ultra</strong></span> <span class='ocrx_word' id='word_1_34' title='bbox 225 759 347 816; x_wconf 87' lang='lat' dir='ltr'><strong>Dravam</strong></span> <span class='ocrx_word' id='word_1_35' title='bbox 367 761 545 816; x_wconf 86' lang='lat' dir='ltr'><strong>existentium</strong></span> <span class='ocrx_word' id='word_1_36' title='bbox 560 765 587 815; x_wconf 93' lang='lat' dir='ltr'><strong>et</strong></span> <span class='ocrx_word' id='word_1_37' title='bbox 599 761 753 832; x_wconf 74' lang='lat' dir='ltr'><strong>specialiter</strong></span> <span class='ocrx_word' id='word_1_38' title='bbox 771 763 851 816; x_wconf 89' lang='lat' dir='ltr'><strong>castri</strong></span> <span class='ocrx_word' id='word_1_39' title='bbox 871 760 1044 832; x_wconf 84' lang='lat' dir='ltr'><strong>Simigiensis</strong></span> <span class='ocrx_word' id='word_1_40' title='bbox 1057 762 1159 818; x_wconf 81' lang='lat' dir='ltr'>ibidem</span> <span class='ocrx_word' id='word_1_41' title='bbox 1171 765 1244 819; x_wconf 87' lang='lat' dir='ltr'><strong>ultra</strong></span> <span class='ocrx_word' id='word_1_42' title='bbox 1257 765 1379 820; x_wconf 91' lang='lat' dir='ltr'><strong>Dravam</strong></span> 
     </span>
     <span class='ocr_line' id='line_1_6' title="bbox 129 847 1378 921; baseline 0.002 -17"><span class='ocrx_word' id='word_1_43' title='bbox 129 848 311 904; x_wconf 84' lang='lat' dir='ltr'><strong>existentium</strong></span> <span class='ocrx_word' id='word_1_44' title='bbox 330 847 473 918; x_wconf 82' lang='lat' dir='ltr'><strong>Stephano</strong></span> <span class='ocrx_word' id='word_1_45' title='bbox 493 847 565 902; x_wconf 90' lang='lat' dir='ltr'><strong>bano</strong></span> <span class='ocrx_word' id='word_1_46' title='bbox 584 848 670 904; x_wconf 88' lang='lat' dir='ltr'><strong>totius</strong></span> <span class='ocrx_word' id='word_1_47' title='bbox 688 847 836 904; x_wconf 79' lang='lat' dir='ltr'><strong>Slavoniae</strong></span> <span class='ocrx_word' id='word_1_48' title='bbox 854 855 882 904; x_wconf 90' lang='lat' dir='ltr'><strong>et</strong></span> <span class='ocrx_word' id='word_1_49' title='bbox 900 850 1046 920; x_wconf 91' lang='lat' dir='ltr'><strong>capitaneo</strong></span> <span class='ocrx_word' id='word_1_50' title='bbox 1065 849 1174 921; x_wconf 79' lang='lat' dir='ltr'><strong>Styriae</strong></span> <span class='ocrx_word' id='word_1_51' title='bbox 1198 851 1279 906; x_wconf 88' lang='lat' dir='ltr'><strong>duxit</strong></span> <span class='ocrx_word' id='word_1_52' title='bbox 1303 869 1378 907; x_wconf 93' lang='lat' dir='ltr'><strong>com·</strong></span> 
     </span>
     <span class='ocr_line' id='line_1_7' title="bbox 128 933 1373 1012; baseline 0.003 -22"><span class='ocrx_word' id='word_1_53' title='bbox 128 933 302 990; x_wconf 87' lang='lat' dir='ltr'><strong>mittendam.</strong></span> <span class='ocrx_word' id='word_1_54' title='bbox 316 935 428 990; x_wconf 87' lang='lat' dir='ltr'><strong>Praeter</strong></span> <span class='ocrx_word' id='word_1_55' title='bbox 446 934 516 990; x_wconf 90' lang='lat' dir='ltr'><strong>alios</strong></span> <span class='ocrx_word' id='word_1_56' title='bbox 530 951 705 1012; x_wconf 69' lang='lat' dir='ltr'><strong>possessores</strong></span> <span class='ocrx_word' id='word_1_57' title='bbox 718 936 792 990; x_wconf 90' lang='lat' dir='ltr'><strong>venit</strong></span> <span class='ocrx_word' id='word_1_58' title='bbox 803 941 869 991; x_wconf 90' lang='lat' dir='ltr'><strong>tunc</strong></span> <span class='ocrx_word' id='word_1_59' title='bbox 882 937 910 990; x_wconf 89' lang='lat' dir='ltr'><strong>in</strong></span> <span class='ocrx_word' id='word_1_60' title='bbox 925 937 1093 1008; x_wconf 73' lang='lat' dir='ltr'><strong>presentiam</strong></span> <span class='ocrx_word' id='word_1_61' title='bbox 1107 938 1180 1008; x_wconf 81' lang='lat' dir='ltr'><strong>regis</strong></span> <span class='ocrx_word' id='word_1_62' title='bbox 1198 954 1292 994; x_wconf 90' lang='lat' dir='ltr'><strong>eomes</strong></span> <span class='ocrx_word' id='word_1_63' title='bbox 1311 939 1373 994; x_wconf 90' lang='lat' dir='ltr'><strong>Hu-</strong></span> 
     </span>
     <span class='ocr_line' id='line_1_8' title="bbox 131 1021 1380 1096; baseline 0.004 -20"><span class='ocrx_word' id='word_1_64' title='bbox 131 1021 200 1076; x_wconf 89' lang='lat' dir='ltr'><strong>dina</strong></span> <span class='ocrx_word' id='word_1_65' title='bbox 219 1037 282 1076; x_wconf 88' lang='lat' dir='ltr'><strong>eum</strong></span> <span class='ocrx_word' id='word_1_66' title='bbox 302 1021 445 1092; x_wconf 89' lang='lat' dir='ltr'><strong>privilegio</strong></span> <span class='ocrx_word' id='word_1_67' title='bbox 473 1023 545 1092; x_wconf 83' lang='lat' dir='ltr'><strong>regie</strong></span> <span class='ocrx_word' id='word_1_68' title='bbox 568 1039 652 1092; x_wconf 89' lang='lat' dir='ltr'><strong>super</strong></span> <span class='ocrx_word' id='word_1_69' title='bbox 675 1028 748 1077; x_wconf 90' lang='lat' dir='ltr'><strong>terra</strong></span> <span class='ocrx_word' id='word_1_70' title='bbox 766 1023 881 1078; x_wconf 85' lang='lat' dir='ltr'><strong>Wialruz</strong></span> <span class='ocrx_word' id='word_1_71' title='bbox 899 1040 984 1093; x_wconf 90' lang='lat' dir='ltr'><strong>quam</strong></span> <span class='ocrx_word' id='word_1_72' title='bbox 1002 1041 1019 1078; x_wconf 89' lang='grc'><strong>1</strong></span> <span class='ocrx_word' id='word_1_73' title='bbox 1037 1029 1128 1080; x_wconf 85' lang='lat' dir='ltr'><strong>castro</strong></span> <span class='ocrx_word' id='word_1_74' title='bbox 1146 1023 1305 1096; x_wconf 72' lang='lat' dir='ltr'><strong>simigiensi</strong></span> <span class='ocrx_word' id='word_1_75' title='bbox 1323 1027 1380 1081; x_wconf 84' lang='lat' dir='ltr'><strong>exi-</strong></span> 
     </span>
     <span class='ocr_line' id='line_1_9' title="bbox 131 1108 1380 1184; baseline 0.003 -20"><span class='ocrx_word' id='word_1_76' title='bbox 131 1108 237 1164; x_wconf 90' lang='lat' dir='ltr'><strong>mendo</strong></span> <span class='ocrx_word' id='word_1_77' title='bbox 257 1125 307 1180; x_wconf 91' lang='lat' dir='ltr'><strong>pro</strong></span> <span class='ocrx_word' id='word_1_78' title='bbox 327 1109 444 1164; x_wconf 88' lang='lat' dir='ltr'><strong>servitiis</strong></span> <span class='ocrx_word' id='word_1_79' title='bbox 462 1110 523 1179; x_wconf 88' lang='lat' dir='ltr'><strong>ejus</strong></span> <span class='ocrx_word' id='word_1_80' title='bbox 541 1109 566 1164; x_wconf 89' lang='lat' dir='ltr'><strong>ei</strong></span> <span class='ocrx_word' id='word_1_81' title='bbox 584 1110 738 1164; x_wconf 87' lang='lat' dir='ltr'><strong>contulerat</strong></span> <span class='ocrx_word' id='word_1_82' title='bbox 756 1125 804 1165; x_wconf 89' lang='lat' dir='ltr'><strong>rex</strong></span> <span class='ocrx_word' id='word_1_83' title='bbox 823 1110 875 1166; x_wconf 91' lang='lat' dir='ltr'><strong>sub</strong></span> <span class='ocrx_word' id='word_1_84' title='bbox 894 1127 978 1168; x_wconf 87' lang='lat' dir='ltr'><strong>aurea</strong></span> <span class='ocrx_word' id='word_1_85' title='bbox 997 1109 1074 1166; x_wconf 88' lang='lat' dir='ltr'><strong>bulla</strong></span> <span class='ocrx_word' id='word_1_86' title='bbox 1093 1111 1165 1180; x_wconf 90' lang='lat' dir='ltr'><strong>(vide</strong></span> <span class='ocrx_word' id='word_1_87' title='bbox 1184 1113 1271 1180; x_wconf 81' lang='lat'><strong>1245).</strong></span> <span class='ocrx_word' id='word_1_88' title='bbox 1290 1113 1380 1184; x_wconf 84' lang='lat' dir='ltr'><strong>Super</strong></span> 
     </span>
     <span class='ocr_line' id='line_1_10' title="bbox 130 1195 1377 1270; baseline 0.005 -20"><span class='ocrx_word' id='word_1_89' title='bbox 130 1213 190 1266; x_wconf 89' lang='lat' dir='ltr'><strong>qua</strong></span> <span class='ocrx_word' id='word_1_90' title='bbox 208 1203 281 1252; x_wconf 88' lang='lat' dir='ltr'><strong>terra</strong></span> <span class='ocrx_word' id='word_1_91' title='bbox 299 1213 348 1252; x_wconf 85' lang='lat' dir='ltr'><strong>rex</strong></span> <span class='ocrx_word' id='word_1_92' title='bbox 367 1195 539 1267; x_wconf 89' lang='lat' dir='ltr'><strong>privilegium</strong></span> <span class='ocrx_word' id='word_1_93' title='bbox 553 1196 694 1251; x_wconf 77' lang='lat' dir='ltr'><strong>innovavit</strong></span> <span class='ocrx_word' id='word_1_94' title='bbox 711 1201 739 1251; x_wconf 92' lang='lat' dir='ltr'><strong>et</strong></span> <span class='ocrx_word' id='word_1_95' title='bbox 756 1197 936 1253; x_wconf 87' lang='lat' dir='ltr'><strong>confirmavit.</strong></span> <span class='ocrx_word' id='word_1_96' title='bbox 948 1198 1053 1253; x_wconf 88' lang='lat' dir='ltr'><strong>Datum</strong></span> <span class='ocrx_word' id='word_1_97' title='bbox 1073 1215 1122 1270; x_wconf 91' lang='lat' dir='ltr'><strong>per</strong></span> <span class='ocrx_word' id='word_1_98' title='bbox 1139 1216 1239 1255; x_wconf 86' lang='lat' dir='ltr'><strong>manue</strong></span> <span class='ocrx_word' id='word_1_99' title='bbox 1252 1200 1377 1270; x_wconf 79' lang='lat' dir='ltr'><strong>magistri</strong></span> 
     </span>
     <span class='ocr_line' id='line_1_11' title="bbox 132 1283 934 1355; baseline 0 -15"><span class='ocrx_word' id='word_1_100' title='bbox 132 1283 281 1355; x_wconf 86' lang='lat' dir='ltr'><strong>Smaragdi</strong></span> <span class='ocrx_word' id='word_1_101' title='bbox 302 1283 424 1339; x_wconf 87' lang='lat' dir='ltr'><strong>albensis</strong></span> <span class='ocrx_word' id='word_1_102' title='bbox 443 1284 593 1354; x_wconf 78' lang='lat' dir='ltr'><strong>praepositi</strong></span> <span class='ocrx_word' id='word_1_103' title='bbox 611 1284 691 1339; x_wconf 90' lang='lat' dir='ltr'><strong>aulae</strong></span> <span class='ocrx_word' id='word_1_104' title='bbox 710 1284 934 1340; x_wconf 71' lang='lat' dir='ltr'><strong>vicecancellarii.</strong></span> 
     </span>
    </p>
   </div>
   <div class='ocr_carea' id='block_1_4' title="bbox 189 1389 659 1458">
    <p class='ocr_par' dir='ltr' id='par_1_4' title="bbox 189 1389 659 1458">
     <span class='ocr_line' id='line_1_12' title="bbox 189 1389 659 1458; baseline -0.002 -14"><span class='ocrx_word' id='word_1_105' title='bbox 189 1389 317 1446; x_wconf 67' lang='lat' dir='ltr'><strong>staltis:</strong></span> <span class='ocrx_word' id='word_1_106' title='bbox 336 1390 414 1446; x_wconf 80' lang='lat' dir='ltr'><strong>Mon.</strong></span> <span class='ocrx_word' id='word_1_107' title='bbox 433 1389 496 1445; x_wconf 78' lang='lat' dir='ltr'><strong>bist.</strong></span> <span class='ocrx_word' id='word_1_108' title='bbox 517 1392 538 1444; x_wconf 92' lang='grc'><strong>1.</strong></span> <span class='ocrx_word' id='word_1_109' title='bbox 553 1405 585 1458; x_wconf 82' lang='lat' dir='ltr'><strong>p.</strong></span> <span class='ocrx_word' id='word_1_110' title='bbox 602 1392 659 1443; x_wconf 87' lang='lat'><strong>112.</strong></span> 
     </span>
    </p>
   </div>
   <div class='ocr_carea' id='block_1_5' title="bbox 129 1529 1381 1934">
    <p class='ocr_par' dir='ltr' id='par_1_5' title="bbox 129 1529 1381 1934">
     <span class='ocr_line' id='line_1_13' title="bbox 188 1529 1381 1602; baseline -0.002 -17"><span class='ocrx_word' id='word_1_111' title='bbox 188 1529 378 1586; x_wconf 84' lang='lat' dir='ltr'><strong>DCGXXIV.</strong></span> <span class='ocrx_word' id='word_1_112' title='bbox 398 1535 474 1586; x_wconf 77' lang='grc'><strong><em>1156.</em></strong></span> <span class='ocrx_word' id='word_1_113' title='bbox 494 1530 654 1602; x_wconf 76' lang='lat' dir='ltr'><strong>Capitulum</strong></span> <span class='ocrx_word' id='word_1_114' title='bbox 673 1531 805 1586; x_wconf 88' lang='lat' dir='ltr'><strong>ecclesiae</strong></span> <span class='ocrx_word' id='word_1_115' title='bbox 819 1531 1013 1601; x_wconf 87' lang='lat' dir='ltr'><strong>Zagrabiensis</strong></span> <span class='ocrx_word' id='word_1_116' title='bbox 1031 1536 1129 1587; x_wconf 88' lang='lat' dir='ltr'><strong>notum</strong></span> <span class='ocrx_word' id='word_1_117' title='bbox 1142 1529 1216 1598; x_wconf 82' lang='lat' dir='ltr'><strong>facit,</strong></span> <span class='ocrx_word' id='word_1_118' title='bbox 1235 1529 1381 1600; x_wconf 89' lang='lat' dir='ltr'><strong>quodMa-</strong></span> 
     </span>
     <span class='ocr_line' id='line_1_14' title="bbox 132 1617 1381 1689; baseline -0.002 -18"><span class='ocrx_word' id='word_1_119' title='bbox 132 1619 213 1672; x_wconf 89' lang='lat' dir='ltr'><strong>rinus</strong></span> <span class='ocrx_word' id='word_1_120' title='bbox 232 1617 305 1672; x_wconf 88' lang='lat' dir='ltr'><strong>filius</strong></span> <span class='ocrx_word' id='word_1_121' title='bbox 323 1618 441 1687; x_wconf 87' lang='lat' dir='ltr'><strong>Bogdan</strong></span> <span class='ocrx_word' id='word_1_122' title='bbox 459 1617 495 1673; x_wconf 90' lang='lat' dir='ltr'><strong>de</strong></span> <span class='ocrx_word' id='word_1_123' title='bbox 513 1618 603 1689; x_wconf 88' lang='lat' dir='ltr'><strong>Blyna</strong></span> <span class='ocrx_word' id='word_1_124' title='bbox 620 1633 713 1674; x_wconf 88' lang='lat' dir='ltr'><strong>coram</strong></span> <span class='ocrx_word' id='word_1_125' title='bbox 736 1618 809 1672; x_wconf 93' lang='lat' dir='ltr'><strong>bano</strong></span> <span class='ocrx_word' id='word_1_126' title='bbox 835 1619 980 1674; x_wconf 86' lang='lat' dir='ltr'><strong>consessus</strong></span> <span class='ocrx_word' id='word_1_127' title='bbox 1006 1620 1041 1672; x_wconf 90' lang='lat' dir='ltr'><strong>sit</strong></span> <span class='ocrx_word' id='word_1_128' title='bbox 1065 1624 1120 1673; x_wconf 86' lang='lat' dir='ltr'><strong>tres</strong></span> <span class='ocrx_word' id='word_1_129' title='bbox 1145 1619 1239 1672; x_wconf 89' lang='lat' dir='ltr'><strong>vineas</strong></span> <span class='ocrx_word' id='word_1_130' title='bbox 1263 1633 1329 1672; x_wconf 87' lang='lat' dir='ltr'><strong>suas</strong></span> <span class='ocrx_word' id='word_1_131' title='bbox 1352 1617 1381 1670; x_wconf 93' lang='lat' dir='ltr'><strong>in</strong></span> 
     </span>
     <span class='ocr_line' id='line_1_15' title="bbox 132 1703 1380 1775; baseline -0.002 -15"><span class='ocrx_word' id='word_1_132' title='bbox 132 1705 244 1760; x_wconf 79' lang='lat' dir='ltr'><strong>Samon</strong></span> <span class='ocrx_word' id='word_1_133' title='bbox 260 1705 342 1775; x_wconf 82' lang='lat' dir='ltr'><strong>juxta</strong></span> <span class='ocrx_word' id='word_1_134' title='bbox 361 1705 458 1759; x_wconf 91' lang='lat' dir='ltr'><strong>silvam</strong></span> <span class='ocrx_word' id='word_1_135' title='bbox 483 1707 590 1760; x_wconf 86' lang='lat' dir='ltr'><strong>Lomna</strong></span> <span class='ocrx_word' id='word_1_136' title='bbox 609 1705 731 1760; x_wconf 86' lang='lat' dir='ltr'><strong>Johanni</strong></span> <span class='ocrx_word' id='word_1_137' title='bbox 749 1705 807 1760; x_wconf 85' lang='lat' dir='ltr'><strong>filio</strong></span> <span class='ocrx_word' id='word_1_138' title='bbox 824 1706 953 1760; x_wconf 86' lang='lat' dir='ltr'><strong>Iwaneeh</strong></span> <span class='ocrx_word' id='word_1_139' title='bbox 970 1705 1006 1760; x_wconf 91' lang='lat' dir='ltr'><strong>de</strong></span> <span class='ocrx_word' id='word_1_140' title='bbox 1024 1705 1131 1761; x_wconf 82' lang='lat' dir='ltr'><strong>Sesnov</strong></span> <span class='ocrx_word' id='word_1_141' title='bbox 1150 1703 1309 1760; x_wconf 88' lang='lat' dir='ltr'><strong>vendidisse</strong></span> <span class='ocrx_word' id='word_1_142' title='bbox 1328 1719 1380 1774; x_wconf 91' lang='lat' dir='ltr'><strong>pro</strong></span> 
     </span>
     <span class='ocr_line' id='line_1_16' title="bbox 135 1789 1381 1864; baseline -0.002 -18"><span class='ocrx_word' id='word_1_143' title='bbox 135 1789 348 1862; x_wconf 88' lang='lat' dir='ltr'><strong>quatuordecim</strong></span> <span class='ocrx_word' id='word_1_144' title='bbox 365 1792 466 1864; x_wconf 87' lang='lat' dir='ltr'><strong>pensis.</strong></span> <span class='ocrx_word' id='word_1_145' title='bbox 480 1791 586 1848; x_wconf 89' lang='lat' dir='ltr'><strong>Datum</strong></span> <span class='ocrx_word' id='word_1_146' title='bbox 605 1809 654 1864; x_wconf 88' lang='lat' dir='ltr'><strong>per</strong></span> <span class='ocrx_word' id='word_1_147' title='bbox 671 1808 771 1847; x_wconf 87' lang='lat' dir='ltr'><strong>manus</strong></span> <span class='ocrx_word' id='word_1_148' title='bbox 783 1793 908 1864; x_wconf 82' lang='lat' dir='ltr'><strong>magistri</strong></span> <span class='ocrx_word' id='word_1_149' title='bbox 920 1792 1064 1850; x_wconf 83' lang='lat' dir='ltr'><strong>Michaelis</strong></span> <span class='ocrx_word' id='word_1_150' title='bbox 1076 1793 1187 1848; x_wconf 88' lang='lat' dir='ltr'><strong>lectoris</strong></span> <span class='ocrx_word' id='word_1_151' title='bbox 1202 1789 1381 1861; x_wconf 82' lang='lat' dir='ltr'><strong>Zagrabienis</strong></span> 
     </span>
     <span class='ocr_line' id='line_1_17' title="bbox 129 1879 277 1934; baseline -0.02 0"><span class='ocrx_word' id='word_1_152' title='bbox 129 1879 277 1934; x_wconf 87' lang='lat' dir='ltr'><strong>ecclesiae.</strong></span> 
     </span>
    </p>
   </div>
   <div class='ocr_carea' id='block_1_6' title="bbox 188 1982 710 2052">
    <p class='ocr_par' dir='ltr' id='par_1_6' title="bbox 188 1982 710 2052">
     <span class='ocr_line' id='line_1_18' title="bbox 188 1982 710 2052; baseline 0.006 -16"><span class='ocrx_word' id='word_1_153' title='bbox 188 1982 320 2038; x_wconf 76' lang='lat' dir='ltr'><strong>Ttateie:</strong></span> <span class='ocrx_word' id='word_1_154' title='bbox 338 1985 412 2038; x_wconf 79' lang='lat' dir='ltr'><strong>Mon.</strong></span> <span class='ocrx_word' id='word_1_155' title='bbox 433 1983 496 2038; x_wconf 77' lang='lat' dir='ltr'><strong>tot.</strong></span> <span class='ocrx_word' id='word_1_156' title='bbox 518 1985 545 2038; x_wconf 84' lang='lat' dir='ltr'><strong>T.</strong></span> <span class='ocrx_word' id='word_1_157' title='bbox 567 1984 590 2039; x_wconf 90' lang='lat'><strong>1.</strong></span> <span class='ocrx_word' id='word_1_158' title='bbox 608 2000 636 2052; x_wconf 88' lang='lat' dir='ltr'><strong>p.</strong></span> <span class='ocrx_word' id='word_1_159' title='bbox 655 1987 710 2039; x_wconf 78' lang='lat'><strong>114.</strong></span> 
     </span>
    </p>
   </div>
   <div class='ocr_carea' id='block_1_7' title="bbox 130 2139 1383 2386">
    <p class='ocr_par' dir='ltr' id='par_1_7' title="bbox 130 2139 1383 2386">
     <span class='ocr_line' id='line_1_19' title="bbox 186 2139 1382 2212; baseline -0.002 -17"><span class='ocrx_word' id='word_1_160' title='bbox 186 2139 361 2196; x_wconf 81' lang='lat' dir='ltr'><strong>Dcexxv.</strong></span> <span class='ocrx_word' id='word_1_161' title='bbox 380 2145 457 2198; x_wconf 78' lang='lat'><strong>1256.</strong></span> <span class='ocrx_word' id='word_1_162' title='bbox 480 2141 615 2212; x_wconf 86' lang='lat' dir='ltr'><strong>Magister</strong></span> <span class='ocrx_word' id='word_1_163' title='bbox 638 2141 798 2197; x_wconf 83' lang='lat' dir='ltr'><strong>Alexander</strong></span> <span class='ocrx_word' id='word_1_164' title='bbox 822 2141 972 2198; x_wconf 88' lang='lat' dir='ltr'><strong>vicebanus</strong></span> <span class='ocrx_word' id='word_1_165' title='bbox 999 2147 1028 2196; x_wconf 89' lang='lat' dir='ltr'><strong>et</strong></span> <span class='ocrx_word' id='word_1_166' title='bbox 1054 2157 1147 2198; x_wconf 88' lang='lat' dir='ltr'><strong>comes</strong></span> <span class='ocrx_word' id='word_1_167' title='bbox 1176 2139 1382 2212; x_wconf 85' lang='lat' dir='ltr'><strong>Zagrabiensis,</strong></span> 
     </span>
     <span class='ocr_line' id='line_1_20' title="bbox 130 2227 1381 2300; baseline 0 -18"><span class='ocrx_word' id='word_1_168' title='bbox 130 2227 283 2283; x_wconf 87' lang='lat' dir='ltr'><strong>memoriae</strong></span> <span class='ocrx_word' id='word_1_169' title='bbox 302 2227 486 2296; x_wconf 89' lang='lat' dir='ltr'><strong>commendat,</strong></span> <span class='ocrx_word' id='word_1_170' title='bbox 505 2227 580 2299; x_wconf 90' lang='lat' dir='ltr'><strong>quod</strong></span> <span class='ocrx_word' id='word_1_171' title='bbox 599 2245 663 2284; x_wconf 90' lang='lat' dir='ltr'><strong>cnm</strong></span> <span class='ocrx_word' id='word_1_172' title='bbox 682 2230 791 2300; x_wconf 74' lang='lat' dir='ltr'><strong>questio</strong></span> <span class='ocrx_word' id='word_1_173' title='bbox 803 2235 879 2284; x_wconf 91' lang='lat' dir='ltr'><strong>mota</strong></span> <span class='ocrx_word' id='word_1_174' title='bbox 897 2229 996 2284; x_wconf 87' lang='lat' dir='ltr'><strong>inisset</strong></span> <span class='ocrx_word' id='word_1_175' title='bbox 1019 2229 1090 2284; x_wconf 89' lang='lat' dir='ltr'><strong>inter</strong></span> <span class='ocrx_word' id='word_1_176' title='bbox 1107 2228 1262 2299; x_wconf 84' lang='lat' dir='ltr'><strong>capitulum</strong></span> <span class='ocrx_word' id='word_1_177' title='bbox 1279 2228 1381 2297; x_wconf 83' lang='lat' dir='ltr'><strong>Zagra·</strong></span> 
     </span>
     <span class='ocr_line' id='line_1_21' title="bbox 133 2313 1383 2386; baseline -0.001 -17"><span class='ocrx_word' id='word_1_178' title='bbox 133 2315 232 2370; x_wconf 82' lang='lat' dir='ltr'><strong>biensa</strong></span> <span class='ocrx_word' id='word_1_179' title='bbox 256 2331 341 2386; x_wconf 89' lang='lat' dir='ltr'><strong>super</strong></span> <span class='ocrx_word' id='word_1_180' title='bbox 357 2313 472 2370; x_wconf 87' lang='lat' dir='ltr'><strong>decimis</strong></span> <span class='ocrx_word' id='word_1_181' title='bbox 498 2316 621 2386; x_wconf 89' lang='lat' dir='ltr'><strong>quinque</strong></span> <span class='ocrx_word' id='word_1_182' title='bbox 645 2331 781 2371; x_wconf 85' lang='lat' dir='ltr'><strong>annornm</strong></span> <span class='ocrx_word' id='word_1_183' title='bbox 799 2333 834 2372; x_wconf 87' lang='lat' dir='ltr'><strong>ex</strong></span> <span class='ocrx_word' id='word_1_184' title='bbox 853 2321 931 2386; x_wconf 89' lang='lat' dir='ltr'><strong>parte</strong></span> <span class='ocrx_word' id='word_1_185' title='bbox 955 2315 1082 2372; x_wconf 88' lang='lat' dir='ltr'><strong>Haholdi</strong></span> <span class='ocrx_word' id='word_1_186' title='bbox 1106 2315 1213 2370; x_wconf 88' lang='lat' dir='ltr'><strong>comitis</strong></span> <span class='ocrx_word' id='word_1_187' title='bbox 1238 2319 1266 2369; x_wconf 90' lang='lat' dir='ltr'><strong>et</strong></span> <span class='ocrx_word' id='word_1_188' title='bbox 1292 2331 1383 2385; x_wconf 90' lang='lat' dir='ltr'><strong>popu-</strong></span> 
     </span>
    </p>
   </div>
   <div class='ocr_carea' id='block_1_8' title="bbox 19 2400 1383 2474">
    <p class='ocr_par' dir='ltr' id='par_1_8' title="bbox 19 2400 1383 2474">
     <span class='ocr_line' id='line_1_22' title="bbox 19 2400 1383 2474; baseline -0.001 -18"><span class='ocrx_word' id='word_1_189' title='bbox 19 2447 20 2456; x_wconf 70' lang='grc'>,</span> <span class='ocrx_word' id='word_1_190' title='bbox 134 2403 227 2458; x_wconf 90' lang='lat' dir='ltr'><strong>lorum</strong></span> <span class='ocrx_word' id='word_1_191' title='bbox 245 2418 359 2458; x_wconf 88' lang='lat' dir='ltr'><strong>snorum</strong></span> <span class='ocrx_word' id='word_1_192' title='bbox 388 2401 474 2457; x_wconf 88' lang='lat' dir='ltr'><strong>etde</strong></span> <span class='ocrx_word' id='word_1_193' title='bbox 499 2409 573 2457; x_wconf 92' lang='lat' dir='ltr'><strong>terra</strong></span> <span class='ocrx_word' id='word_1_194' title='bbox 600 2403 786 2474; x_wconf 85' lang='lat' dir='ltr'><strong>generationis</strong></span> <span class='ocrx_word' id='word_1_195' title='bbox 814 2403 883 2457; x_wconf 87' lang='lat' dir='ltr'><strong>Guri</strong></span> <span class='ocrx_word' id='word_1_196' title='bbox 911 2402 1144 2474; x_wconf 88' lang='lat' dir='ltr'><strong>provenientibus,</strong></span> <span class='ocrx_word' id='word_1_197' title='bbox 1172 2408 1200 2456; x_wconf 92' lang='lat' dir='ltr'><strong>et</strong></span> <span class='ocrx_word' id='word_1_198' title='bbox 1227 2400 1383 2456; x_wconf 91' lang='lat' dir='ltr'><strong>secundum</strong></span> 
     </span>
    </p>
   </div>
   <div class='ocr_carea' id='block_1_9' title="bbox 132 2489 1431 3172">
    <p class='ocr_par' dir='ltr' id='par_1_9' title="bbox 132 2489 1431 3172">
     <span class='ocr_line' id='line_1_23' title="bbox 134 2489 1383 2560; baseline -0.001 -16"><span class='ocrx_word' id='word_1_199' title='bbox 134 2489 300 2545; x_wconf 86' lang='lat' dir='ltr'><strong>sententiam</strong></span> <span class='ocrx_word' id='word_1_200' title='bbox 308 2489 411 2560; x_wconf 86' lang='lat' dir='ltr'><strong>judicis</strong></span> <span class='ocrx_word' id='word_1_201' title='bbox 424 2491 505 2544; x_wconf 87' lang='lat' dir='ltr'><strong>aulae</strong></span> <span class='ocrx_word' id='word_1_202' title='bbox 515 2491 588 2560; x_wconf 87' lang='lat' dir='ltr'><strong>regia</strong></span> <span class='ocrx_word' id='word_1_203' title='bbox 598 2489 731 2544; x_wconf 87' lang='lat' dir='ltr'><strong>Haholdo</strong></span> <span class='ocrx_word' id='word_1_204' title='bbox 740 2490 930 2557; x_wconf 89' lang='lat' dir='ltr'><strong>juramentum</strong></span> <span class='ocrx_word' id='word_1_205' title='bbox 943 2489 1041 2544; x_wconf 84' lang='lat' dir='ltr'><strong>fuisset</strong></span> <span class='ocrx_word' id='word_1_206' title='bbox 1053 2489 1243 2544; x_wconf 87' lang='lat' dir='ltr'><strong>adiudicatum</strong></span> <span class='ocrx_word' id='word_1_207' title='bbox 1255 2505 1383 2558; x_wconf 90' lang='lat' dir='ltr'><strong>supereo</strong></span> 
     </span>
     <span class='ocr_line' id='line_1_24' title="bbox 133 2576 1383 2648; baseline -0.002 -17"><span class='ocrx_word' id='word_1_208' title='bbox 133 2577 210 2647; x_wconf 87' lang='lat' dir='ltr'><strong>quod</strong></span> <span class='ocrx_word' id='word_1_209' title='bbox 229 2577 276 2632; x_wconf 89' lang='lat' dir='ltr'><strong>ille</strong></span> <span class='ocrx_word' id='word_1_210' title='bbox 293 2577 474 2632; x_wconf 86' lang='lat' dir='ltr'><strong>decimatores</strong></span> <span class='ocrx_word' id='word_1_211' title='bbox 504 2593 560 2632; x_wconf 89' lang='lat' dir='ltr'><strong>non</strong></span> <span class='ocrx_word' id='word_1_212' title='bbox 584 2577 782 2648; x_wconf 81' lang='lat' dir='ltr'><strong>impedivisset,</strong></span> <span class='ocrx_word' id='word_1_213' title='bbox 801 2583 828 2632; x_wconf 91' lang='lat' dir='ltr'><strong>et</strong></span> <span class='ocrx_word' id='word_1_214' title='bbox 847 2594 896 2646; x_wconf 90' lang='lat' dir='ltr'><strong>pro</strong></span> <span class='ocrx_word' id='word_1_215' title='bbox 916 2581 994 2648; x_wconf 90' lang='lat' dir='ltr'><strong>parte</strong></span> <span class='ocrx_word' id='word_1_216' title='bbox 1017 2577 1131 2648; x_wconf 88' lang='lat' dir='ltr'><strong>capituli</strong></span> <span class='ocrx_word' id='word_1_217' title='bbox 1156 2577 1256 2631; x_wconf 88' lang='lat' dir='ltr'><strong>Petrus</strong></span> <span class='ocrx_word' id='word_1_218' title='bbox 1282 2576 1383 2645; x_wconf 86' lang='lat' dir='ltr'><strong>Zagra·</strong></span> 
     </span>
     <span class='ocr_line' id='line_1_25' title="bbox 132 2661 1385 2736; baseline -0.002 -18"><span class='ocrx_word' id='word_1_219' title='bbox 132 2664 238 2719; x_wconf 89' lang='lat' dir='ltr'><strong>biensis</strong></span> <span class='ocrx_word' id='word_1_220' title='bbox 257 2669 285 2718; x_wconf 91' lang='lat' dir='ltr'><strong>et</strong></span> <span class='ocrx_word' id='word_1_221' title='bbox 302 2664 401 2719; x_wconf 89' lang='lat' dir='ltr'><strong>Petrus</strong></span> <span class='ocrx_word' id='word_1_222' title='bbox 416 2663 607 2719; x_wconf 82' lang='lat' dir='ltr'><strong>Gamarcensis</strong></span> <span class='ocrx_word' id='word_1_223' title='bbox 626 2663 811 2718; x_wconf 82' lang='lat' dir='ltr'><strong>archidiaconi</strong></span> <span class='ocrx_word' id='word_1_224' title='bbox 819 2664 913 2733; x_wconf 88' lang='lat' dir='ltr'><strong>jurare</strong></span> <span class='ocrx_word' id='word_1_225' title='bbox 930 2663 1100 2733; x_wconf 90' lang='lat' dir='ltr'><strong>debuissent,</strong></span> <span class='ocrx_word' id='word_1_226' title='bbox 1114 2679 1198 2736; x_wconf 88' lang='lat' dir='ltr'><strong>super</strong></span> <span class='ocrx_word' id='word_1_227' title='bbox 1208 2661 1322 2718; x_wconf 91' lang='lat' dir='ltr'><strong>decimis</strong></span> <span class='ocrx_word' id='word_1_228' title='bbox 1336 2661 1385 2716; x_wconf 92' lang='lat' dir='ltr'><strong>de·</strong></span> 
     </span>
     <span class='ocr_line' id='line_1_26' title="bbox 134 2749 1384 2822; baseline -0.002 -16"><span class='ocrx_word' id='word_1_229' title='bbox 134 2751 244 2822; x_wconf 89' lang='lat' dir='ltr'><strong>negatis</strong></span> <span class='ocrx_word' id='word_1_230' title='bbox 262 2765 333 2820; x_wconf 86' lang='lat' dir='ltr'><strong>quas</strong></span> <span class='ocrx_word' id='word_1_231' title='bbox 351 2749 434 2806; x_wconf 88' lang='lat' dir='ltr'><strong>iidem</strong></span> <span class='ocrx_word' id='word_1_232' title='bbox 447 2749 484 2805; x_wconf 90' lang='lat' dir='ltr'><strong>ad</strong></span> <span class='ocrx_word' id='word_1_233' title='bbox 497 2767 634 2806; x_wconf 89' lang='lat' dir='ltr'><strong>summam</strong></span> <span class='ocrx_word' id='word_1_234' title='bbox 657 2752 870 2822; x_wconf 90' lang='lat' dir='ltr'><strong>quingentarum</strong></span> <span class='ocrx_word' id='word_1_235' title='bbox 882 2757 1010 2806; x_wconf 82' lang='lat' dir='ltr'><strong>taxarum</strong></span> <span class='ocrx_word' id='word_1_236' title='bbox 1022 2751 1184 2822; x_wconf 86' lang='lat' dir='ltr'><strong>pensabant.</strong></span> <span class='ocrx_word' id='word_1_237' title='bbox 1200 2750 1277 2804; x_wconf 89' lang='lat' dir='ltr'><strong>Loco</strong></span> <span class='ocrx_word' id='word_1_238' title='bbox 1290 2755 1384 2804; x_wconf 90' lang='lat' dir='ltr'><strong>tamen</strong></span> 
     </span>
     <span class='ocr_line' id='line_1_27' title="bbox 134 2835 1383 2908; baseline -0.003 -15"><span class='ocrx_word' id='word_1_239' title='bbox 134 2845 163 2893; x_wconf 90' lang='lat' dir='ltr'><strong>et</strong></span> <span class='ocrx_word' id='word_1_240' title='bbox 180 2837 304 2892; x_wconf 86' lang='lat' dir='ltr'><strong>terminis</strong></span> <span class='ocrx_word' id='word_1_241' title='bbox 323 2839 478 2893; x_wconf 84' lang='lat' dir='ltr'><strong>constitutis</strong></span> <span class='ocrx_word' id='word_1_242' title='bbox 498 2839 568 2893; x_wconf 87' lang='lat' dir='ltr'><strong>inter</strong></span> <span class='ocrx_word' id='word_1_243' title='bbox 586 2843 678 2908; x_wconf 90' lang='lat' dir='ltr'><strong>partes</strong></span> <span class='ocrx_word' id='word_1_244' title='bbox 706 2839 851 2894; x_wconf 91' lang='lat' dir='ltr'><strong>conventio</strong></span> <span class='ocrx_word' id='word_1_245' title='bbox 875 2839 1030 2906; x_wconf 88' lang='lat' dir='ltr'><strong>intervenit,</strong></span> <span class='ocrx_word' id='word_1_246' title='bbox 1054 2844 1086 2894; x_wconf 92' lang='lat' dir='ltr'><strong>ut</strong></span> <span class='ocrx_word' id='word_1_247' title='bbox 1109 2854 1202 2892; x_wconf 85' lang='lat' dir='ltr'><strong>comes</strong></span> <span class='ocrx_word' id='word_1_248' title='bbox 1232 2835 1383 2892; x_wconf 87' lang='lat' dir='ltr'><strong>Haholdus</strong></span> 
     </span>
     <span class='ocr_line' id='line_1_28' title="bbox 138 2924 1383 2997; baseline -0.002 -18"><span class='ocrx_word' id='word_1_249' title='bbox 138 2925 230 2980; x_wconf 92' lang='lat' dir='ltr'><strong>solvat</strong></span> <span class='ocrx_word' id='word_1_250' title='bbox 248 2941 345 2979; x_wconf 89' lang='lat' dir='ltr'><strong>omnes</strong></span> <span class='ocrx_word' id='word_1_251' title='bbox 364 2941 430 2979; x_wconf 87' lang='lat' dir='ltr'><strong>suas</strong></span> <span class='ocrx_word' id='word_1_252' title='bbox 448 2924 569 2980; x_wconf 90' lang='lat' dir='ltr'><strong>decimas</strong></span> <span class='ocrx_word' id='word_1_253' title='bbox 588 2933 616 2980; x_wconf 88' lang='lat' dir='ltr'><strong>et</strong></span> <span class='ocrx_word' id='word_1_254' title='bbox 634 2943 748 2980; x_wconf 88' lang='lat' dir='ltr'><strong>suorum</strong></span> <span class='ocrx_word' id='word_1_255' title='bbox 767 2927 934 2997; x_wconf 88' lang='lat' dir='ltr'><strong>populorum</strong></span> <span class='ocrx_word' id='word_1_256' title='bbox 955 2924 1383 2995; x_wconf 63' lang='grc' dir='ltr'><strong>11311111111111(1111111111-Δ</strong></span> 
     </span>
     <span class='ocr_line' id='line_1_29' title="bbox 139 3009 1431 3083; baseline -0.003 -18"><span class='ocrx_word' id='word_1_257' title='bbox 139 3013 246 3074; x_wconf 89' lang='lat' dir='ltr'><strong>ficatoe,</strong></span> <span class='ocrx_word' id='word_1_258' title='bbox 265 3012 294 3065; x_wconf 91' lang='lat' dir='ltr'><strong>in</strong></span> <span class='ocrx_word' id='word_1_259' title='bbox 311 3011 447 3082; x_wconf 86' lang='lat' dir='ltr'><strong>frugibus,</strong></span> <span class='ocrx_word' id='word_1_260' title='bbox 467 3012 540 3080; x_wconf 89' lang='lat' dir='ltr'><strong>vino,</strong></span> <span class='ocrx_word' id='word_1_261' title='bbox 559 3012 668 3082; x_wconf 90' lang='lat' dir='ltr'><strong>opibus,</strong></span> <span class='ocrx_word' id='word_1_262' title='bbox 686 3013 806 3083; x_wconf 89' lang='lat' dir='ltr'><strong>gallinis,</strong></span> <span class='ocrx_word' id='word_1_263' title='bbox 825 3013 908 3083; x_wconf 79' lang='lat' dir='ltr'><strong>kytia,</strong></span> <span class='ocrx_word' id='word_1_264' title='bbox 927 3011 1021 3068; x_wconf 89' lang='lat' dir='ltr'><strong>suellis</strong></span> <span class='ocrx_word' id='word_1_265' title='bbox 1039 3017 1067 3066; x_wconf 92' lang='lat' dir='ltr'><strong>et</strong></span> <span class='ocrx_word' id='word_1_266' title='bbox 1085 3013 1163 3082; x_wconf 87' lang='lat' dir='ltr'><strong>agnis</strong></span> <span class='ocrx_word' id='word_1_267' title='bbox 1174 3030 1181 3078; x_wconf 89' lang='lat'>;</span> <span class='ocrx_word' id='word_1_268' title='bbox 1206 3011 1241 3065; x_wconf 92' lang='lat' dir='ltr'><strong>de</strong></span> <span class='ocrx_word' id='word_1_269' title='bbox 1263 3009 1380 3080; x_wconf 89' lang='lat' dir='ltr'><strong>singuiis</strong></span> <span class='ocrx_word' id='word_1_270' title='bbox 1427 3053 1431 3061; x_wconf 93' lang='lat'><strong>.</strong></span> 
     </span>
     <span class='ocr_line' id='line_1_30' title="bbox 135 3096 1385 3172; baseline -0.004 -18"><span class='ocrx_word' id='word_1_271' title='bbox 135 3097 273 3154; x_wconf 87' lang='lat' dir='ltr'><strong>custodiis</strong></span> <span class='ocrx_word' id='word_1_272' title='bbox 299 3115 446 3169; x_wconf 87' lang='lat' dir='ltr'><strong>porcorum</strong></span> <span class='ocrx_word' id='word_1_273' title='bbox 471 3117 543 3170; x_wconf 91' lang='lat' dir='ltr'><strong>quae</strong></span> <span class='ocrx_word' id='word_1_274' title='bbox 568 3100 648 3155; x_wconf 88' lang='lat' dir='ltr'><strong>oaool</strong></span> <span class='ocrx_word' id='word_1_275' title='bbox 674 3105 806 3155; x_wconf 89' lang='lat' dir='ltr'><strong>vocantur</strong></span> <span class='ocrx_word' id='word_1_276' title='bbox 831 3101 919 3154; x_wconf 86' lang='lat' dir='ltr'><strong>solvet</strong></span> <span class='ocrx_word' id='word_1_277' title='bbox 946 3099 1098 3172; x_wconf 72' lang='lat' dir='ltr'><strong>poliebam,</strong></span> <span class='ocrx_word' id='word_1_278' title='bbox 1125 3098 1160 3153; x_wconf 91' lang='lat' dir='ltr'><strong>de</strong></span> <span class='ocrx_word' id='word_1_279' title='bbox 1187 3097 1281 3153; x_wconf 92' lang='lat' dir='ltr'><strong>liberis</strong></span> <span class='ocrx_word' id='word_1_280' title='bbox 1307 3096 1385 3150; x_wconf 88' lang='lat' dir='ltr'><strong>villis</strong></span> 
     </span>
    </p>
   </div>
   <div class='ocr_carea' id='block_1_10' title="bbox 19 3183 1381 3257">
    <p class='ocr_par' dir='ltr' id='par_1_10' title="bbox 19 3183 1381 3257">
     <span class='ocr_line' id='line_1_31' title="bbox 19 3183 1381 3257; baseline -0.003 -17"><span class='ocrx_word' id='word_1_281' title='bbox 19 3197 24 3210; x_wconf 70' lang='lat'>⁸</span> <span class='ocrx_word' id='word_1_282' title='bbox 133 3185 207 3240; x_wconf 88' lang='lat' dir='ltr'><strong>dnos</strong></span> <span class='ocrx_word' id='word_1_283' title='bbox 226 3185 354 3241; x_wconf 86' lang='lat' dir='ltr'><strong>denarios</strong></span> <span class='ocrx_word' id='word_1_284' title='bbox 372 3186 407 3241; x_wconf 90' lang='lat' dir='ltr'><strong>de</strong></span> <span class='ocrx_word' id='word_1_285' title='bbox 426 3187 542 3256; x_wconf 89' lang='lat' dir='ltr'><strong>singulis</strong></span> <span class='ocrx_word' id='word_1_286' title='bbox 561 3188 662 3257; x_wconf 85' lang='lat' dir='ltr'><strong>portia;</strong></span> <span class='ocrx_word' id='word_1_287' title='bbox 683 3189 752 3242; x_wconf 89' lang='lat' dir='ltr'><strong>alias</strong></span> <span class='ocrx_word' id='word_1_288' title='bbox 769 3203 813 3241; x_wconf 91' lang='lat' dir='ltr'><strong>res</strong></span> <span class='ocrx_word' id='word_1_289' title='bbox 831 3185 948 3242; x_wconf 86' lang='lat' dir='ltr'><strong>redimet</strong></span> <span class='ocrx_word' id='word_1_290' title='bbox 974 3184 1127 3242; x_wconf 90' lang='lat' dir='ltr'><strong>secundum</strong></span> <span class='ocrx_word' id='word_1_291' title='bbox 1151 3183 1381 3240; x_wconf 85' lang='lat' dir='ltr'><strong>consuetudinem</strong></span> 
     </span>
    </p>
   </div>
   <div class='ocr_carea' id='block_1_11' title="bbox 138 3273 712 3444">
    <p class='ocr_par' dir='ltr' id='par_1_11' title="bbox 138 3273 712 3444">
     <span class='ocr_line' id='line_1_32' title="bbox 138 3273 305 3344; baseline -0.006 -17"><span class='ocrx_word' id='word_1_292' title='bbox 138 3273 305 3344; x_wconf 84' lang='lat' dir='ltr'><strong>provinciae.</strong></span> 
     </span>
     <span class='ocr_line' id='line_1_33' title="bbox 191 3375 712 3444; baseline 0.006 -14"><span class='ocrx_word' id='word_1_293' title='bbox 191 3375 317 3432; x_wconf 74' lang='grc'><strong><em>11111111</em></strong></span> <span class='ocrx_word' id='word_1_294' title='bbox 337 3377 492 3433; x_wconf 76' lang='grc'><strong><em>1111111111.</em></strong></span> <span class='ocrx_word' id='word_1_295' title='bbox 518 3379 547 3433; x_wconf 83' lang='lat' dir='ltr'><strong>T.</strong></span> <span class='ocrx_word' id='word_1_296' title='bbox 565 3378 589 3432; x_wconf 89' lang='lat'><strong>1.</strong></span> <span class='ocrx_word' id='word_1_297' title='bbox 606 3392 634 3444; x_wconf 82' lang='lat' dir='ltr'><strong>p.</strong></span> <span class='ocrx_word' id='word_1_298' title='bbox 655 3382 712 3433; x_wconf 85' lang='lat'><strong>113.</strong></span> 
     </span>
    </p>
   </div>
   <div class='ocr_carea' id='block_1_12' title="bbox 135 3531 1382 3776">
    <p class='ocr_par' dir='ltr' id='par_1_12' title="bbox 135 3531 1382 3776">
     <span class='ocr_line' id='line_1_34' title="bbox 187 3531 1382 3602; baseline -0.001 -15"><span class='ocrx_word' id='word_1_299' title='bbox 187 3531 377 3588; x_wconf 81' lang='lat' dir='ltr'><strong>DOOXXVI.</strong></span> <span class='ocrx_word' id='word_1_300' title='bbox 395 3535 516 3602; x_wconf 80' lang='grc'><strong><em>11111111,</em></strong></span> <span class='ocrx_word' id='word_1_301' title='bbox 536 3537 614 3590; x_wconf 84' lang='lat'><strong>1257.</strong></span> <span class='ocrx_word' id='word_1_302' title='bbox 640 3535 819 3591; x_wconf 76' lang='lat' dir='ltr'><strong>creauerit</strong></span> <span class='ocrx_word' id='word_1_303' title='bbox 849 3533 978 3590; x_wconf 88' lang='lat' dir='ltr'><strong>Monaobi</strong></span> <span class='ocrx_word' id='word_1_304' title='bbox 1003 3533 1161 3588; x_wconf 87' lang='lat' dir='ltr'><strong>monasterii</strong></span> <span class='ocrx_word' id='word_1_305' title='bbox 1181 3531 1209 3587; x_wconf 86' lang='lat' dir='ltr'><strong>S.</strong></span> <span class='ocrx_word' id='word_1_306' title='bbox 1230 3531 1336 3586; x_wconf 89' lang='lat' dir='ltr'><strong>Mariae</strong></span> <span class='ocrx_word' id='word_1_307' title='bbox 1355 3539 1382 3586; x_wconf 91' lang='grc'><strong>11</strong></span> 
     </span>
     <span class='ocr_line' id='line_1_35' title="bbox 135 3618 1382 3692; baseline -0.003 -16"><span class='ocrx_word' id='word_1_308' title='bbox 135 3620 165 3676; x_wconf 81' lang='lat' dir='ltr'><strong>S.</strong></span> <span class='ocrx_word' id='word_1_309' title='bbox 184 3619 326 3676; x_wconf 87' lang='lat' dir='ltr'><strong>Benedicti</strong></span> <span class='ocrx_word' id='word_1_310' title='bbox 345 3619 379 3675; x_wconf 92' lang='lat' dir='ltr'><strong>de</strong></span> <span class='ocrx_word' id='word_1_311' title='bbox 397 3621 488 3675; x_wconf 88' lang='lat' dir='ltr'><strong>insula</strong></span> <span class='ocrx_word' id='word_1_312' title='bbox 500 3621 715 3677; x_wconf 87' lang='lat' dir='ltr'><strong>Lacromonensi</strong></span> <span class='ocrx_word' id='word_1_313' title='bbox 733 3621 769 3676; x_wconf 90' lang='lat' dir='ltr'><strong>de</strong></span> <span class='ocrx_word' id='word_1_314' title='bbox 787 3618 1223 3692; x_wconf 63' lang='grc'><strong><em>11131111,111111111111111111</em></strong></span> <span class='ocrx_word' id='word_1_315' title='bbox 1243 3618 1382 3686; x_wconf 90' lang='lat' dir='ltr'><strong>Domana,</strong></span> 
     </span>
     <span class='ocr_line' id='line_1_36' title="bbox 136 3705 1382 3776; baseline -0.002 -14"><span class='ocrx_word' id='word_1_316' title='bbox 136 3707 230 3775; x_wconf 83' lang='lat' dir='ltr'><strong>Slove,</strong></span> <span class='ocrx_word' id='word_1_317' title='bbox 242 3707 348 3762; x_wconf 87' lang='lat' dir='ltr'><strong>Paulus</strong></span> <span class='ocrx_word' id='word_1_318' title='bbox 367 3713 395 3762; x_wconf 89' lang='lat' dir='ltr'><strong>ct</strong></span> <span class='ocrx_word' id='word_1_319' title='bbox 412 3708 550 3762; x_wconf 87' lang='lat' dir='ltr'><strong>Martolus</strong></span> <span class='ocrx_word' id='word_1_320' title='bbox 576 3709 716 3763; x_wconf 90' lang='lat' dir='ltr'><strong>voluntate</strong></span> <span class='ocrx_word' id='word_1_321' title='bbox 737 3709 861 3763; x_wconf 90' lang='lat' dir='ltr'><strong>omnium</strong></span> <span class='ocrx_word' id='word_1_322' title='bbox 888 3708 1005 3762; x_wconf 86' lang='lat' dir='ltr'><strong>fratrum</strong></span> <span class='ocrx_word' id='word_1_323' title='bbox 1028 3713 1055 3761; x_wconf 91' lang='grc'><strong>11</strong></span> <span class='ocrx_word' id='word_1_324' title='bbox 1078 3705 1286 3775; x_wconf 86' lang='lat' dir='ltr'><strong>monachorum,</strong></span> <span class='ocrx_word' id='word_1_325' title='bbox 1306 3721 1382 3776; x_wconf 88' lang='lat' dir='ltr'><strong>prae·</strong></span> 
     </span>
    </p>
   </div>
   <div class='ocr_carea' id='block_1_13' title="bbox 19 3792 1382 3866">
    <p class='ocr_par' dir='ltr' id='par_1_13' title="bbox 19 3792 1382 3866">
     <span class='ocr_line' id='line_1_37' title="bbox 19 3792 1382 3866; baseline -0.003 -16"><span class='ocrx_word' id='word_1_326' title='bbox 19 3793 24 3818; x_wconf 73' lang='lat'><em>*</em></span> <span class='ocrx_word' id='word_1_327' title='bbox 135 3799 316 3850; x_wconf 86' lang='lat' dir='ltr'><strong>sentaverunt</strong></span> <span class='ocrx_word' id='word_1_328' title='bbox 339 3795 367 3848; x_wconf 93' lang='lat' dir='ltr'><strong>in</strong></span> <span class='ocrx_word' id='word_1_329' title='bbox 385 3795 502 3848; x_wconf 89' lang='lat' dir='ltr'><strong>ecclesia</strong></span> <span class='ocrx_word' id='word_1_330' title='bbox 520 3793 548 3849; x_wconf 87' lang='lat' dir='ltr'><strong>S.</strong></span> <span class='ocrx_word' id='word_1_331' title='bbox 568 3795 674 3850; x_wconf 88' lang='lat' dir='ltr'><strong>Mariae</strong></span> <span class='ocrx_word' id='word_1_332' title='bbox 692 3795 727 3850; x_wconf 89' lang='lat' dir='ltr'><strong>de</strong></span> <span class='ocrx_word' id='word_1_333' title='bbox 746 3795 851 3851; x_wconf 87' lang='lat' dir='ltr'><strong>Razato</strong></span> <span class='ocrx_word' id='word_1_334' title='bbox 870 3794 1030 3866; x_wconf 82' lang='lat' dir='ltr'><strong>presbytero</strong></span> <span class='ocrx_word' id='word_1_335' title='bbox 1054 3793 1178 3848; x_wconf 88' lang='lat' dir='ltr'><strong>Johanni</strong></span> <span class='ocrx_word' id='word_1_336' title='bbox 1196 3797 1224 3848; x_wconf 92' lang='lat' dir='ltr'><strong>et</strong></span> <span class='ocrx_word' id='word_1_337' title='bbox 1242 3792 1382 3848; x_wconf 91' lang='lat' dir='ltr'><strong>Monacho</strong></span> 
     </span>
    </p>
   </div>
   <div class='ocr_carea' id='block_1_14' title="bbox 135 3879 1384 4471">
    <p class='ocr_par' dir='ltr' id='par_1_14' title="bbox 135 3879 1384 4471">
     <span class='ocr_line' id='line_1_38' title="bbox 135 3879 1383 3937; baseline -0.002 -2"><span class='ocrx_word' id='word_1_338' title='bbox 135 3881 226 3935; x_wconf 89' lang='lat' dir='ltr'><strong>Priori</strong></span> <span class='ocrx_word' id='word_1_339' title='bbox 244 3880 387 3934; x_wconf 89' lang='lat' dir='ltr'><strong>Prioratus</strong></span> <span class='ocrx_word' id='word_1_340' title='bbox 405 3879 434 3935; x_wconf 85' lang='lat' dir='ltr'><strong>S.</strong></span> <span class='ocrx_word' id='word_1_341' title='bbox 454 3881 560 3935; x_wconf 81' lang='lat' dir='ltr'><strong>Medae</strong></span> <span class='ocrx_word' id='word_1_342' title='bbox 579 3881 613 3936; x_wconf 86' lang='lat' dir='ltr'><strong>de</strong></span> <span class='ocrx_word' id='word_1_343' title='bbox 631 3882 737 3936; x_wconf 80' lang='lat' dir='ltr'><strong>Razato</strong></span> <span class='ocrx_word' id='word_1_344' title='bbox 756 3882 916 3937; x_wconf 86' lang='lat' dir='ltr'><strong>electionem</strong></span> <span class='ocrx_word' id='word_1_345' title='bbox 944 3881 977 3935; x_wconf 90' lang='lat' dir='ltr'><strong>D.</strong></span> <span class='ocrx_word' id='word_1_346' title='bbox 1002 3880 1140 3935; x_wconf 89' lang='lat' dir='ltr'><strong>Johannis</strong></span> <span class='ocrx_word' id='word_1_347' title='bbox 1158 3880 1186 3933; x_wconf 90' lang='lat' dir='ltr'><strong>in</strong></span> <span class='ocrx_word' id='word_1_348' title='bbox 1204 3879 1334 3934; x_wconf 88' lang='lat' dir='ltr'><strong>abbatem</strong></span> <span class='ocrx_word' id='word_1_349' title='bbox 1356 3884 1383 3934; x_wconf 91' lang='grc'><strong>11</strong></span> 
     </span>
     <span class='ocr_line' id='line_1_39' title="bbox 138 3967 1382 4038; baseline -0.002 -16"><span class='ocrx_word' id='word_1_350' title='bbox 138 3973 281 4038; x_wconf 82' lang='lat' dir='ltr'><strong>pastorem</strong></span> <span class='ocrx_word' id='word_1_351' title='bbox 299 3983 404 4022; x_wconf 90' lang='lat' dir='ltr'><strong>eorum.</strong></span> <span class='ocrx_word' id='word_1_352' title='bbox 424 3967 512 4022; x_wconf 84' lang='lat' dir='ltr'><strong>Cuius</strong></span> <span class='ocrx_word' id='word_1_353' title='bbox 531 3969 673 4022; x_wconf 89' lang='lat' dir='ltr'><strong>electionis</strong></span> <span class='ocrx_word' id='word_1_354' title='bbox 691 3969 785 4024; x_wconf 89' lang='lat' dir='ltr'><strong>charta</strong></span> <span class='ocrx_word' id='word_1_355' title='bbox 802 3974 904 4034; x_wconf 90' lang='lat' dir='ltr'><strong>narrat,</strong></span> <span class='ocrx_word' id='word_1_356' title='bbox 924 3967 998 4038; x_wconf 93' lang='lat' dir='ltr'><strong>quod</strong></span> <span class='ocrx_word' id='word_1_357' title='bbox 1021 3985 1045 4022; x_wconf 89' lang='lat' dir='ltr'><strong>a.</strong></span> <span class='ocrx_word' id='word_1_358' title='bbox 1067 3969 1141 4022; x_wconf 82' lang='lat'><strong>1256.</strong></span> <span class='ocrx_word' id='word_1_359' title='bbox 1160 3967 1205 4022; x_wconf 89' lang='lat' dir='ltr'><strong>die</strong></span> <span class='ocrx_word' id='word_1_360' title='bbox 1223 3968 1249 4022; x_wconf 84' lang='lat'><strong>4.</strong></span> <span class='ocrx_word' id='word_1_361' title='bbox 1267 3967 1382 4021; x_wconf 89' lang='lat' dir='ltr'><strong>Decem·</strong></span> 
     </span>
     <span class='ocr_line' id='line_1_40' title="bbox 138 4052 1383 4121; baseline -0.001 -14"><span class='ocrx_word' id='word_1_362' title='bbox 138 4055 203 4121; x_wconf 92' lang='lat' dir='ltr'><strong>bris,</strong></span> <span class='ocrx_word' id='word_1_363' title='bbox 229 4059 344 4108; x_wconf 89' lang='lat' dir='ltr'><strong>vacante</strong></span> <span class='ocrx_word' id='word_1_364' title='bbox 362 4055 389 4107; x_wconf 93' lang='lat' dir='ltr'><strong>in</strong></span> <span class='ocrx_word' id='word_1_365' title='bbox 410 4056 577 4110; x_wconf 89' lang='lat' dir='ltr'><strong>monasterio</strong></span> <span class='ocrx_word' id='word_1_366' title='bbox 596 4055 625 4110; x_wconf 87' lang='lat' dir='ltr'><strong>S.</strong></span> <span class='ocrx_word' id='word_1_367' title='bbox 644 4054 787 4110; x_wconf 88' lang='lat' dir='ltr'><strong>Benedicti</strong></span> <span class='ocrx_word' id='word_1_368' title='bbox 805 4055 1034 4110; x_wconf 88' lang='lat' dir='ltr'><strong>Lacromenensis</strong></span> <span class='ocrx_word' id='word_1_369' title='bbox 1048 4053 1148 4108; x_wconf 90' lang='lat' dir='ltr'><strong>abbate</strong></span> <span class='ocrx_word' id='word_1_370' title='bbox 1161 4053 1266 4109; x_wconf 88' lang='lat' dir='ltr'><strong>dictum</strong></span> <span class='ocrx_word' id='word_1_371' title='bbox 1279 4052 1383 4107; x_wconf 88' lang='lat' dir='ltr'><strong>Johan-</strong></span> 
     </span>
     <span class='ocr_line' id='line_1_41' title="bbox 136 4139 1384 4212; baseline -0.003 -17"><span class='ocrx_word' id='word_1_372' title='bbox 136 4157 201 4195; x_wconf 91' lang='lat' dir='ltr'><strong>nem</strong></span> <span class='ocrx_word' id='word_1_373' title='bbox 220 4141 360 4210; x_wconf 88' lang='lat' dir='ltr'><strong>elegerint.</strong></span> <span class='ocrx_word' id='word_1_374' title='bbox 378 4141 476 4196; x_wconf 82' lang='lat' dir='ltr'><strong>Testes</strong></span> <span class='ocrx_word' id='word_1_375' title='bbox 499 4141 695 4212; x_wconf 79' lang='lat' dir='ltr'><strong>publicationis</strong></span> <span class='ocrx_word' id='word_1_376' title='bbox 723 4142 847 4196; x_wconf 81' lang='lat' dir='ltr'><strong>luerunt:</strong></span> <span class='ocrx_word' id='word_1_377' title='bbox 873 4141 968 4196; x_wconf 87' lang='lat' dir='ltr'><strong>Presb.</strong></span> <span class='ocrx_word' id='word_1_378' title='bbox 999 4141 1077 4194; x_wconf 88' lang='lat' dir='ltr'><strong>Elias</strong></span> <span class='ocrx_word' id='word_1_379' title='bbox 1103 4140 1214 4194; x_wconf 91' lang='lat' dir='ltr'><strong>Viviani</strong></span> <span class='ocrx_word' id='word_1_380' title='bbox 1233 4139 1384 4194; x_wconf 89' lang='lat' dir='ltr'><strong>eanonicus</strong></span> 
     </span>
     <span class='ocr_line' id='line_1_42' title="bbox 137 4225 1383 4296; baseline -0.003 -12"><span class='ocrx_word' id='word_1_381' title='bbox 137 4229 166 4284; x_wconf 79' lang='lat' dir='ltr'><strong>S.</strong></span> <span class='ocrx_word' id='word_1_382' title='bbox 184 4228 291 4282; x_wconf 83' lang='lat' dir='ltr'><strong>Mariae</strong></span> <span class='ocrx_word' id='word_1_383' title='bbox 309 4227 413 4296; x_wconf 83' lang='lat' dir='ltr'><strong>Ragus.</strong></span> <span class='ocrx_word' id='word_1_384' title='bbox 433 4229 573 4283; x_wconf 90' lang='lat' dir='ltr'><strong>ecclesiae.</strong></span> <span class='ocrx_word' id='word_1_385' title='bbox 601 4228 724 4282; x_wconf 84' lang='lat' dir='ltr'><strong>Clericus</strong></span> <span class='ocrx_word' id='word_1_386' title='bbox 743 4227 894 4282; x_wconf 83' lang='lat' dir='ltr'><strong>Gervasius</strong></span> <span class='ocrx_word' id='word_1_387' title='bbox 918 4228 1036 4282; x_wconf 87' lang='lat' dir='ltr'><strong>Petrana</strong></span> <span class='ocrx_word' id='word_1_388' title='bbox 1053 4242 1115 4281; x_wconf 90' lang='lat' dir='ltr'><strong>can.</strong></span> <span class='ocrx_word' id='word_1_389' title='bbox 1134 4225 1163 4280; x_wconf 81' lang='lat' dir='ltr'><strong>S.</strong></span> <span class='ocrx_word' id='word_1_390' title='bbox 1182 4227 1296 4280; x_wconf 88' lang='lat' dir='ltr'><strong>Mariae.</strong></span> <span class='ocrx_word' id='word_1_391' title='bbox 1322 4225 1383 4280; x_wconf 83' lang='lat' dir='ltr'><strong>Cle·</strong></span> 
     </span>
     <span class='ocr_line' id='line_1_43' title="bbox 137 4312 1383 4384; baseline -0.003 -15"><span class='ocrx_word' id='word_1_392' title='bbox 137 4317 213 4369; x_wconf 90' lang='lat' dir='ltr'><strong>ricus</strong></span> <span class='ocrx_word' id='word_1_393' title='bbox 231 4313 352 4370; x_wconf 86' lang='lat' dir='ltr'><strong>Rubana</strong></span> <span class='ocrx_word' id='word_1_394' title='bbox 370 4315 467 4368; x_wconf 86' lang='lat' dir='ltr'><strong>Rasini</strong></span> <span class='ocrx_word' id='word_1_395' title='bbox 485 4331 545 4369; x_wconf 90' lang='lat' dir='ltr'><strong>can.</strong></span> <span class='ocrx_word' id='word_1_396' title='bbox 565 4313 593 4369; x_wconf 80' lang='lat' dir='ltr'><strong>S.</strong></span> <span class='ocrx_word' id='word_1_397' title='bbox 619 4315 732 4370; x_wconf 89' lang='lat' dir='ltr'><strong>Marias.</strong></span> <span class='ocrx_word' id='word_1_398' title='bbox 750 4315 846 4370; x_wconf 86' lang='lat' dir='ltr'><strong>Presb.</strong></span> <span class='ocrx_word' id='word_1_399' title='bbox 865 4315 988 4370; x_wconf 83' lang='lat' dir='ltr'><strong>Parealis</strong></span> <span class='ocrx_word' id='word_1_400' title='bbox 1006 4314 1041 4368; x_wconf 92' lang='lat' dir='ltr'><strong>de</strong></span> <span class='ocrx_word' id='word_1_401' title='bbox 1067 4313 1175 4384; x_wconf 83' lang='lat' dir='ltr'><strong>Capalu</strong></span> <span class='ocrx_word' id='word_1_402' title='bbox 1200 4330 1260 4367; x_wconf 90' lang='lat' dir='ltr'><strong>can.</strong></span> <span class='ocrx_word' id='word_1_403' title='bbox 1288 4312 1317 4368; x_wconf 80' lang='lat' dir='ltr'><strong>S.</strong></span> <span class='ocrx_word' id='word_1_404' title='bbox 1344 4313 1383 4366; x_wconf 91' lang='lat' dir='ltr'><strong>M.</strong></span> 
     </span>
     <span class='ocr_line' id='line_1_44' title="bbox 138 4400 709 4471; baseline 0 -15"><span class='ocrx_word' id='word_1_405' title='bbox 138 4407 167 4456; x_wconf 90' lang='lat' dir='ltr'><strong>et</strong></span> <span class='ocrx_word' id='word_1_406' title='bbox 185 4400 341 4458; x_wconf 90' lang='lat' dir='ltr'><strong>communis</strong></span> <span class='ocrx_word' id='word_1_407' title='bbox 358 4400 430 4471; x_wconf 83' lang='lat' dir='ltr'><strong>Bag.</strong></span> <span class='ocrx_word' id='word_1_408' title='bbox 449 4401 572 4456; x_wconf 88' lang='lat' dir='ltr'><strong>notarius</strong></span> <span class='ocrx_word' id='word_1_409' title='bbox 592 4402 709 4471; x_wconf 88' lang='lat' dir='ltr'><strong>scripsit.</strong></span> 
     </span>
    </p>
   </div>
   <div class='ocr_carea' id='block_1_15' title="bbox 191 4505 759 4576">
    <p class='ocr_par' dir='ltr' id='par_1_15' title="bbox 191 4505 759 4576">
     <span class='ocr_line' id='line_1_45' title="bbox 191 4505 759 4576; baseline -0.002 -16"><span class='ocrx_word' id='word_1_410' title='bbox 191 4506 322 4562; x_wconf 76' lang='lat' dir='ltr'><strong>Farloti:</strong></span> <span class='ocrx_word' id='word_1_411' title='bbox 342 4505 423 4576; x_wconf 77' lang='lat' dir='ltr'><strong>Illyr.</strong></span> <span class='ocrx_word' id='word_1_412' title='bbox 443 4505 521 4562; x_wconf 83' lang='lat' dir='ltr'><strong>Scor.</strong></span> <span class='ocrx_word' id='word_1_413' title='bbox 540 4505 564 4560; x_wconf 89' lang='grc'><strong>1.</strong></span> <span class='ocrx_word' id='word_1_414' title='bbox 589 4505 634 4561; x_wconf 86' lang='lat' dir='ltr'><strong>VI.</strong></span> <span class='ocrx_word' id='word_1_415' title='bbox 652 4521 680 4574; x_wconf 79' lang='lat' dir='ltr'><strong>p.</strong></span> <span class='ocrx_word' id='word_1_416' title='bbox 700 4510 759 4562; x_wconf 80' lang='lat'><strong>108.</strong></span> 
     </span>
    </p>
   </div>
   <div class='ocr_carea' id='block_1_16' title="bbox 1302 4479 1312 4508">
    <p class='ocr_par' dir='ltr' id='par_1_16' title="bbox 1302 4479 1312 4508">
     <span class='ocr_line' id='line_1_46' title="bbox 1302 4479 1312 4508; baseline 0 0"><span class='ocrx_word' id='word_1_417' title='bbox 1302 4479 1312 4508; x_wconf 73' lang='grc'><strong>1</strong></span> 
     </span>
    </p>
   </div>
   <div class='ocr_carea' id='block_1_17' title="bbox 0 0 1757 5380">
    <p class='ocr_par' dir='ltr' id='par_1_17' title="bbox 0 0 1757 5380">
     <span class='ocr_line' id='line_1_47' title="bbox 0 0 1757 5380; baseline 0 0"><span class='ocrx_word' id='word_1_418' title='bbox 0 0 1757 5380; x_wconf 95' lang='lat' dir='ltr'><strong> </strong></span> 
     </span>
    </p>
   </div>
  </div>
 </body>
</html>
