3464 5382
667 385 810 432 amasus.
1296 363 1354 427 143

114 556 294 614 laudabiliter
310 554 497 624 defensando,
515 553 611 612 ridens
629 555 712 610 etiam
730 553 859 610 eximiam
878 551 1018 608 fidelitatis
1030 550 1221 618 constantiam,
1235 549 1356 622 quaeub

114 651 209 702 metro
227 645 298 703 Oroi
315 661 398 701 saum
415 644 584 714 amgwinem
601 641 758 698 efluderunt
778 658 812 697 eo
824 647 958 712 tempore,
969 655 1033 696 cum
1045 638 1120 694 idem
1131 643 1253 694 castrum
1264 653 1357 696 comes

114 733 278 804 Stephanus
296 732 380 788 irater
397 731 532 802 Beboneg
548 736 644 788 matra
662 747 727 786 eum
738 729 852 800 (regern)
862 728 984 784 detinere
996 733 1216 800 attemptaverant,
1228 729 1257 782 in
1269 745 1358 783 remu·

113 821 290 876 uenationem
305 819 406 876 borum
424 818 604 882 servitiorum,
631 823 660 874 et
676 819 761 874 etiem
778 823 810 872 ut
826 816 862 872 de
880 821 990 872 caemro
1009 815 1107 872 eadem
1125 816 1246 871 confinia
1263 821 1359 871 contra

113 909 326 978 impugnatores
350 905 490 976 quoslibet
512 905 610 962 meiius
633 911 660 962 st
678 905 820 962 robustius
843 907 981 971 tuesnttrr,
1009 903 1251 974 supranominatos
1277 903 1357 974 quin·

114 995 208 1052 decim
225 1011 243 1050 a
262 993 442 1064 iobagiouatu
466 993 611 1048 memorati
635 993 725 1061 casui,
750 992 779 1046 in
802 993 882 1048 terris
906 1007 1003 1048 eorum
1027 991 1146 1062 propriis
1170 996 1199 1045 et
1217 991 1356 1061 emptitiis,

113 1098 188 1154 quas
204 1081 309 1138 babent
326 1081 355 1136 in
372 1080 499 1136 districtu
522 1080 605 1136 matri
627 1079 662 1136 de
686 1079 836 1150 Podgorja,
861 1078 926 1134 licet
943 1095 999 1134 non
1016 1078 1071 1134 sint
1088 1095 1106 1134 a
1129 1083 1220 1134 castro
1237 1077 1358 1134 indebite

114 1169 252 1242 usurpati,
270 1167 319 1224 sed
338 1168 475 1239 solempni
493 1167 690 1224 exinuentione
708 1167 741 1238 (i)
759 1172 788 1223 et
805 1166 916 1239 publica
933 1184 969 1224 ex
986 1166 1062 1237 regia
1080 1165 1258 1236 benignitatis
1270 1166 1358 1236 gratia

114 1259 252 1330 exempti;
270 1256 367 1312 tribuit
389 1255 443 1312 illis
466 1255 630 1322 libertatem,
655 1261 686 1310 ut
707 1256 779 1312 inter
800 1256 949 1312 servientes
973 1255 1047 1325 regis
1071 1259 1100 1310 et
1116 1254 1222 1310 aubcos
1239 1253 1357 1310 honeste

114 1351 321 1418 computentur,
339 1349 367 1400 et
384 1361 402 1400 a
419 1343 514 1399 debito
533 1343 644 1398 servibo
661 1343 744 1398 casui
763 1343 874 1413 penitus
892 1341 1001 1397 liberati
1018 1342 1082 1397 sint

168 1437 368 1488 Documentum
384 1431 435 1486 boc
453 1435 660 1498 transumptum
678 1436 718 1486 eet
736 1447 755 1485 a
772 1429 1083 1500 casamassancia
1103 1427 1228 1484 Dubiam
1240 1444 1268 1483 a.
1279 1432 1358 1484 1371.

114 1519 155 1575 acl
171 1519 334 1590 petitionem
351 1517 430 1574 Suria
453 1522 480 1572 et
507 1516 673 1590 Gontbonpa
697 1517 832 1574 nobilium
855 1517 889 1572 de
909 1517 1085 1587 generatione
1109 1515 1271 1572 Snbaucba
1294 1521 1320 1571 et
1339 1533 1358 1571 a

114 1622 178 1676 repe
199 1605 315 1660 Mutltia
344 1603 463 1660 Coruino
490 1620 517 1658 a.
539 1607 617 1658 1484.
645 1604 683 1659 ad
707 1604 869 1673 petitionem
895 1603 997 1658 nobilis
1026 1603 1140 1674 Georgii
1160 1602 1220 1672 filii
1247 1602 1360 1658 Nicolai

115 1693 229 1748 Bacicb
246 1691 279 1746 dc
296 1691 427 1762 Pmbycb
444 1691 476 1746 in
494 1706 580 1746 causa
598 1690 696 1745 babitu
708 1697 808 1746 contra
822 1689 939 1746 nobilem
951 1689 1103 1746 Nicolaum
1114 1689 1204 1758 filium
1216 1689 1359 1746 Michaeltb

114 1781 262 1850 laprycna
286 1778 320 1833 de
342 1781 444 1848 lepra.
463 1777 587 1832 Matlriac
606 1777 715 1834 litterae
738 1777 823 1833 datae
839 1782 905 1833 sunt
924 1777 1081 1848 Zayrabiae
1102 1777 1152 1834 aab
1170 1777 1263 1848 sigillo
1282 1777 1359 1834 Petri

117 1867 249 1938 Bocnkay
267 1865 301 1921 de
318 1867 435 1938 Rasynu
453 1863 618 1920 Kerestluur.
820 1867 822 1874 '

171 1961 317 2032 originale
334 1961 528 2018 abactacamm
546 1961 578 2016 in
595 1975 656 2018 mea
674 1959 839 2018 collectione.

168 2109 377 2168 coccam.
401 2109 548 2181 buffrant,
573 2111 614 2162 16.
638 2109 792 2164 Decembris
816 2111 892 2166 1244.
911 2109 1092 2166 Innocentius
1110 2107 1153 2164 1v
1181 2127 1256 2181 pape
1272 2109 1359 2164 archi-

114 2201 234 2256 diacono
253 2197 405 2272 syrmiensi,
424 2197 580 2252 bachiensis
598 2195 725 2264 diocesis,
744 2199 780 2252 ad
798 2197 857 2252 eius
876 2213 979 2270 preces,
999 2203 1030 2253 ut
1044 2213 1107 2253 cum
1119 2195 1360 2253 archidiaconatus

115 2288 276 2360 syrmiensis
293 2283 417 2341 redditus
436 2283 506 2340 adeo
524 2285 580 2339 sint
597 2289 695 2340 tenues
714 2289 742 2340 et
759 2285 852 2351 exiles,
872 2284 947 2356 quod
966 2301 1001 2340 ex
1019 2286 1058 2340 eis
1077 2290 1199 2356 nequeat
1216 2279 1360 2341 commode

115 2374 273 2442 sustentari,
292 2377 401 2444 praeter
418 2374 510 2443 ipsum
536 2371 789 2428 archidiaconatum
816 2371 893 2427 aliud
920 2371 1084 2430 beneficium
1110 2375 1232 2445 recipere
1260 2373 1359 2429 valeat.

167 2460 295 2516 Eandem
314 2459 514 2530 indulgentiam
531 2458 658 2514 concedit
676 2458 870 2516 archidiacono
886 2459 1075 2532 budrugiensi,
1093 2478 1157 2517 cum
1174 2460 1298 2517 redditus
1317 2462 1358 2516 sui

115 2553 230 2620 propter
248 2547 390 2602 saevitiam
409 2547 588 2602 Tartarorum
606 2545 663 2601 sint
681 2543 815 2602 diminuti.

170 2635 304 2690 i'ltciner:
324 2635 397 2689 Mon.
416 2633 523 2690 slavor.
548 2633 643 2689 numid.
669 2636 692 2703 1,
711 2637 768 2688 191.
798 2635 914 2690 Wensel:
945 2633 1009 2690 Oai.
1028 2635 1097 2705 dipl.
1115 2635 1225 2708 Arpad.
1245 2639 1283 2706 Π,
1301 2639 1359 2690 161.

167 2757 390 2814 OGOOLXXIL
415 2757 450 2812 A.
474 2759 555 2811 1244.
580 2757 648 2813 Bela
671 2758 715 2813 IV
739 2775 788 2814 rex
811 2758 918 2814 confert
940 2757 1154 2830 iobbagionibue
1178 2760 1261 2814 castri
1288 2757 1360 2815 Pod-

117 2863 205 2918 gorya
223 2845 398 2918 privilegium
417 2860 500 2915 super
518 2845 693 2916 exemptione
715 2862 731 2900 a
749 2845 948 2916 iobbagionatu
966 2851 994 2900 et
1011 2845 1223 2902 contributione.

171 2934 247 3003 orig.
266 2934 299 2988 in
317 2931 429 2988 arctico
448 2932 579 2986 comitum
596 2931 760 2988 Drailraeic'.
779 2933 862 2989 Fare.
880 2935 931 2988 XL
938 2933 968 2989 V.
988 2935 1022 2987 N.
1042 2936 1065 2986 1.

168 3053 396 3110 occctxxffl
422 3053 577 3126 Zagrabie,
596 3057 675 3112 1244.
700 3053 860 3127 Capitulum
872 3056 1004 3112 sedeciae
1021 3055 1207 3126 aagrabiensis
1225 3055 1362 3125 siguificat

116 3142 193 3214 quod
212 3158 277 3198 cum
294 3141 405 3196 Tristsn
429 3157 522 3198 comes
549 3158 584 3198 ex
610 3159 668 3197 una
685 3149 763 3214 parte
781 3147 809 3197 et
826 3143 937 3198 Petrina
953 3142 1066 3212 iobagia
1084 3143 1167 3198 casui
1185 3141 1221 3196 de
1239 3141 1306 3197 Sala
1324 3159 1360 3198 ex

114 3231 211 3296 altera,
231 3246 288 3284 una
305 3245 369 3284 cnm
386 3229 461 3284 Eaeu
480 3229 577 3284 cunali
600 3229 700 3284 comite
724 3228 838 3298 Georgii
855 3229 962 3286 comitis
981 3229 1143 3300 aalayensis,
1162 3234 1190 3284 et
1207 3245 1270 3285 cum
1288 3229 1358 3286 Ivan

114 3317 216 3374 comite
234 3316 379 3386 terrigena,
398 3315 434 3370 ad
453 3317 512 3372 eius
530 3317 715 3387 praesentiam
733 3317 919 3384 sccemisseut,
937 3315 1012 3372 idem
1030 3316 1142 3372 Petrina
1161 3316 1254 3374 issam
1273 3317 1317 3385 sit,
1330 3333 1360 3372 se

115 3411 219 3462 terram
237 3420 318 3459 suam
336 3403 472 3458 valentem
496 3402 532 3458 ad
559 3405 595 3459 V.
613 3409 713 3470 araba
737 3420 810 3474 quae
828 3404 881 3458 situ
898 3409 941 3460 est
958 3404 1029 3459 inter
1049 3405 1174 3460 Dravam
1194 3409 1222 3462 et
1239 3405 1360 3474 Murum,

114 3493 245 3547 Tristano
263 3490 366 3559 comiti,
385 3491 463 3546 cuius
482 3490 572 3545 vicina
589 3497 639 3557 est,
658 3508 709 3561 pro
730 3489 1050 3548 lenocinantibus.
1066 3493 1361 3564 Metaautemincipit

114 3579 150 3636 de
167 3579 253 3634 fluvio
272 3578 355 3632 Mara
373 3576 409 3631 ab
426 3578 556 3648 aquilone
578 3578 608 3632 in
625 3579 748 3648 Popova,
772 3578 837 3634 inde
855 3595 904 3650 per
922 3596 1054 3650 magnam
1072 3581 1170 3635 silvam
1187 3587 1284 3638 contra
1301 3598 1358 3636 me-

114 3667 214 3723 ridiem
231 3664 267 3720 ad
285 3664 400 3719 fluvium
426 3665 542 3736 Reguet,
566 3663 689 3720 indeed
713 3664 841 3722 arborem
855 3665 968 3737 jagned,
986 3666 1086 3723 dende
1105 3685 1155 3739 per
1175 3683 1306 3740 eampum
1325 3667 1360 3724 ad

117 3771 248 3825 magnam
266 3753 340 3806 viam
363 3757 459 3807 contra
481 3751 634 3823 meridiem,
660 3757 689 3808 et
712 3751 788 3807 vadit
810 3752 847 3807 ad
870 3757 971 3808 terram
995 3754 1044 3809 iiiii
1067 3755 1206 3822 Oecheiin,
1230 3755 1295 3811 inde
1323 3753 1359 3810 ad

116 3848 217 3897 arram
238 3839 363 3893 Damna
382 3843 410 3892 et
428 3855 477 3910 per
504 3843 605 3894 enam
628 3840 750 3894 urnam
773 3839 809 3896 ιιι
834 3841 954 3908 umam,
972 3827 1207 3896 interminatur.
1232 3843 1266 3896 In
1284 3843 1359 3896 aaa·

118 3928 243 3984 monium
270 3924 434 3997 subscripti:
462 3925 523 3981 Fila
549 3926 736 3997 aagrabiensis
763 3929 946 4001 praepositus,
974 3928 1073 3984 Petrus
1099 3934 1202 3998 cantor,
1232 3929 1359 3986 Baream

116 4017 211 4082 lector,
230 4012 383 4083 Gregorius
402 4017 506 4080 custos,
524 4013 624 4068 Petrus
642 4012 767 4072 decenus
785 4023 813 4072 et
830 4017 930 4074 caeteri
947 4017 1056 4073 iratres.

177 4100 297 4157 Wenrel:
319 4100 384 4156 Gaul.
403 4099 473 4170 dipl.
491 4100 593 4170 Arpad
624 4101 686 4158 Vll.
705 4107 763 4160 181.

172 4223 378 4280 OGOLXXIV.
397 4224 431 4278 A.
450 4227 527 4282 1241.
547 4224 696 4280 Farcarins
714 4228 888 4298 praepositus
909 4227 1205 4298 quinqueecdesiensis
1224 4231 1252 4282 et
1268 4229 1359 4281 totum

119 4312 273 4385 capitulum
290 4311 422 4379 notificat,
440 4309 516 4380 quod
535 4311 651 4368 Alexius
669 4312 743 4368 filius
760 4314 834 4368 Petri
852 4313 887 4369 de
906 4331 1006 4384 gemus
1024 4314 1089 4384 Vya
1100 4313 1242 4370 consessus
1263 4313 1306 4382 sit,
1328 4331 1358 4370 se

119 4401 232 4456 terciam
249 4404 359 4471 partem
376 4403 466 4454 terrae
483 4397 604 4454 Holmoe
628 4416 692 4455 cum
716 4401 800 4455 tercia
817 4407 896 4471 parte
914 4402 999 4457 silvae
1017 4418 1106 4472 usque
1124 4416 1225 4470 aquam
1242 4401 1359 4458 Hoscba

119 4487 227 4543 Phileto
254 4487 414 4558 praeposito
439 4485 613 4555 aagrabieusi
639 4487 722 4543 Petro
752 4492 780 4542 et
805 4488 928 4544 Thomas
953 4489 1085 4544 fratribus
1112 4487 1236 4544 eiusdem
1254 4507 1305 4561 pro
1325 4491 1359 4546 10

118 4576 219 4631 marcis
238 4575 346 4645 argenti
364 4571 520 4630 vendidisse
539 4579 567 4628 et
584 4575 704 4646 pretinm
722 4577 866 4647 recepisse.

178 4661 299 4719 Wenrel:
319 4661 384 4718 Gari.
402 4661 472 4730 ‹tr'pt
490 4661 599 4730 arpeo.
618 4661 671 4730 XI,
695 4665 757 4716 337.
