3376 5350
320 409 384 473 374
823 415 843 456 ι,
857 399 1065 468 annuerant,

321 597 377 652 dini
397 597 556 651 solemniter
575 596 753 651 firmaverunt
771 613 882 662 meram,
902 612 998 666 puram
1019 599 1046 648 et
1068 595 1173 648 firmam
1194 609 1290 663 pacem
1313 593 1461 663 (trengam)
1485 608 1594 661 nsque

323 685 358 740 ad
378 693 433 740 tres
451 702 538 738 annos
558 701 620 739 cum
640 685 711 738 duce
730 691 756 738 et
775 700 922 738 commune
942 685 1129 738 Venetiarum.

374 789 490 858 static.-
508 791 694 844 Moaumeata
714 791 737 842 1.
753 806 782 857 p.
804 793 860 843 125.

373 947 618 1002 MOOLXXXVI.
639 950 713 1000 12,er,
733 951 778 1000 22.
799 949 881 1000 Μαίὶ,
901 948 1047 1003 ladislaus
1071 949 1121 1003 IV.
1142 967 1189 1002 rex
1215 947 1347 1009 notificat,
1370 943 1445 1013 quod
1471 949 1587 996 terram

285 1057 297 1080 ο
321 1035 458 1090 Dobonch
477 1036 505 1088 in
525 1035 634 1106 Posaga
652 1036 823 1102 existentem,
848 1053 864 1089 a
888 1035 965 1089 Clreh
992 1037 1048 1091 lilio
1072 1037 1177 1090 Pocina
1202 1037 1261 1088 sine
1279 1031 1397 1086 haerede
1423 1029 1593 1084 decedente

320 1123 356 1177 ad
376 1123 465 1192 regias
484 1139 583 1176 manns
603 1122 770 1188 devolutam,
789 1139 871 1192 qnam
891 1125 985 1193 regina
1007 1124 1103 1190 Maria,
1129 1140 1180 1178 ava
1205 1123 1301 1192 ipsius,
1326 1119 1415 1174 eidem
1442 1117 1527 1170 Cheh
1557 1118 1590 1170 in

322 1210 515 1264 concambium
534 1211 717 1280 possessionis
744 1209 836 1264 Labor
855 1217 882 1263 et
901 1212 982 1265 castri
1003 1211 1029 1264 in
1049 1211 1146 1265 eodem
1167 1209 1309 1264 constituti
1329 1205 1492 1270 contuierat,
1517 1221 1589 1257 cum

322 1297 451 1352 omnibus
470 1297 640 1366 pertinentiis
659 1304 686 1350 et
705 1313 768 1351 eum
788 1297 856 1350 silva
879 1297 961 1351 Salva
979 1299 1079 1352 berelre
1104 1297 1221 1352 Nicolao
1247 1297 1303 1350 filio
1327 1292 1452 1363 magistri
1478 1291 1589 1345 Domi·

322 1384 376 1437 uici
395 1384 443 1438 tilii
463 1383 538 1437 Petri
558 1383 592 1437 de
611 1401 711 1453 genere
729 1384 817 1451 Chal,
837 1385 975 1448 [dominae
994 1389 1092 1439 Annae
1109 1387 1226 1454 regines,
1240 1383 1422 1446 matrissuae,
1442 1380 1501 1432 lilio
1524 1381 1588 1448 spi-

321 1471 432 1534 rituali),
450 1487 483 1524 ac
502 1469 644 1541 Stephano
663 1477 690 1526 et
709 1471 792 1525 Petro
811 1473 942 1527 fratribus
961 1475 1026 1538 suis,
1046 1474 1109 1526 liliis
1128 1473 1275 1540 Dominici,
1294 1487 1344 1541 pro
1364 1469 1483 1523 servitiis
1503 1483 1586 1536 quae

319 1559 379 1627 regi
399 1559 489 1623 Belae,
509 1575 561 1612 avo
580 1575 631 1612 suo
649 1576 682 1612 ac
701 1558 842 1630 Stephano
862 1561 919 1630 regi
946 1562 1017 1630 patri
1036 1578 1088 1614 suo
1107 1566 1134 1613 et
1154 1561 1264 1613 demam
1289 1559 1341 1628 ipsi
1365 1556 1491 1610 exhibuit
1512 1571 1587 1608 con-

323 1647 416 1700 tulerit
434 1661 498 1698 cum
518 1647 601 1716 priori
619 1646 754 1712 libertate,
781 1646 921 1700 videlieet:
946 1656 976 1702 ut
1000 1648 1143 1702 collectam
1169 1647 1391 1710 nrsrturinarum,
1417 1643 1583 1713 ponderum

322 1739 350 1786 et
375 1734 642 1787 submarturinarnm
671 1734 765 1803 populi
791 1734 817 1787 in
848 1733 921 1788 dicta
946 1735 1084 1790 Dobonch
1109 1735 1267 1788 nullatenus
1290 1733 1396 1786 solvere
1420 1737 1587 1784 teneantur.

321 1820 459 1874 Metarum
479 1827 570 1874 autem
591 1821 679 1890 prima
691 1822 789 1890 incipit
798 1821 825 1874 in
839 1821 932 1874 radice
945 1825 1047 1876 montis
1061 1823 1177 1892 lapidosi
1192 1821 1240 1875 ubi
1254 1819 1430 1889 coniungitur
1443 1816 1582 1886 Oraye-ha

322 1913 350 1961 et
367 1907 501 1978 Lypolch.
520 1907 700 1962 Transeuodo
724 1907 839 1962 llrrvium
859 1908 944 1978 Lipot
963 1911 1021 1972 (sict
1041 1909 1076 1964 ad
1096 1926 1227 1964 cacumen
1244 1909 1353 1974 montis,
1372 1905 1437 1959 inde
1451 1903 1582 1958 declinat

321 1996 468 2050 invallem
493 1995 527 2048 ad
555 1995 668 2048 fluvium
694 1993 883 2064 Bregoryuick
907 2002 934 2049 et
959 1995 1035 2050 vadit
1058 2013 1147 2066 usque
1168 2004 1267 2050 terram
1292 1995 1415 2064 Bylotae,
1442 1991 1581 2060 Oroycha

322 2091 455 2137 vocatam.
475 2082 508 2136 In
528 2081 672 2134 occidente
692 2081 766 2135 cadit
784 2082 810 2134 in
831 2083 917 2151 potok
932 2083 1019 2150 Ziuni,
1033 2084 1080 2138 ubi
1093 2093 1134 2136 est
1147 2093 1353 2138 commetanens
1374 2081 1455 2143 Dras‚
1474 2095 1577 2132 versus

322 2169 451 2240 Oroycha
468 2177 510 2224 cst
528 2170 606 2223 locus
625 2177 738 2238 apertus
757 2169 908 2223 Nadostlaz
935 2171 1074 2239 pert-inens
1092 2171 1127 2224 ad
1147 2175 1246 2222 terram
1272 2166 1418 2224 Dobonch.
1441 2167 1474 2220 ln
1500 2183 1577 2219 mar-

322 2258 385 2326 gine
404 2258 488 2310 silvae
507 2261 574 2310 sunt
588 2256 648 2309 loca
662 2263 771 2326 aperta:
786 2257 923 2326 Bogrlasa,
942 2257 1221 2328 Tetukc,B0boycl1a
1240 2263 1267 2310 et.
1287 2257 1359 2310 Kere
1379 2255 1447 2308 lelaz.
1468 2254 1513 2307 nd
1527 2271 1577 2308 oc-

322 2344 460 2398 cidentem
480 2343 567 2414 potolr
589 2343 711 2398 Kahnelr
730 2351 757 2397 et
777 2345 853 2398 radit
870 2345 904 2398 ad
925 2346 1010 2415 potolr
1035 2345 1146 2410 erorim
1171 2352 1199 2398 ct
1222 2345 1308 2414 potolr
1334 2341 1494 2397 Dabrooclr.
1518 2341 1579 2395 Per

322 2432 410 2485 varias
436 2437 523 2500 metas
547 2430 582 2484 ad
608 2431 694 2501 potolr
721 2430 901 2501 Skopchonllr
925 2433 991 2486 inde
1009 2433 1044 2486 ad
1064 2433 1149 2502 patok
1176 2431 1371 2485 Polrolosnlclr.
1389 2431 1421 2484 ln
1440 2429 1578 2500 aquilone

322 2519 358 2572 ad
376 2519 468 2573 villam
487 2518 636 2573 Martanus
656 2519 814 2589 jobagionis
833 2520 914 2572 castri
933 2519 1046 2572 inferior
1066 2519 1151 2573 Wrba
1170 2520 1259 2572 vocati
1284 2525 1311 2572 et
1336 2519 1435 2572 iterum
1455 2533 1504 2588 per
1524 2535 1575 2570 va·

322 2609 377 2661 rias
396 2615 483 2661 metas
502 2607 529 2660 in
548 2607 631 2676 longo
650 2608 741 2676 spatio
758 2605 793 2660 ad
812 2607 933 2660 radicem
953 2609 1054 2660 montis
1067 2607 1194 2672 Cuknclr,
1208 2607 1283 2660 vadit
1296 2606 1331 2660 ad
1345 2613 1445 2659 terram
1457 2604 1576 2670 lvanelr,

322 2693 370 2748 filii
399 2694 498 2760 Draslr,
518 2700 545 2748 et
564 2693 640 2747 vadit
665 2695 693 2748 in
715 2694 831 2764 longum
857 2711 951 2748 versus
975 2695 1066 2748 villam
1094 2693 1234 2762 chochem,
1254 2694 1288 2748 ad
1314 2691 1455 2746 meridiem
1480 2699 1576 2746 terrae

321 2781 490 2836 Zkrabatnilr
509 2781 545 2836 ad
565 2782 679 2852 primam
699 2788 809 2836 metam.
829 2782 940 2836 Habuit·
963 2783 1044 2836 etiarn
1071 2781 1148 2836 Gheh
1177 2783 1204 2834 in
1230 2799 1302 2850 aqua
1327 2779 1458 2834 Ohernuk
1483 2780 1577 2848 pisca-

320 2875 404 2934 turas,
423 2886 479 2924 nna
505 2876 546 2924 est
572 2871 598 2922 ln
625 2869 679 2923 fine
702 2870 791 2939 campi
812 2869 957 2932 ll'nulrlev,
977 2870 1064 2923 altera
1082 2871 1109 2923 ln
1129 2867 1306 2938 Gopunicha;
1326 2868 1390 2921 item
1411 2867 1574 2920 clausuram

320 2957 349 3010 in
364 2973 436 3027 aqua
450 2956 615 3022 Kenezicha,
628 2958 693 3010 item
709 2957 875 3026 piscaturam
894 2957 922 3010 in
941 2974 1013 3025 aqua
1032 2956 1121 3026 Lnlry.
1135 2956 1239 3008 Datum
1260 2972 1309 3025 per
1326 2971 1425 3008 manus
1444 2955 1575 3022 magistri

321 3043 445 3098 achonis
463 3045 542 3098 aulae
562 3043 785 3098 vicecancellarii.

373 3149 422 3202 Ea
440 3151 511 3202 actis
526 3165 576 3217 per
596 3150 698 3202 bacam
717 3149 1001 3218 Klruea-Ilcrlercary
1019 3166 1053 3204 ea
1071 3150 1182 3202 cratiae
1200 3149 1280 3220 repat
1298 3147 1410 3200 olrlatis.
1429 3147 1466 3200 N.
1480 3146 1515 3200 12.
1535 3149 1574 3200 Α.

320 3235 402 3291 Faac.
423 3238 499 3290 1503.
518 3237 554 3290 N.
574 3239 617 3292 20.

377 3395 638 3450 MthLXXXVlI.
656 3397 766 3453 Budas.
785 3399 861 3450 1250.
881 3399 922 3448 18¹.
942 3397 1034 3450 ‚ironia
1054 3396 1199 3450 ladislaus
1218 3395 1269 3449 IV.
1284 3410 1331 3448 ren
1345 3395 1490 3466 significet,
1503 3410 1569 3448 cnm

323 3483 511 3546 intellexisset,
531 3483 606 3552 quod
625 3483 771 3538 Ladislaus
784 3493 811 3538 et
824 3484 989 3554 Stephanus,
1003 3484 1087 3538 irater
1105 3485 1172 3543 eius.
1192 3483 1276 3536 tacita
1295 3483 1409 3536 veritate
1429 3497 1484 3535 noo
1500 3525 1504 3534 .
1520 3521 1547 3534 ..
1567 3521 1573 3532 .

322 3570 428 3623 litteras
447 3571 538 3640 regias
557 3573 725 3642 recepissent
744 3588 891 3642 supereo:
911 3571 994 3637 errrd
1014 3572 1144 3640 magister
1156 3571 1318 3624 Joaehimus
1331 3567 1493 3622 infidelitate
1507 3586 1569 3638 per·

322 3661 428 3726 patrata
454 3657 551 3711 suisset
575 3659 763 3728 interemptus.
789 3659 871 3713 Unde
898 3676 959 3712 aum
985 3660 1058 3713 idem
1082 3659 1184 3713 nnllam
1203 3657 1395 3710 infidelitatem
1414 3662 1508 3710 contra
1529 3673 1570 3710 re·

319 3744 391 3813 giam
413 3743 585 3799 Maiestatem
606 3747 793 3806 commisisset,
812 3748 867 3800 imo
887 3764 994 3815 semper
1009 3747 1114 3801 studuit
1133 3747 1190 3800 suis
1204 3745 1351 3798 meritoriis
1364 3743 1481 3798 servitiis
1495 3759 1569 3798 com-

319 3831 437 3900 placere,
456 3833 515 3886 vult
534 3838 565 3886 nt
582 3833 674 3886 omnia
692 3833 833 3902 privilegia
853 3834 913 3902 ejus
926 3839 953 3887 ct
966 3835 1073 3888 litterae
1086 3835 1145 3902 ejus
1158 3834 1180 3886 si
1194 3849 1264 3902 (lirae
1278 3837 1373 3885 contra
1390 3831 1406 3886 J
1411 3831 1567 3885 oachiranm

321 3925 524 3988 processerunt,
545 3923 695 3986 cassentur,
723 3920 868 3990 nullasque
893 3923 964 3976 vires
988 3922 1114 3984 labeant,
1139 3922 1205 3990 quia
1230 3920 1320 3974 dictus
1346 3920 1476 3989 magister
1502 3919 1568 3974 Joa-

321 4003 427 4060 obimus
447 4025 497 4077 pro
516 4007 648 4062 fidelitate
667 4023 784 4062 coronae
804 4010 896 4078 regiae
914 4026 963 4078 per
982 4025 1047 4062 suos
1066 4009 1189 4062 aemulos
1210 4008 1299 4062 extitit
1317 4009 1509 4077 interemptus.

372 4111 467 4178 Fejer:
489 4112 552 4165 (lod.
573 4111 640 4180 dipl.
663 4113 692 4165 Τ.
716 4113 781 4168 VII.
802 4114 841 4167 erl
861 4115 903 4167 ΙΙ.
919 4131 948 4181 p.
967 4117 1009 4167 82.

356 4269 628 4326 MCOLXXXVlll.
646 4271 787 4329 Venetiis.
812 4277 887 4327 1280.
909 4277 949 4326 18.
975 4272 1056 4326 mlii.
1081 4274 1170 4342 Capta
1190 4271 1241 4326 luit
1260 4289 1323 4342 pars
1342 4273 1369 4326 in
1391 4273 1483 4326 maiori
1504 4287 1566 4326 con-

320 4358 386 4426 silis,
406 4358 480 4427 quod
502 4375 594 4412 comes
614 4358 785 4426 Fredericns,
805 4376 952 4414 commune
972 4367 998 4414 et
1018 4361 1179 4414 universitas
1199 4361 1285 4413 totius
1299 4360 1446 4430 Veglensis
1458 4361 1563 4415 insulae

320 4463 353 4500 ex
382 4463 437 4498 una
462 4435 539 4515 parte
563 4455 590 4500 et
616 4447 764 4517 Veglensis
793 4449 940 4517 episcopus
966 4463 999 4500 ex
1022 4447 1108 4501 altera
1132 4455 1211 4518 parte
1236 4447 1354 4501 debeant
1378 4449 1468 4502 facere
1493 4448 1564 4502 retici

320 4535 550 4604 compromissum
569 4535 640 4588 inter
659 4537 733 4603 ipsas
752 4541 843 4604 partes
862 4534 995 4587 hactenus
1014 4535 1118 4588 factum
1137 4542 1165 4589 et
1183 4535 1236 4588 hoc
1254 4535 1325 4588 infra
1344 4553 1430 4588 unum
1443 4551 1562 4588 mensem

320 4622 371 4674 sub
392 4637 479 4691 poena
497 4621 629 4674 librarum
650 4621 719 4674 ltili.
740 4639 790 4690 pro
810 4621 932 4690 qnalibet
957 4630 1041 4692 parte.
1068 4623 1138 4676 Item
1163 4641 1212 4694 pro
1237 4621 1381 4677 discordiis
1408 4639 1478 4694 qnae
1502 4631 1563 4676 sunt

319 4709 390 4763 inter
407 4709 482 4778 ipsas
501 4715 601 4779 partes,
621 4707 761 4778 quaelibet
786 4710 905 4779 partium
931 4709 1031 4764 debeat
1054 4710 1153 4780 eligere
1177 4727 1262 4764 unum
1287 4709 1406 4764 imlicem
1432 4709 1561 4764 arbitrum
