3488 5380
694 395 839 438 annuens.
1324 373 1386 436 217

141 557 199 612 tius
218 573 274 612 una
291 571 355 612 cum
374 560 452 627 patre
471 556 601 629 Philippo
620 557 756 630 episcopo
777 558 956 629 Zagrabiensi
981 557 1130 614 adsedem
1155 560 1339 631 apostolicam
1362 563 1390 614 et

142 645 250 700 cunam
267 645 340 714 regis
366 642 481 700 Coraldi
508 644 536 699 in
562 644 749 714 legationibus
772 645 855 716 regiis
879 645 1067 717 proficiscens,
1095 645 1227 702 redeunte
1255 647 1389 718 episcopo

142 731 249 787 ibidem
267 748 318 802 pro
336 731 518 804 expediendis
541 731 614 803 regis
641 732 862 802 legislationibus
888 749 977 804 usque
995 731 1031 788 ad
1049 735 1114 788 anni
1133 735 1256 804 spatium
1273 734 1331 804 iugi
1350 734 1388 790 la·

142 818 246 874 horum
263 819 404 874 instantia·
414 820 504 874 extitit
521 825 716 876 commoratus.
735 819 779 876 Ob
797 820 866 877 haec
878 821 963 890 igitur
981 821 1091 877 aanor
1107 821 1215 876 confert
1233 823 1258 876 ei
1276 838 1326 876 rer
1345 837 1390 876 su·

143 905 286 978 predictas
304 912 399 976 terras,
417 923 535 978 quarum
553 912 643 962 metae
663 907 815 978 etquidem
834 907 869 963 de
888 907 926 963 fel
946 907 1133 964 Guereenioha
1145 908 1242 980 incipit
1260 909 1288 964 in
1301 908 1390 964 rivulo
1424 917 1427 924 ’

143 995 335 1050 Gnersenicha
353 999 382 1049 et
399 1011 448 1067 per
467 994 556 1050 variae
574 1000 662 1050 metas
680 994 811 1050 arboreae
824 993 898 1050 cadit
915 995 943 1050 in
962 995 1082 1050 rivulum
1095 994 1236 1066 Golobug,
1253 995 1320 1051 iude
1338 995 1391 1051 sub

142 1081 231 1138 dumo
249 1081 426 1150 Mouoroufa,
446 1081 510 1138 iude
528 1099 578 1154 por
596 1083 685 1138 varias
703 1087 799 1149 metas,
819 1083 1054 1138 veneraturum
1074 1083 1155 1150 uam,
1185 1083 1281 1138 relicto
1306 1083 1391 1137 limite

144 1173 228 1226 castri
248 1167 344 1241 incipit
361 1175 454 1225 tenere
472 1174 575 1226 metam
592 1187 660 1226 cum
668 1169 807 1241 Tyburcio
827 1170 910 1224 fratre
929 1169 1075 1236 Gabrielis,
1094 1169 1158 1224 inde
1176 1187 1226 1242 per
1244 1169 1345 1226 vallem
1362 1171 1391 1224 iu

143 1257 265 1312 rivulum
292 1255 483 1312 Gnersenichs
500 1262 528 1313 et
546 1255 621 1312 cadit
638 1258 666 1312 iu
684 1257 765 1326 viam
790 1273 862 1328 quae
886 1255 963 1312 ducit
986 1254 1022 1312 ad
1046 1262 1169 1312 montem
1185 1255 1278 1327 ,Garig
1296 1273 1391 1314 versus

143 1343 288 1400 meridiem
313 1345 341 1398 iu
365 1345 486 1400 rivulum
507 1344 625 1416 Stupna
653 1345 686 1400 In
715 1344 805 1416 prima
831 1349 906 1400 meta
932 1343 967 1400 de
995 1343 1105 1416 Stupna
1131 1349 1174 1400 est
1201 1345 1281 1401 vinea
1303 1345 1391 1416 ipsius

145 1431 272 1502 magistri
291 1431 439 1500 Turburtii,
459 1431 558 1488 deinde
576 1432 681 1488 rivulus
701 1433 813 1503 Stupna
831 1437 858 1487 et
882 1431 1044 1500 Soumecha,
1064 1437 1137 1488 meta
1161 1432 1196 1487 de
1220 1433 1248 1489 ol
1273 1431 1392 1488 Guerae·

145 1519 228 1574 nioha
246 1523 290 1573 eat
307 1525 380 1575 terra
397 1536 481 1590 quam
500 1520 566 1575 emit
583 1518 618 1576 de
642 1519 788 1576 Drusooue
813 1525 840 1574 et
863 1536 913 1591 per
937 1519 1027 1575 varias
1054 1525 1143 1575 metas
1161 1519 1292 1576 arboreae
1318 1519 1392 1575 cadit
1487 1559 1490 1562 -

146 1605 218 1660 inter
236 1603 307 1661 duas
325 1607 489 1677 piscaturas,
513 1623 586 1676 quae
610 1606 698 1678 Scege
726 1611 867 1676 vocantur,
892 1607 928 1663 ad
947 1609 1097 1678 megistum
1121 1606 1287 1678 Tyburtirm
1310 1609 1393 1679 perti·

147 1697 254 1760 nentes,
281 1694 338 1748 exit
360 1693 543 1764 admagnam
563 1695 636 1750 viam
655 1700 788 1766 quaeest
814 1697 968 1750 communis
993 1696 1038 1750 via
1066 1695 1242 1766 piscatorum,
1267 1694 1332 1750 inde
1356 1695 1391 1750 ad

147 1780 248 1835 silvam
265 1785 294 1836 et
310 1781 386 1836 venit
404 1781 439 1836 ad
459 1781 599 1836 stabulum
618 1798 765 1854 porcorum
784 1783 915 1838 Pulconir
934 1789 962 1838 et
980 1783 1007 1837 in
1027 1781 1158 1852 Golobug
1184 1782 1233 1838 ubi
1257 1783 1321 1838 fecit
1343 1781 1392 1838 do·

146 1883 215 1922 num
234 1867 396 1923 Wlohnrlov
414 1873 442 1923 et
459 1869 603 1924 revertitur
621 1869 656 1925 ad
675 1870 800 1941 primam.
819 1870 891 1926 Item
909 1869 986 1926 dedit
1003 1870 1043 1924 illi
1061 1887 1110 1926 rex
1123 1870 1286 1941 particulam
1303 1874 1393 1924 terrae

144 1955 226 2010 iuxta
243 1953 346 2011 Savum
364 1971 437 2024 quae
454 1955 604 2012 Vetilovna
621 1963 805 2028 nuncupatur,
825 1958 873 2028 qui
890 1957 970 2015 locus
998 1957 1167 2029 piscatorum
1194 1972 1256 2012 esse
1283 1955 1391 2012 dicitur.

201 2041 260 2098 (lod
277 2041 346 2112 dipl.
362 2043 462 2112 potius
483 2043 546 2098 Vll.
556 2060 586 2113 p.
599 2047 642 2100 64.
661 2059 695 2100 ec
707 2044 821 2100 archivo
837 2045 965 2102 comitum
979 2045 1094 2115 Erdddy
1107 2045 1272 2114 caurorum
1290 2043 1392 2100 ublato.

198 2165 373 2222 Docxxrh
391 2165 517 2237 spernar,
536 2169 616 2221 1257.
637 2171 660 2220 6.
679 2167 787 2222 Mortit
807 2167 956 2237 Regnaute
977 2166 1045 2221 Bela
1057 2167 1109 2221 lv.
1121 2181 1195 2236 rege.
1208 2166 1392 2238 Temporibus

145 2252 260 2323 Rogcrii
279 2253 479 2324 archiepiscopi
501 2253 683 2324 Spalatensis,
707 2254 842 2324 Stephani
867 2254 931 2309 bani
954 2253 1112 2324 Slavoniae,
1135 2253 1267 2309 Guitonis
1285 2253 1392 2308 comitis

145 2338 298 2396 Modrusse
317 2347 345 2395 et
363 2339 486 2395 Vinodol
512 2341 665 2410 potestatis,
691 2340 784 2396 Desae
808 2341 961 2409 Michaelis,
985 2341 1060 2396 Petri
1088 2340 1255 2408 Oeruochae,
1280 2339 1392 2396 Dohrae

145 2429 293 2495 Duseirae,
321 2426 453 2483 iudicum.
480 2427 581 2482 Dictus
608 2427 752 2498 Rogerius,
780 2429 1004 2500 archiepiscopus
1033 2427 1168 2484 notificat:
1197 2445 1260 2484 cum
1286 2427 1393 2484 dudum

145 2532 272 2571 murmur
285 2519 313 2570 ot
326 2531 420 2570 rumor
431 2519 489 2570 tam
507 2516 535 2569 in
553 2515 627 2570 clero
646 2533 730 2586 quam
748 2517 775 2570 in
795 2515 900 2587 populo
919 2516 1024 2570 multus
1044 2521 1125 2580 esset,
1145 2514 1290 2572 Prodauus
1307 2515 1393 2570 archi·

145 2603 291 2674 presbyter
315 2602 464 2673 quemdam
481 2601 602 2673 lapidem
615 2604 663 2672 qui
682 2603 790 2658 Gamau
802 2603 951 2674 vulgariter
964 2603 1114 2671 dicebatur,
1129 2603 1164 2659 de
1180 2619 1289 2658 camera
1308 2603 1393 2658 ecole-

145 2691 204 2746 siae
221 2690 370 2762 recepisset
388 2695 416 2744 et
433 2689 607 2746 distinxisset
613 2709 620 2758 ς
639 2691 731 2762 ipsum
750 2691 852 2762 pluries
872 2696 1016 2762 praesente
1034 2691 1108 2746 clero
1126 2695 1155 2748 et
1174 2690 1280 2761 populo
1301 2691 1394 2745 vocari

147 2777 215 2832 fecit
232 2793 326 2834 coram
345 2793 383 2846 se,
401 2778 450 2847 qui
468 2778 636 2848 recognovit,
655 2776 813 2848 quodcum
831 2778 1043 2834 archidiaconus
1062 2783 1090 2834 et
1107 2778 1260 2849 capitulum
1279 2777 1346 2832 olim
1357 2776 1393 2832 ad

145 2881 220 2936 opus
239 2864 371 2920 ecclesiae
389 2863 448 2918 lieri
466 2863 589 2920 lacerent
607 2864 747 2934 quandam
768 2881 885 2934 crucem,
915 2871 946 2919 ut
973 2865 1009 2920 ad
1036 2865 1165 2922 decorem
1191 2865 1280 2936 ipsius
1308 2879 1393 2935 pone·

145 2957 223 3008 retur
240 2952 269 3006 in
287 2967 328 3019 ea,
347 2951 427 3006 illum
444 2951 566 3022 lapidem
584 2957 759 3023 exceperunt,
787 2951 837 3008 sed
861 2968 917 3007 non
936 2957 978 3008 est
995 2953 1024 3006 iu
1042 2969 1082 3021 ea,
1102 2953 1168 3021 quia
1186 2957 1246 3007 erat
1263 2949 1392 3006 inhabilis

145 3039 309 3106 collocatus,
337 3043 365 3094 et
391 3039 523 3093 remansit
548 3055 597 3109 per
618 3039 761 3109 quandam
784 3040 918 3094 incuriam
944 3055 1029 3110 penes
1053 3040 1153 3112 ipsum.
1179 3037 1305 3094 Tandem
1328 3053 1391 3092 eum

146 3125 241 3182 bonus
259 3126 408 3182 memoriae
427 3125 587 3196 Stephanus
606 3125 799 3196 Zagrabiensis
813 3127 963 3198 episcopus
981 3125 1016 3180 ad
1035 3132 1129 3198 partes
1147 3127 1215 3182 istus
1233 3125 1392 3180 advenisset

146 3217 175 3270 et
192 3213 281 3268 multa
298 3213 414 3268 donans
438 3214 466 3267 in
492 3213 591 3284 pannis
609 3219 637 3268 et
655 3214 765 3270 sericeis
791 3219 818 3268 et
844 3215 905 3269 aliis
928 3214 1061 3270 ecclesiae
1088 3213 1246 3284 spalatensi
1271 3212 1391 3280 iecisset,

146 3307 292 3358 ostensum
312 3300 363 3357 sibi
385 3300 515 3372 lapidem,
536 3301 612 3369 vidit,
630 3303 721 3357 usum
746 3301 877 3369 laudavit,
896 3301 1040 3357 laudatum
1062 3301 1221 3370 concupivit
1244 3303 1272 3354 et
1295 3297 1394 3352 habuit

148 3389 337 3460 concupitum
356 3387 422 3442 Non
440 3394 532 3443 tamen
551 3387 667 3446 credidit
682 3388 902 3460 archipresbyter
915 3387 990 3459 quod
1003 3388 1097 3458 magni
1116 3387 1216 3443 valoris
1235 3389 1308 3442 esset
1319 3385 1391 3456 lapis

145 3477 202 3544 ille,
222 3476 271 3532 sed
283 3477 337 3532 hoo
352 3476 425 3542 fecit,
444 3481 476 3531 ut
492 3476 586 3546 ipsum
603 3477 767 3548 episcopum
785 3476 820 3532 ad
839 3475 1000 3532 donandum
1018 3476 1139 3531 alliceret
1157 3474 1272 3546 potiora.
1285 3471 1392 3528 Verum

147 3581 212 3620 cum
230 3563 266 3618 ab
284 3563 327 3618 hia
348 3563 439 3618 verbis
456 3564 569 3634 plurimi
588 3563 783 3634 discreparent,
802 3569 830 3619 et
847 3569 1002 3619 assererent
1019 3564 1099 3618 aliter
1111 3577 1172 3616 esse
1189 3561 1302 3628 factum,
1315 3559 1391 3614 misit

145 3651 372 3722 archiepiscopus
390 3649 525 3706 Venetiae
543 3657 571 3706 et
588 3650 624 3706 ad
643 3651 712 3706 alias
738 3655 839 3721 partes,
859 3650 907 3706 sed
926 3649 1051 3720 nequivit
1070 3648 1173 3720 aliquid
1192 3647 1313 3720 reperiri.
1339 3647 1393 3702 Re·

146 3740 224 3810 cepit
243 3737 422 3810 postmodum
440 3738 534 3809 plures
552 3739 659 3794 litteras
677 3738 712 3794 de
732 3739 856 3810 Ungaria
873 3738 990 3792 fratrum
1002 3736 1237 3800 Praedicatorum,
1256 3735 1305 3806 qui
1324 3739 1393 3790 atta·

145 3831 264 3892 starent,
283 3826 358 3897 qnod
378 3831 476 3881 notum
501 3831 560 3882 erat
587 3825 655 3882 illud
680 3825 757 3898 qnod
783 3826 1004 3898 archipresbyter
1025 3825 1171 3880 consessus
1190 3823 1289 3890 fuerat,
1308 3825 1393 3893 prout

145 3921 175 3970 et
192 3913 297 3969 familia
313 3912 380 3968 dicti
398 3912 523 3984 episcopi
547 3912 676 3984 publicae
702 3913 864 3969 testabatur.
889 3912 1124 3984 Archiepiscopus
1150 3911 1242 3980 igitur,
1267 3909 1333 3980 quia
1357 3907 1392 3964 de

146 4002 241 4058 valore
258 4001 359 4072 lapidis
376 4016 434 4055 non
452 4000 607 4069 constabat,
620 4001 684 4057 licet
701 4001 737 4057 de
756 4000 932 4072 simplicitate
951 4000 994 4055 vel
1013 3998 1219 4070 praesumtione
1238 4000 1311 4052 esset
1328 4011 1392 4065 gra-

146 4091 217 4146 viter
233 4087 402 4160 arguendus,
421 4089 509 4144 voluit
528 4093 556 4144 et
574 4088 771 4160 pronuntiavit,
790 4087 865 4160 quod
888 4087 1008 4159 quedam
1024 4087 1136 4142 hortum
1161 4081 1392 4156 patrimonialem,

147 4178 292 4234 subterra
310 4175 340 4232 Β.
358 4177 472 4232 Domnii
497 4177 581 4232 situm
593 4175 669 4248 apud
683 4175 712 4232 S.
725 4176 874 4232 Nicolaum
887 4175 922 4231 de
935 4177 1035 4244 menz,
1059 4175 1088 4228 in
1106 4170 1393 4242 recompensationem
1415 4211 1421 4218 .

144 4265 240 4321 damni
257 4263 367 4320 cederet
390 4263 523 4320 ecclesiae
550 4264 580 4320 S.
598 4263 720 4332 Domuii,
739 4265 787 4335 qui
804 4263 869 4319 huic
893 4261 1029 4318 voluntati
1053 4261 1082 4314 iu
1108 4258 1266 4331 praesentia
1291 4255 1388 4327 populi

147 4353 293 4424 acquievit,
312 4357 340 4407 et
354 4351 461 4422 judicio
479 4353 628 4408 consensit.
650 4352 748 4408 Testes
765 4351 879 4407 suerunt
902 4350 1024 4405 Thomas
1049 4345 1268 4412 archidiaconus,
1293 4343 1393 4397 Petrus

146 4441 332 4510 Primicerius,
351 4441 387 4498 D.
406 4441 574 4497 Laurentius
592 4440 672 4496 miles
689 4441 828 4507 Potestas,
853 4439 952 4493 Petrus
972 4435 1122 4501 Oerneoha,
1141 4432 1237 4488 Dobre
1255 4421 1393 4486 Dussiaae
1427 4453 1434 4466 ·

145 4531 254 4586 iudices
273 4535 302 4586 et
319 4529 374 4586 alii.
392 4529 510 4600 Opriesa
527 4527 657 4584 Dabrelis
670 4529 852 4596 examinator,
864 4541 977 4581 manum
989 4523 1087 4579 missit.
1100 4522 1214 4578 Aruicua
1226 4518 1391 4591 capellanus

146 4619 303 4677 communis
321 4617 446 4674 roudus
464 4617 582 4688 scripsit.

201 4707 250 4762 Eu
268 4705 381 4762 orclriuo
400 4703 492 4760 aaliw
515 4703 728 4762 Vindoboueuri.
747 4701 820 4759 Aeta
838 4699 1019 4771 spalatensis
1037 4699 1163 4765 avirra.
1182 4699 1207 4752 2.
