3376 5350
658 448 803 506 nanaeus.
1291 452 1355 518 401

113 648 185 702 viam
205 663 254 718 per
272 663 354 718 quam
374 644 449 700 cadit
467 646 495 700 in
515 659 615 716 aquam
641 643 736 714 (inrig,
756 643 790 698 de
809 661 864 714 qua
884 645 941 699 exit
958 645 987 698 in
1005 642 1148 699 Remurne
1172 644 1267 716 potul,
1285 643 1359 698 venit

113 735 149 788 arl
167 735 273 790 iontem
292 734 405 790 Vidoim
431 740 459 788 et
482 749 533 804 per
558 732 645 786 varias
669 735 758 785 metas
781 731 910 786 arboreas
935 738 962 786 et
985 738 1096 798 terreas,
1122 749 1170 802 per
1196 738 1304 787 montes
1332 741 1359 786 et

112 823 198 877 valles
217 824 291 878 venit
309 823 345 877 ad
364 824 484 893 priorem
503 827 613 876 metam.

168 909 232 966 Coei.
252 910 323 978 dipl.
340 911 455 978 patrias
478 905 1121 976 Vlup.1oa.1teuroat.arcetnocomatam
1149 907 1267 976 Erdrisiy
1289 909 1357 964 Gal-

109 999 222 1068 possam
241 997 341 1050 oblato.

167 1117 420 1174 Meconxxxv.
446 1119 566 1176 somne.
587 1118 661 1170 1285.
686 1119 726 1170 11.
751 1115 864 1171 Martii.
888 1116 1031 1171 Honorius
1057 1117 1109 1172 IV.
1133 1133 1206 1190 papa
1229 1118 1264 1173 ad
1287 1121 1356 1190 psti-

110 1210 214 1262 tr'onern
234 1207 444 1261 Bonaventnrae
462 1203 661 1275 archiepiscopi
679 1201 814 1272 Regusini
833 1203 959 1258 concedit
978 1205 1010 1270 ei,
1030 1205 1058 1258 in
1077 1221 1159 1259 sensu
1173 1207 1265 1262 bullae
1285 1207 1357 1262 Mar-

113 1296 164 1349 tini
184 1294 234 1349 IV.
252 1301 443 1364 praematurae
470 1293 581 1356 mortui,
606 1297 638 1344 nt
661 1307 712 1360 pro
737 1291 943 1362 episcopatibus
964 1291 1138 1347 Tribuniensi
1164 1302 1191 1349 et
1209 1293 1356 1365 Stagnensi

113 1382 229 1436 idoneas
248 1398 380 1452 personas
398 1382 426 1436 in
445 1382 590 1452 episcopos
609 1378 786 1432 denominare
804 1393 907 1449 eosque
920 1394 1082 1434 consecrare
1100 1382 1195 1452 possit.

166 1469 296 1524 Fcrluti:
315 1469 398 1538 Illyr.
418 1469 495 1524 saer.
519 1469 549 1520 T.
571 1466 618 1520 VI.
635 1482 665 1533 p.
682 1465 763 1518 293st

165 1592 435 1648 MOGCLXXXVI.
455 1593 492 1645 Ia
511 1590 659 1646 Priscova
678 1588 755 1640 1285.
773 1589 797 1640 6.
819 1589 935 1656 Aprilis.
957 1591 1048 1645 Heinz
1074 1591 1108 1647 de
1136 1593 1250 1646 Bibsnis
1275 1593 1359 1647 tradit

112 1680 248 1750 capellam
267 1696 356 1748 suam,
375 1697 459 1750 quam
478 1679 506 1735 in
524 1679 655 1733 honorem
674 1675 705 1728 B.
719 1674 757 1728 M.
773 1674 809 1730 V.
821 1676 876 1730 iam
890 1675 997 1733 dudum
1011 1685 1210 1746 construxerat,
1224 1679 1358 1734 iratribus

113 1767 354 1822 Praedicatoribus
373 1767 407 1822 tle
427 1767 558 1838 Ragnsio,
578 1767 690 1834 insuper
713 1761 799 1816 donat
823 1763 863 1818 eis
891 1781 986 1820 omnes
1004 1766 1126 1836 capellae
1145 1767 1295 1836 praetiosus
1319 1783 1359 1821 re·

113 1855 222 1924 liquias,
242 1855 355 1910 calicem
373 1861 544 1926 argenteum,
564 1859 592 1906 et
609 1857 699 1906 vestes
718 1849 903 1906 sacerdotales
923 1869 985 1906 cum
1005 1859 1166 1908 ornamento
1185 1855 1287 1909 altene.

165 1941 293 1994 Fartus:
312 1942 394 2010 illyr.
414 1941 492 1996 Scor.
515 1942 543 1994 Τ.
566 1940 614 1994 Vl.
631 1955 659 2008 p.
680 1944 739 1994 117.

165 2081 447 2138 Mcooaxxxvn.
466 2085 585 2140 Jadrse.
611 2089 687 2142 1285.
711 2092 738 2143 2.
763 2087 856 2140 Junii.
883 2085 1048 2139 Laurentius
1071 2082 1228 2137 Pereander
1255 2084 1359 2138 archie-

114 2171 244 2241 piscopus
262 2171 407 2226 Jadrensis
426 2172 522 2226 scribit
540 2171 676 2243 Gregorio
696 2177 828 2248 episcopo
847 2173 1030 2242 &amanensi
1051 2170 1122 2224 Cum
1142 2170 1230 2242 pridie
1244 2172 1355 2242 quando

116 2258 221 2328 placuit
240 2260 264 2312 ei
290 2260 489 2312 consecrationi
514 2261 648 2315 ecclesiae
672 2261 817 2318 Jadrensis
843 2258 1024 2330 personaliter
1047 2261 1188 2326 interesse,
1216 2265 1360 2329 praesente
1435 2260 1441 2280 “

115 2343 226 2399 Joanne
238 2345 446 2416 archiepiscopo
464 2345 619 2416 Spalstensi
639 2365 701 2404 cum
720 2350 781 2404 aliis
800 2347 981 2418 suffraganeis
999 2347 1059 2418 ejus
1078 2353 1105 2400 et
1123 2346 1206 2412 illius,
1223 2348 1359 2400 concessit

116 2431 266 2502 quamdam
285 2433 404 2487 litteram
423 2435 514 2503 sigillo
533 2452 584 2488 suo
603 2437 739 2507 signatam
754 2436 836 2492 Petro
848 2434 1043 2490 archidiacono
1056 2432 1226 2488 Sibsnicensi
1240 2440 1268 2490 et
1280 2433 1358 2487 Sibe·

118 2521 278 2575 uicensibus
297 2537 380 2590 super
398 2520 507 2574 duabus
525 2523 624 2576 insulis
643 2523 748 2579 Srimaz
767 2531 795 2579 et
813 2523 885 2590 Zuri,
900 2522 994 2576 (licens
1006 2523 1034 2574 in
1048 2521 1146 2575 eadem
1161 2523 1233 2576 sicut
1245 2521 1360 2588 audivit,

116 2607 192 2676 quod
210 2609 262 2662 iste
281 2607 353 2662 dnae
371 2609 477 2662 insulae
496 2617 574 2663 erant
592 2617 620 2664 et
638 2612 811 2680 pertinebant
829 2609 865 2664 ad
884 2609 1083 2663 Sibenicenses.
1111 2608 1211 2662 Postea
1228 2626 1293 2664 vero
1311 2625 1360 2678 per

115 2695 245 2764 antiquos
263 2696 387 2750 homines
408 2703 435 2751 et
454 2696 508 2750 lide
527 2697 628 2770 dignos
645 2698 782 2753 intellexit
806 2697 915 2769 plenius
933 2697 1084 2760 veritatem,
1109 2696 1174 2749 visis
1192 2696 1358 2766 quibusdam

116 2783 277 2853 privilegiis,
302 2785 329 2840 in
354 2785 455 2854 quibus
474 2785 607 2856 probatur
625 2787 699 2856 quod
718 2787 858 2858 predictae
876 2784 982 2838 insulae
1001 2789 1079 2837 erant
1103 2783 1138 2836 sb
1162 2781 1228 2835 olim
1248 2782 1282 2836 de
1298 2783 1359 2851 jure

117 2877 146 2924 et
164 2872 332 2941 proprietate
351 2873 470 2926 civitatis
493 2873 644 2928 Jadrensis.
670 2873 777 2927 Idcirca
801 2871 1001 2926 confessionem
1027 2886 1105 2924 snam
1125 2885 1239 2924 erronee
1258 2869 1357 2924 iactam

118 2963 233 3026 propter
251 2961 462 3028 occupationem
481 2961 603 3026 nimiam,
628 2961 772 3015 occasione
798 2959 887 3014 dictae
912 2959 1126 3014 consecrationis
1149 2961 1259 3010 revocat
1284 2956 1359 3010 illam

116 3053 145 3098 et
164 3051 261 3113 cassat,
281 3063 315 3100 ne
334 3063 481 3118 proccessu
501 3049 633 3117 temporis
651 3049 723 3102 inter
741 3048 879 3102 cirinum
897 3045 1062 3100 Jadreneem
1082 3051 1109 3099 et
1134 3051 1256 3098 castrum
1283 3043 1359 3098 Sibe-

118 3133 231 3187 nicense
245 3135 370 3203 quaestio
383 3134 476 3204 aliqua
489 3134 578 3188 valeat
591 3136 725 3189 suscitari.
740 3135 935 3189 Praesentibus
947 3134 1032 3188 fratre
1045 3133 1203 3203 Augustino
1217 3132 1259 3186 dei
1271 3135 1360 3202 gratia

118 3221 251 3290 episcopo
277 3220 394 3274 civitatis
418 3220 515 3274 Norae
539 3221 668 3290 Novesia
692 3222 800 3276 Joanne
823 3221 923 3275 abbate
948 3237 969 3280 s.
993 3218 1150 3288 Grisogoni.
1180 3219 1270 3274 Nobb.
1297 3222 1360 3274 viris

117 3306 238 3361 Girardo
257 3313 284 3361 et
302 3306 446 3362 Ricobono
466 3309 501 3362 de
520 3307 654 3374 Venetiis,
673 3325 747 3362 nunc
766 3309 963 3362 mercatoribus
986 3306 1176 3364 Jadrensibus.
1196 3307 1360 3362 Vincentius

117 3411 139 3448 s.
161 3393 294 3464 Stephani
315 3395 458 3465 presbyter
471 3401 498 3449 et
511 3395 528 3450 J
531 3395 654 3450 adrensis
672 3395 794 3450 notanus
806 3395 842 3450 ad
855 3395 1018 3450 mandatum
1031 3393 1230 3465 archiepiscopi
1244 3395 1359 3466 scripsit.

168 3481 291 3535 Laesus:
310 3483 392 3536 Mem.
412 3482 443 3536 dt
465 3483 548 3535 Trou.
563 3499 593 3551 p.
607 3485 666 3536 117.

175 3621 476 3678 MOOCLXXXVIII.
496 3625 571 3678 1285.
590 3626 632 3677 16.
651 3624 744 3678 Jtmii.
763 3623 897 3678 Nicolaus
916 3639 1009 3678 comes
1027 3622 1173 3692 palatinus,
1192 3622 1266 3676 filius
1285 3621 1361 3676 Hen-

116 3711 165 3764 rici
184 3709 325 3781 quondam
343 3711 417 3778 bani,
437 3711 601 3765 cambiatam
620 3728 698 3766 suam
717 3712 921 3782 possessionem
939 3711 1042 3780 Lastey
1061 3717 1278 3765 commetansam
1304 3727 1361 3764 mo-

116 3800 236 3853 nasterio
260 3799 361 3853 montis
388 3816 408 3852 a.
435 3797 547 3866 Mariae,
574 3815 657 3867 quam
688 3816 704 3852 a
729 3799 837 3853 Jacobo
862 3799 962 3852 comite
987 3797 1044 3852 tilio
1067 3797 1169 3852 Ponith
1196 3799 1249 3852 sub
1273 3797 1362 3851 forma

116 3887 342 3940 commutationis
366 3887 486 3956 accepit,
512 3886 587 3940 dicto
612 3889 778 3942 monasterio
810 3886 916 3941 confert
944 3886 997 3940 sub
1026 3885 1117 3954 sigillo
1147 3884 1265 3939 Joannis
1297 3885 1361 3938 bani

116 3972 208 4026 fratris
226 3975 295 4040 eius,
313 3981 341 4028 et
359 3991 417 4027 suo.
436 3973 533 4027 Testes
559 3973 672 4028 suerunt
700 3975 772 4028 inter
797 3978 920 4027 caeteros
939 3988 1031 4026 comes
1051 3972 1217 4026 Laurentius
1236 3971 1270 4025 de
1289 3971 1360 4038 Nelr,

116 4077 208 4114 eomes
227 4061 392 4116 Herbordus
412 4059 446 4114 de
465 4059 523 4126 Osl,
542 4061 690 4116 Durizlnus
709 4068 737 4116 et
755 4061 902 4114 Ladizlans
921 4059 994 4114 chari
1014 4059 1081 4113 eius.

170 4147 266 4215 Fejcr:
287 4147 351 4202 Coti.
372 4147 440 4216 dipl.
461 4147 559 4218 Hrtnp.
581 4149 610 4201 Τ.
635 4149 699 4203 VII.
719 4149 769 4202 ool.
794 4149 823 4202 V.
838 4164 869 4216 p.
889 4150 947 4200 467.

154 4269 422 4324 MCCOLXXXlX.
442 4271 614 4341 Zaprabiae.
634 4275 710 4325 12⁸5.
729 4275 753 4325 7.
767 4271 939 4339 Septembris.
954 4269 1114 4340 Capitulum
1129 4269 1260 4324 ecclesiae
1278 4267 1359 4338 Zagr.

117 4356 166 4410 dat
187 4374 236 4428 pro
254 4358 394 4423 memoria,
413 4357 487 4428 qnod
507 4357 636 4412 ‚Iohanne
655 4359 754 4412 comite
773 4357 830 4410 filio
844 4357 959 4411 Arlandi
973 4373 1022 4428 pro
1036 4357 1121 4412 nobili
1142 4358 1199 4410 viro
1219 4355 1361 4426 Stephano

117 4445 191 4498 bano
212 4444 326 4497 domino
345 4461 395 4498 suo
414 4446 448 4500 ab
468 4463 523 4500 uns
541 4453 613 4516 pate,
633 4445 713 4498 stab
732 4443 818 4498 alters
837 4444 923 4497 Zemlr
942 4445 998 4498 tilio
1012 4445 1084 4498 Bosa
1103 4461 1152 4514 pro
1171 4460 1200 4497 se
1215 4449 1242 4496 et
1264 4443 1361 4496 ltlnren

117 4532 200 4586 fratre
230 4548 291 4596 suo,
316 4531 443 4586 chheta
469 4533 525 4586 tilio
551 4532 672 4598 Stoizlsi,
699 4531 858 4588 Dobrotech
883 4531 940 4584 filio
964 4531 1084 4596 Ohcrnk,
1110 4549 1159 4601 pro
1179 4547 1208 4584 se
1227 4537 1254 4584 et
1273 4529 1360 4584 Radei

117 4619 201 4673 fratre
219 4636 269 4672 suo
293 4625 320 4672 et
340 4618 410 4671 Petlr
434 4619 491 4672 filio
513 4619 644 4673 Bratbesa
663 4635 754 4672 coram
774 4619 940 4685 constitutis,
958 4619 1032 4672 idem
1050 4618 1137 4671 Zemlr
1157 4623 1184 4671 et
1202 4618 1301 4671 caeteri
1327 4616 1361 4670 de

116 4714 195 4778 parte
214 4723 264 4760 srra
278 4705 395 4760 confessi
415 4708 476 4773 sint,
496 4724 525 4760 se
544 4715 571 4760 et
591 4709 731 4776 proximos
750 4724 815 4760 suos
833 4708 976 4760 universos
1000 4705 1035 4760 ‹le
1053 4705 1248 4776 Drozgometh,
1261 4709 1360 4758 terram

116 4812 195 4849 susm
224 4793 259 4848 de
286 4793 382 4848 eocloru
409 4794 599 4864 Drozgoruech
624 4795 652 4848 in
680 4794 742 4847 loco
761 4794 841 4863 Dola,
872 4793 1113 4863 Vechyn-cberetlr
1138 4800 1263 4848 vocatam
1283 4809 1299 4846 a
1318 4809 1361 4846 ca-
