3464 5382
369 391 429 454 138
859 413 880 454 1.
904 401 1098 467 nsmmsnvrb,

360 573 548 631 dissensiones
565 577 605 632 ita
623 577 865 648 complanaverint.
886 580 909 632 1.
929 577 1089 649 Capitulum
1106 583 1134 632 et
1152 578 1335 633 communitas
1349 579 1515 649 spalatensis
1525 580 1603 652 jura-

361 665 460 717 verunt
478 661 637 718 fidelitatem
655 664 712 732 regi
732 670 759 718 et
777 679 828 718 suo
848 663 912 731 filio,
931 669 959 719 et
976 664 1112 720 dederunt
1130 665 1241 720 nomine
1259 664 1448 722 observandae
1461 664 1604 722 fidelitatis

362 765 412 820 pro
431 747 574 804 obsidibus
599 767 648 804 sex
673 767 688 806 0
714 749 831 821 collegio
854 751 956 806 civium
980 767 1100 807 suorum.
1127 751 1151 806 1.
1177 750 1259 819 Quod
1283 751 1409 808 inimicos
1428 757 1456 808 et
1473 752 1602 810 infideles

361 837 434 906 regis
451 837 479 890 in
498 837 636 892 civitatem
655 852 734 892 suam
753 855 809 894 non
835 839 889 893 sint
906 839 1049 909 recepturi.
1068 839 1092 893 3.
1113 837 1250 894 Comitem
1269 839 1371 908 eligent
1390 838 1566 895 solummodo
1587 857 1603 895 e

361 939 447 994 regno
474 930 502 979 et
528 923 637 980 fidelem
664 926 721 995 regi
749 931 776 980 et
803 943 859 981 non
887 931 1057 994 extensum,
1085 942 1167 996 quem
1195 925 1324 980 comitem
1351 941 1400 980 rex
1418 925 1603 982 confirmabit.

360 1011 386 1066 4.
405 1010 508 1066 Villam
527 1011 650 1082 Ostrogb
668 1029 732 1067 cum
750 1017 810 1067 tota
827 1019 900 1068 terra
917 1011 952 1068 de
970 1013 1099 1068 columna
1117 1029 1202 1085 supra
1217 1029 1312 1068 versus
1327 1012 1492 1084 Tragurium
1504 1013 1606 1068 cedent

362 1098 541 1168 Spalatsnses
559 1115 609 1170 per
626 1099 764 1170 integrum
782 1099 951 1170 Tragurinis.
976 1103 1000 1155 5.
1019 1099 1133 1168 Domos,
1153 1101 1344 1171 possessiones
1363 1105 1391 1156 et
1408 1101 1512 1169 vineas,
1531 1117 1604 1171 quas

362 1181 496 1255 Spoletini
516 1183 700 1256 possederunt
716 1186 743 1239 in
764 1187 899 1243 territorio
911 1185 1045 1256 Γ10000011,
1059 1193 1202 1243 cesserunt
1214 1188 1388 1258 Tragurinim
1406 1187 1446 1243 ita
1463 1189 1605 1259 reciproce

361 1271 406 1325 isti
425 1270 487 1325 illas
505 1271 704 1342 possessiones,
724 1271 822 1328 domos
841 1278 869 1328 et
886 1273 988 1344 vineas,
1014 1291 1083 1344 quas
1101 1273 1258 1330 habuerunt
1276 1275 1391 1346 Spalati.
1411 1277 1435 1330 6.
1455 1275 1527 1331 Item
1546 1293 1605 1332 ces·

362 1363 458 1414 serunt
476 1357 613 1430 Spoletini
630 1359 790 1429 iiagurinis
808 1360 928 1415 insulam
946 1377 967 1416 0.
986 1360 1128 1432 Stephani,
1141 1377 1226 1430 quam
1238 1359 1321 1418 iidem
1338 1361 1483 1432 Tragurini
1495 1361 1605 1433 pridem

362 1443 554 1514 possederunt.
574 1446 598 1500 7.
617 1443 647 1501 Si
672 1445 765 1516 aliqua
787 1463 852 1516 pars
876 1453 972 1502 contra
994 1447 1065 1502 banc
1089 1447 1339 1518 complanationem
1363 1450 1391 1504 in
1410 1448 1504 1504 futuro
1526 1450 1605 1505 litem

362 1532 515 1598 0000110000,
534 1531 647 1587 debebit
665 1531 770 1588 solvere
789 1534 857 1588 1000
868 1550 976 1588 marcas
988 1533 1095 1603 argenti
1108 1535 1184 1604 regio
1197 1536 1264 1590 fisco
1277 1542 1355 1591 extra
1367 1553 1487 1608 poenam
1500 1535 1604 1592 iudicii.

416 1618 523 1675 Eodem
546 1625 672 1691 tempore
695 1620 826 1674 conclusa
851 1626 894 1675 est
917 1637 973 1692 pax
991 1622 1062 1676 inter
1080 1624 1253 1692 Stepconem,
1272 1622 1437 1694 Nelipcium,
1455 1623 1604 1678 Danielem

364 1706 594 1778 christophorum
618 1713 646 1762 et
670 1705 844 1778 Oraynicum,
869 1709 917 1778 qui
941 1708 1053 1764 luerunt
1076 1707 1111 1764 de
1136 1715 1214 1780 parte
1233 1711 1466 1780 Traguriensium,
1495 1727 1529 1765 ex
1547 1728 1605 1764 nna

363 1798 449 1865 parte,
468 1803 496 1849 et
513 1794 584 1849 inter
608 1793 793 1850 Nincslauum
817 1794 921 1849 benum
945 1795 1084 1864 (Boenae),
1103 1795 1243 1851 Andream
1265 1799 1393 1853 comitem
1411 1797 1447 1853 de
1466 1796 1605 1860 Obulmia,

363 1881 494 1954 Bratisoy
511 1888 539 1937 et
557 1881 659 1950 Vulka,
678 1883 835 1954 Polinanos,
854 1883 901 1954 qui
919 1883 1031 1938 fuerunt
1048 1883 1175 1938 infideles
1193 1884 1259 1954 regi.

414 1969 523 2026 Relatio
541 1970 689 2026 missorum
708 1971 863 2041 subscripta
881 1977 922 2025 est
935 1987 984 2042 per
997 1970 1176 2026 Benedictum
1194 1969 1386 2026 cancellarium
1399 1969 1465 2024 bani
1484 1975 1512 2026 et
1524 1969 1604 2026 ducis

365 2056 511 2112 Slavoniae
520 2059 562 2112 19.
572 2057 640 2112 ι10111
652 2057 728 2112 1244.
738 2058 1014 2127 Privilegiumautem
1024 2057 1257 2114 confirmatorium
1266 2058 1339 2128 regis
1348 2059 1383 2113 14
1392 2057 1512 2114 octobris
1524 2059 1605 2114 1244.

417 2163 539 2218 lamias:
558 2163 686 2218 Mereor-ie
704 2163 735 2218 di
754 2163 831 2218 Trcri
848 2163 881 2218 in
898 2163 1020 2218 versione
1037 2163 1142 2232 italico,
1159 2179 1187 2234 p.
1208 2168 1249 2218 54.

417 2319 576 2376 OOCOLX.
594 2321 681 2390 Apud
699 2329 817 2375 castrum
835 2319 933 2390 (10100,
952 2323 994 2374 15.
1013 2320 1096 2375 lunii
1113 2323 1191 2376 1244.
1211 2320 1278 2375 Bela
1295 2320 1340 2376 IV
1353 2336 1402 2375 rex
1414 2320 1603 2391 agnoscendo,

364 2407 439 2478 quod
458 2407 571 2478 grandis
589 2408 767 2463 eminentium
785 2407 906 2462 virorum
924 2406 1042 2462 fidelitas
1068 2407 1201 2478 grandem
1220 2407 1295 2478 apud
1314 2407 1434 2463 illustres
1452 2413 1481 2463 et
1497 2409 1605 2478 magni·

365 2496 432 2552 ficos
451 2495 678 2552 remunerationis
697 2495 815 2565 gratiam
833 2501 1028 2566 promereatur,
1048 2493 1083 2550 ad
1102 2496 1228 2550 notitiam
1246 2496 1370 2550 omnium
1381 2495 1441 2550 vult
1452 2496 1603 2567 pervenire,

365 2581 440 2653 quod
458 2583 609 2655 Dyonieius
633 2581 723 2637 banus
748 2587 777 2637 et
799 2581 857 2637 dux
881 2581 967 2638 totius
992 2581 1147 2650 Slavoniae,
1166 2599 1183 2637 a
1200 2589 1295 2638 tenera
1313 2582 1403 2638 adbuc
1421 2589 1512 2638 aetate
1529 2583 1604 2653 regis

364 2677 392 2726 et
410 2672 467 2726 suis
486 2671 587 2742 pariter
604 2671 632 2724 in
650 2669 766 2724 servitiis
779 2669 906 2724 fidelibus
924 2685 1023 2740 regens
1041 2675 1069 2725 et
1086 2669 1206 2740 dirigens
1225 2687 1336 2741 gressus
1355 2687 1431 2739 auos,
1451 2670 1486 2726 de
1498 2670 1601 2726 virtute

364 2757 544 2813 multimodae
562 2755 702 2812 fidelitatis
729 2757 923 2828 multiplicium
941 2773 1057 2828 operum
1074 2757 1235 2828 produxerit
1263 2759 1292 2812 in
1310 2759 1433 2825 virtuter,
1452 2773 1503 2828 pro
1532 2758 1604 2812 utili·

363 2849 419 2900 tate
437 2845 511 2914 regie
539 2849 567 2900 et
591 2846 669 2914 regni
697 2861 845 2916 personam
873 2861 953 2901 suam
980 2851 1008 2900 et
1033 2861 1077 2900 res
1105 2845 1270 2917 exponendo
1297 2845 1413 2902 fideliter
1440 2851 1467 2900 et
1491 2845 1605 2900 viriliter

362 2931 455 2988 dubiis
473 2932 615 2988 eventibus
633 2937 661 2988 et
683 2932 811 3004 fortunis,
830 2939 942 3004 propter
964 2949 1036 3003 quae
1053 2934 1081 2988 in
1100 2933 1262 3002 magistrum
1281 2935 1443 3003 agasonum
1461 2937 1601 2987 meruerat

362 3021 482 3092 praefici,
501 3020 537 3075 ab
554 3021 602 3076 illo
621 3021 740 3092 amplius
753 3021 835 3076 etiam
848 3019 1052 3092 praeferendus,
1072 3025 1099 3074 et
1117 3025 1148 3074 ut
1165 3019 1302 3089 quaedam
1314 3019 1349 3074 de
1362 3020 1456 3074 multis
1468 3025 1604 3089 unquam

362 3108 390 3162 in
409 3125 477 3162 suae
495 3107 634 3162 fidelitatis
662 3107 767 3164 deliciis
790 3107 953 3163 delectando
977 3107 1171 3162 nominetenus
1197 3107 1332 3178 exprimat
1350 3123 1429 3162 mens
1446 3107 1555 3176 regalis,
1574 3107 1603 3161 in

363 3194 492 3250 conflictu
510 3196 638 3265 generali,
658 3213 741 3266 quem
764 3195 862 3250 habuit
889 3195 918 3249 in
937 3194 1029 3265 Scjcw
1047 3211 1111 3250 cum
1129 3199 1210 3264 gente
1229 3194 1359 3265 pestifera
1376 3193 1555 3248 Tartarorum
1574 3195 1603 3247 in

362 3283 479 3338 tuitione
498 3299 632 3354 personae
651 3299 718 3338 suae
745 3299 832 3352 sagax
851 3289 878 3338 et
896 3291 1005 3338 strenus
1028 3283 1119 3338 extitit
1138 3281 1313 3336 laudabiliter
1331 3280 1508 3352 praeliando,·
1528 3286 1605 3351 post·

362 3369 477 3424 modum
495 3386 560 3425 vero
577 3385 641 3424 cum
659 3367 694 3423 ad
714 3375 807 3440 partes
825 3369 979 3425 maritimas
994 3375 1126 3440 vergeret,
1139 3385 1281 3438 nunquam
1294 3385 1324 3424 se
1336 3385 1353 3422 a
1365 3369 1438 3439 regis
1449 3373 1478 3423 et
1489 3384 1604 3424 suorum

361 3456 537 3512 familiarium
555 3455 681 3512 custodia
699 3457 847 3527 elongavit,
866 3474 916 3527 pro
934 3456 1066 3512 fidelitate
1084 3456 1145 3527 ejus
1167 3455 1303 3510 extulerat
1322 3471 1386 3510 eum
1405 3456 1433 3509 in
1452 3454 1557 3510 benum
1576 3461 1604 3512 et

362 3544 461 3599 ducem
479 3545 564 3600 totius
582 3543 737 3610 Slavoniae,
757 3543 804 3614 qui
821 3560 877 3614 qua
894 3544 958 3598 talis
976 3562 1025 3616 per
1042 3543 1227 3600 diversimoda
1248 3543 1352 3614 praelia
1370 3542 1479 3598 diversa
1496 3543 1524 3598 in
1543 3560 1604 3599 cor-

363 3649 431 3704 pore
449 3632 577 3702 stigmata
596 3631 723 3702 suscepit,
744 3631 784 3685 vir
802 3637 939 3699 strenuus,
958 3631 1083 3703 adprime
1100 3629 1265 3698 dimicando,
1284 3629 1439 3700 specialiter
1462 3635 1555 3685 autem
1574 3631 1603 3684 in

363 3719 479 3790 proelio,
501 3717 576 3790 quod
599 3719 696 3774 habuit
719 3719 791 3775 circa
815 3725 907 3791 partes
931 3719 1090 3786 maritimas,
1114 3734 1178 3773 cum
1204 3718 1348 3773 traiectum
1375 3717 1489 3783 lecerat3
1517 3732 1604 3787 quare

362 3805 469 3861 confert
486 3805 511 3860 ei
538 3805 675 3875 quasdam
703 3805 893 3876 possessiones
920 3807 1027 3862 Deslini
1055 3807 1114 3860 sine
1140 3804 1259 3860 haerede
1282 3803 1450 3872 decedentis,
1475 3803 1603 3859 videlicet

362 3909 434 3963 quse
452 3891 565 3948 Urbova
583 3891 733 3962 (Vrborec)
751 3899 866 3948 vocatur
884 3899 912 3949 et
929 3893 1037 3949 Horost
1055 3894 1085 3947 in
1102 3893 1226 3948 crisicnsi
1245 3892 1376 3948 comitatu
1395 3892 1553 3960 existentes,
1573 3897 1602 3946 et

362 3981 485 4034 Caerova
502 3977 588 4034 barda
614 3979 642 4033 in
666 3977 763 4036 eodem
788 3981 929 4037 comitatu.
954 3979 1143 4037 Introducitur
1167 3985 1260 4035 autem
1284 3980 1312 4034 in
1330 3981 1535 4050 possessionem
1553 3996 1603 4050 per

361 4066 462 4122 Jaxam
481 4066 584 4122 benum
604 4068 691 4122 filium
709 4068 809 4123 Isaach
827 4075 854 4124 et
871 4069 1024 4124 Petlronem
1042 4067 1130 4122 filium
1142 4067 1242 4124 chhlr
1260 4066 1295 4122 de
1313 4083 1413 4138 genere
1431 4067 1602 4122 Kamancha

362 4153 454 4210 Mesae
472 4159 561 4210 terrae
579 4154 687 4211 Horost
711 4160 793 4209 sunt:
819 4153 864 4210 Ab
888 4155 993 4211 oriente
1016 4153 1116 4209 fluvius
1140 4153 1322 4224 Glogonicha,
1348 4160 1376 4209 et
1399 4159 1476 4209 tenet
1499 4161 1603 4209 metam

361 4257 425 4296 cnm
442 4247 515 4297 terra
534 4241 736 4297 Orucifercrum
755 4259 776 4297 s.
795 4242 934 4314 sepulchri
952 4241 987 4297 de
1006 4240 1186 4311 Glogonicha‚
1205 4242 1233 4296 10
1251 4241 1365 4296 meridie
1378 4241 1413 4298 ad
1425 4241 1498 4296 latus
1511 4241 1604 4298 cuius·

361 4329 426 4385 dam
444 4331 555 4397 montis,
580 4330 707 4400 superius
731 4329 809 4384 iuxta
832 4329 929 4384 silvam
953 4334 1107 4384 cometatur
1130 4345 1193 4382 cum
1212 4328 1398 4384 castrensibus
1417 4329 1452 4385 de
1469 4329 1599 4398 Kemlulr,

362 4431 459 4471 versus
477 4413 648 4472 occidentem
666 4415 791 4471 aseendit
808 4422 930 4472 montem
950 4431 1046 4471 versus
1065 4420 1186 4471 castrum
1198 4415 1320 4472 Kemlulr
1333 4423 1360 4472 et
1373 4416 1448 4472 vadit
1460 4417 1488 4472 in
1501 4417 1600 4471 vallem

361 4503 439 4558 iuxta
457 4519 558 4573 aquam
583 4501 796 4569 Kamenohicha,
820 4519 915 4557 versus
940 4503 1154 4574 septentrionem
1179 4505 1259 4559 vinea
1283 4503 1378 4576 Seplra
1399 4506 1546 4560 castrensis
1564 4506 1600 4560 de

362 4589 498 4657 Kemluls;
517 4605 612 4644 versus
631 4589 789 4658 aquilonem
808 4589 979 4660 pervenitad
992 4607 1120 4660 magnam
1133 4591 1215 4661 01000,
1229 4609 1300 4662 quae
1316 4591 1391 4647 vadit
1403 4589 1599 4660 Varasdinum,

363 4683 391 4732 et
409 4681 554 4748 separatur
571 4693 589 4732 a
606 4681 679 4732 terra
697 4678 877 4732 castrensium
896 4677 931 4733 de
950 4677 1080 4745 Kemluk,
1098 4683 1126 4732 et
1142 4679 1221 4734 iuxta
1239 4685 1341 4735 metam
1359 4683 1448 4735 terrm
1467 4677 1601 4735 Ozercvo·
