3480 5356
711 448 856 492 anonsva.
1342 430 1410 496 301

160 611 220 662 tam
238 608 357 678 graviter
374 607 578 678 destruxerunt,
597 609 673 682 qnod
692 610 797 667 banatu
816 627 868 668 auo
886 612 965 668 illum
983 612 1106 670 indebite
1134 614 1290 686 spoliarunt
1313 622 1342 672 ιι
1364 617 1405 672 di-

159 711 256 750 versas
275 697 467 768 possessiones
485 695 591 752 destrui
609 705 818 770 praeceperunt.
838 699 913 766 Quid
931 701 1022 772 plura,
1040 717 1105 758 cum
1121 701 1171 758 ille
1189 709 1303 774 propter
1315 702 1406 760 bonae

158 784 261 840 mentis
280 799 349 839 auae
366 782 577 854 dispositionem
597 800 706 856 semper
723 785 874 842 altmsimos
898 793 988 844 status
1013 789 1157 856 tenuisset,
1181 789 1332 860 aliquando
1356 808 1406 862 pa·

158 871 316 938 ladnatnm,
341 870 509 942 quandoque
533 871 668 927 baustum
686 877 714 928 et
731 872 856 930 diversos
881 875 1030 932 comitatus
1048 892 1082 932 ac
1098 875 1181 932 aulae
1207 877 1300 948 regiae
1317 879 1405 949 magi·

159 961 277 1023 ιιιιιιιι,
292 957 321 1013 in
338 957 448 1013 iudiciis
466 959 565 1026 inatus,
584 957 718 1016 fidelitate
736 977 832 1032 purus,
856 962 1065 1019 conversatione
1090 961 1180 1018 dulus
1206 967 1235 1018 et
1259 964 1404 1020 amandus.

159 1043 235 1102 cnm
261 1045 374 1100 tandem
397 1061 447 1101 rex
470 1046 500 1100 in
523 1060 640 1116 reguum
667 1047 755 1118 patris
782 1048 825 1103 aui
852 1049 1039 1117 successisset,
1067 1053 1192 1120 tempore
1219 1051 1406 1106 coronationis

159 1147 228 1188 suas
245 1132 274 1186 in
292 1132 429 1188 immensa
447 1133 663 1203 congregatione
682 1133 758 1205 apud
776 1135 880 1190 Albam
897 1151 995 1192 omues
1014 1137 1181 1192 unanimiter
1199 1136 1318 1193 eundem
1330 1154 1406 1193 com·

157 1217 335 1274 mandarant
365 1217 474 1274 Idcirco
501 1224 631 1290 respectu
658 1225 799 1275 tantorum
826 1222 1000 1277 servitiorum
1023 1222 1139 1278 donavit
1162 1222 1253 1278 eidem
1276 1223 1405 1280 Βοιιιιᾶο

157 1303 233 1360 bano
251 1309 373 1362 castum
391 1304 515 1360 Kemlnk
538 1305 662 1375 (Kalaik)
681 1322 745 1362 cum
763 1307 893 1363 omnibus
917 1309 1090 1379 pertinentiis
1114 1310 1182 1378 suis,
1208 1317 1236 1367 et
1260 1327 1324 1367 cnm
1348 1311 1404 1366 illis

158 1392 243 1447 edam
260 1407 333 1462 qnae
345 1407 394 1465 per
412 1397 520 1464 patrem
537 1393 611 1462 regis
629 1392 666 1447 ab
685 1392 784 1449 eodem
802 1401 894 1451 caeno
912 1395 1032 1452 fuissent
1050 1396 1207 1454 disuactae.
1226 1397 1332 1453 Datum
1350 1413 1401 1469 per

156 1478 340 1535 Benedietnm
358 1479 549 1550 praepositum
567 1477 750 1537 Orodisnsem
767 1481 1030 1540 vicecancellarium.
1049 1483 1242 1540 Existentibus
1255 1483 1402 1542 Timotheo

157 1567 243 1638 episc.
261 1566 388 1638 Zagrab,
405 1565 555 1622 Joachimo
573 1566 656 1632 bano,
674 1567 757 1639 Moya
776 1568 900 1640 palatino
918 1573 970 1626 ete.

210 1650 307 1721 Feier:
329 1653 394 1711 coa.
413 1653 482 1724 dipl.
505 1655 534 1710 T.
557 1653 620 1710 VIL
638 1653 796 1724 ιοι.11,ρ.
814 1660 858 1712 12.

210 1792 310 1849 mvn.
337 1797 415 1850 1270.
445 1797 485 1848 15.
512 1793 604 1878 deaii.
632 1793 793 1866 Stephanus
818 1794 854 1851 V.
878 1811 936 1862 rex,
958 1795 994 1852 ad
1019 1797 1181 1868 petitionem
1206 1797 1347 1854 Dominici
1372 1804 1400 1854 et

155 1879 441 1948 Michaelisfiliornm
458 1882 533 1937 Petri
546 1881 581 1936 de
593 1897 695 1951 genere
708 1881 789 1937 (lhak
804 1882 950 1938 confirmat
961 1881 1150 1951 donationem,
1162 1885 1315 1956 respective
1325 1900 1399 1940 cam·

31 1981 37 1993 ·
156 1967 233 2023 bium
251 1975 341 2024 terrae
359 1968 590 2024 Erdevvchukuna
614 1967 716 2024 iactam
742 1969 845 2024 eisdem
873 1986 923 2040 per
949 1970 1047 2026 Belum
1073 1986 1167 2042 regem
1194 1988 1246 2042 pro
1273 1972 1400 2043 preciose

154 2071 237 2111 cruce
255 2055 291 2111 de
308 2056 385 2126 ligno
403 2055 525 2124 Domini,
544 2072 629 2128 qnam
647 2072 704 2110 una
724 2071 787 2112 cum
812 2055 923 2112 duobus
940 2057 1066 2128 captivis,
1083 2072 1185 2128 genere
1204 2074 1303 2128 nempe
1322 2059 1394 2128 regis

155 2141 269 2198 Serviae
286 2141 370 2210 Vros,
389 2146 417 2198 et
434 2141 493 2199 tilio
511 2141 635 2214 magistri
657 2143 860 2199 tavernicorum
884 2143 1017 2214 eiusdem,
1035 2143 1102 2200 dicti
1120 2145 1219 2200 ιιιιιιι
1237 2145 1296 2215 regi
1314 2143 1397 2200 uadi·

154 2229 322 2386 demlldljerr
343 2315 435 2372 doda
452 2315 522 2386 dipl.
543 2316 572 2372 Τ.
597 2315 626 2376 V.
643 2317 696 2374 ool.
714 2317 739 2373 I.
755 2334 786 2388 p.
803 2321 847 2374 24.

205 2455 322 2514 mvnl.
342 2461 417 2512 1270.
435 2461 478 2514 22.
497 2457 581 2512 Jelii.
600 2455 761 2528 Stephanus
779 2457 815 2512 V.
839 2473 888 2512 rex
906 2457 942 2512 ad
965 2457 1127 2529 petitionem
1145 2457 1259 2528 capituli
1277 2457 1396 2528 Zagrab.

153 2546 299 2603 confirmat
317 2545 493 2616 privilegium
511 2543 595 2600 Belac
612 2544 693 2600 ducis
711 2545 803 2600 fratris
821 2545 865 2600 sui
884 2560 968 2616 super
985 2544 1060 2600 facto
1079 2550 1170 2600 terrae
1187 2544 1337 2599 Jalseueeh
1348 2561 1398 2599 ne-

154 2639 252 2706 potum
270 2633 408 2704 Brativoy.
427 2631 533 2688 Datum
553 2647 603 2703 per
620 2647 721 2686 manus
740 2631 865 2701 magistri
890 2631 1033 2688 Benedicti
1058 2631 1210 2703 praepositi
1234 2630 1397 2688 orodiensis

152 2721 233 2776 aulae
251 2719 477 2776 vicecancellarii.

190 2806 329 2868 veatae:
347 2807 426 2862 Mon.
444 2805 508 2862 tet.
530 2807 559 2861 T.
577 2807 602 2862 1.
618 2821 647 2875 p.
671 2808 729 2860 152.

159 3009 161 3012 ,
203 2947 288 3003 mx,
307 2951 384 3004 1270.
403 2951 446 3002 29.
466 2947 548 3002 Jutit.
567 2946 728 3018 Stephanus
746 2945 782 3000 V.
804 2961 853 3000 rex
870 2945 1017 3001 confirmat
1036 2944 1210 3016 privilegium
1233 2943 1326 2998 fratris
1350 2943 1394 2998 sui

150 3035 233 3090 Betae
251 3034 331 3090 dues
349 3050 433 3106 super
451 3034 654 3105 compositione
671 3033 743 3088 inter
760 3033 915 3105 capitulum
939 3031 1059 3104 Zagrab.
1084 3037 1113 3088 ιι
1136 3031 1260 3086 relictam
1282 3029 1392 3084 comitia
1447 3071 1452 3082 .

33 3142 42 3174 .-
149 3121 278 3178 Pribielai
296 3125 324 3178 ιι
341 3122 401 3177 eins
419 3137 537 3192 generos
554 3123 591 3190 (v.
612 3120 697 3189 1269).

202 3209 330 3266 Met:
350 3209 427 3265 Mon.
446 3208 509 3265 liat.
532 3210 559 3262 Τ.
578 3209 602 3264 1.
622 3223 651 3278 p.
670 3211 728 3260 153.

197 3350 268 3406 ΜΧ.
285 3353 364 3406 1270.
384 3353 427 3403 29.
446 3349 528 3406 Jalii.
553 3346 714 3419 Stephanus
732 3345 768 3403 V.
786 3363 835 3402 rex
862 3347 995 3416 notificat,
1014 3345 1090 3417 quod
1110 3361 1173 3401 cum
1192 3344 1270 3414 regni
1292 3343 1392 3412 gnber-

148 3437 278 3494 naculum
297 3436 416 3507 adeptus
434 3435 540 3502 fuisset,
559 3433 722 3490 'timotheus
741 3434 1097 3506 episcopus-Zagrabiensis
1115 3449 1165 3504 per
1181 3431 1313 3486 idoneum
1326 3447 1389 3502 pro-

151 3529 307 3581 curatorem
330 3523 509 3579 destinaverit
531 3521 567 3577 ad
593 3537 658 3576 eum
678 3522 784 3577 litteras
808 3521 892 3577 Belae
915 3519 967 3578 IV.
987 3537 1071 3592 super
1095 3519 1234 3590 emptione
1258 3523 1347 3574 terrae
1366 3533 1388 3571 a.

146 3613 258 3668 Martini
275 3611 504 3679 iuxtaWascam‚
514 3609 674 3682 supplicans
692 3615 789 3666 utens
807 3609 971 3665 confirmare
988 3609 1151 3680 dignaretur
1163 3605 1238 3676 (vide
1250 3622 1275 3662 a
1287 3605 1389 3674 12540.

146 3699 206 3754 Rex
225 3698 310 3768 igitur
328 3697 478 3753 liberaliter
495 3696 637 3754 roboravit
654 3713 710 3754 eae.

146 3805 170 3852 p·
198 3783 323 3842 maome:
341 3786 416 3842 Mors.
433 3785 498 3842 tiae.
520 3785 547 3840 Τ.
566 3788 588 3839 Ι.
605 3801 635 3856 p.
659 3787 720 3840 152.

198 3925 283 3980 MXI.
307 3925 431 3984 cattari.
450 3929 531 3984 1270.
549 3931 576 3982 8.
594 3925 723 3996 Aupsesti.
744 3926 857 3980 Marcus
875 3925 1026 3995 episcopus
1049 3923 1222 3978 Gattarensis
1242 3921 1386 3992 significet,

147 4011 222 4084 qnod
239 4029 333 4069 coram
352 4029 385 4070 eo
403 4019 432 4068 ιι
449 4014 573 4084 capitulo
591 4029 644 4068 suo
662 4012 826 4067 accessisset
850 4011 970 4066 Basilius
994 4010 1135 4080 Drsgonis
1154 4012 1182 4064 ιι
1199 4009 1326 4080 petiisset
1342 4007 1385 4062 lit

40 4089 43 4094 ¹
144 4105 229 4156 teram
248 4101 417 4156 slavonicam
435 4100 637 4156 testificationis
657 4115 741 4172 quam
759 4103 891 4155 executor
910 4099 1063 4154 sententiae
1075 4096 1180 4152 domini
1195 4097 1269 4166 regis
1282 4095 1384 4150 iecerat

145 4185 226 4241 scribi
243 4187 271 4240 in
290 4186 415 4258 lingnam
437 4187 559 4242 latinam
578 4187 632 4241 Oui
650 4187 778 4258 petitioni
801 4193 956 4241 annuentes
981 4201 1031 4256 per
1054 4184 1192 4239 notarium
1220 4181 1384 4238 sententiam

144 4272 266 4328 iecerunt
282 4273 419 4343 transferi,
437 4289 509 4345 qnae
534 4273 706 4329 continebat:
731 4272 807 4344 quod
834 4271 987 4328 Voislavns
1015 4271 1059 4327 dei
1086 4269 1175 4341 ςιιιίιι
1202 4275 1230 4325 ιι
1257 4267 1283 4322 d.
1311 4268 1384 4336 regis

144 4357 235 4415 Urosii
254 4376 347 4416 comes
365 4359 401 4416 de
419 4360 551 4418 mandato
570 4365 598 4415 et
616 4361 719 4432 scripto
736 4360 812 4430 regis
832 4375 916 4430 anper
934 4359 1036 4431 placito
1058 4356 1133 4427 quod
1153 4359 1297 4412 moverant
1308 4369 1383 4425 prea-

144 4447 221 4518 byter
238 4447 341 4518 Mychs
358 4447 505 4518 Pasqualis
524 4453 552 4503 ιι
569 4448 654 4518 'l'ripe
679 4445 813 4502 adversus
837 4445 972 4501 Basiliam
995 4445 1136 4514 Drsgonis
1159 4441 1194 4497 de
1218 4441 1335 4496 ecclesia
1359 4456 1381 4495 s.

144 4535 235 4590 Lucae
253 4535 307 4590 fuit
325 4535 460 4590 sententis
477 4537 560 4606 regis,
578 4539 606 4590 et
624 4549 717 4590 eomes
736 4533 858 4604 pulsavit
875 4548 1011 4604 campana
1030 4536 1058 4587 ιι
1075 4529 1255 4600 congregavit
1272 4527 1380 4583 nobiles

144 4621 267 4689 civitatis,
286 4627 314 4676 et
331 4627 531 4678 concurrerunt
548 4637 660 4677 eorsum
678 4620 734 4676 duo
753 4621 877 4692 episcopi
896 4619 931 4674 de
950 4619 1043 4686 Senta,
1057 4618 1206 4688 episcopus
1219 4613 1380 4684 Neophiton

38 4696 43 4706 ⁵
142 4714 167 4765 et
184 4709 354 4765 cathmensie
372 4710 523 4781 episcopus
547 4710 668 4776 Marcus,
688 4712 716 4762 et
733 4707 895 4776 interrogati
914 4711 945 4760 ιιι
963 4704 1057 4760 dicant
1075 4705 1099 4758 si
1118 4703 1172 4764 sint
1191 4703 1292 4757 Mauro
1318 4717 1381 4772 pro·

1242 4807 1277 4861 22
