3464 5382
304 439 367 505 176
811 451 853 493 ιν.
867 440 1077 506 horunanc,

300 643 385 699 super
404 638 489 700 caput
507 647 596 701 aquae
615 630 792 686 Kerethhuta
811 637 839 686 et
857 639 899 686 sat
916 637 990 686 terra
1009 633 1142 688 ecclesiae
1161 635 1195 689 de
1215 636 1334 702 Kothoa‚
1353 645 1380 691 et
1400 655 1448 708 per
1467 644 1556 692 terras

301 725 330 772 ot
348 718 431 772 silvas
449 717 485 771 sd
504 735 606 788 aquam
627 717 738 773 Malalra
759 734 849 788 usque
867 719 933 773 dam
951 735 1024 790 aqna
1050 719 1148 790 Sywch
1173 723 1230 776 exit
1255 723 1406 778 abeodem
1433 723 1557 782 aulam.

301 810 330 860 et
349 804 425 860 cedit
442 805 477 859 sd
497 805 618 860 naulum
638 803 800 861 Strahowch
817 805 931 876 potata,
949 812 1026 860 tonet
1045 813 1132 862 metas
1151 825 1215 863 cum
1234 809 1368 864 Radovan
1387 817 1488 882 nepotc
1507 813 1557 865 Et·

300 891 393 962 hyhel,
413 899 441 946 et
459 893 517 946 exit
535 893 564 946 in
583 908 684 962 aquam
703 891 881 962 Jezychovch
905 898 933 948 et
957 895 1032 948 venit
1056 894 1092 949 ad
1118 903 1203 966 caput
1230 913 1318 966 aquae
1342 898 1556 970 Destivoylruta,

300 985 330 1034 et
346 979 437 1036 tendit
454 977 490 1034 ad
510 984 595 1050 caput
612 979 696 1034 rivuli
720 978 909 1049 Odalyolruts,
934 986 962 1034 et
980 980 1095 1036 inferius
1123 982 1159 1036 ad
1177 999 1278 1053 squam
1306 984 1461 1050 Keralruta3
1490 986 1557 1040 item

300 1071 376 1136 meta
394 1075 483 1122 tarrae
501 1067 598 1123 matria
622 1065 755 1146 Falconis
779 1066 878 1140 incipit
901 1083 984 1138 super
1009 1075 1093 1139 capnt
1117 1085 1206 1140 aquae
1234 1069 1328 1124 eroa
1351 1073 1378 1125 in
1404 1073 1456 1140 via,
1484 1090 1557 1144 quae

301 1153 446 1209 descendit
464 1153 499 1208 dc
520 1152 686 1218 ltahowchs‚
705 1157 781 1207 tenet
798 1159 888 1207 metes
907 1153 1039 1209 ecclesiae
1064 1153 1092 1209 S.
1113 1153 1195 1220 Petri,
1223 1158 1298 1210 venit
1315 1157 1351 1211 ad
1370 1167 1455 1228 caput
1473 1161 1555 1214 rivali

300 1241 417 1320 Beleia,
437 1247 464 1296 et
482 1240 519 1296 ad
537 1247 639 1295 metam
658 1239 806 1310 lapideam,
825 1239 873 1294 ubi
893 1249 1048 1295 cometatur
1068 1259 1131 1296 cum
1151 1249 1224 1297 terra
1242 1243 1444 1299 Crucificorum
1457 1247 1555 1320 templi

300 1335 329 1382 et
348 1327 423 1384 cadit
441 1329 469 1381 in
488 1328 610 1383 rivulum
621 1327 726 1400 'eroa
744 1333 772 1382 et
789 1327 827 1386 ibi
846 1324 1018 1382 terminatur.

354 1415 392 1468 In
412 1403 590 1484 transumpto
609 1414 789 1486 Siyismmcdi
806 1416 880 1485 repis
897 1401 931 1469 ric
949 1433 976 1470 o.
995 1419 1072 1468 1392.
1096 1418 1144 1471 Ex
1161 1419 1233 1472 actis
1250 1436 1265 1472 c
1282 1419 1362 1489 repat
1380 1421 1491 1475 arctico
1505 1438 1556 1490 per

300 1503 405 1557 bonu-m
424 1501 711 1572 acuon-Hecatom
730 1501 842 1560 ablotis.
862 1503 899 1557 N.
918 1518 941 1554 r.
961 1521 988 1556 α.
1006 1503 1089 1558 Fosc.
1108 1507 1185 1558 1501.
1203 1522 1247 1560 nr.
1267 1510 1309 1560 16.

353 1625 488 1680 DXOIII.
508 1625 656 1697 incurii,
675 1627 717 1679 15.
744 1625 869 1680 Octobris
882 1627 958 1678 1250.
972 1624 1048 1680 Vido
1060 1626 1252 1696 Tragurienaia
1265 1632 1397 1698 potestas,
1412 1636 1440 1682 et
1451 1629 1554 1686 Daniel

299 1713 476 1769 sibinicensis
495 1729 596 1780 comcs,
614 1712 710 1768 arbitri
736 1719 764 1766 et
788 1711 966 1788 arbitratorea
991 1711 1127 1776 dicturum
1152 1712 1303 1780 civitstum,
1332 1715 1477 1770 occasione
1497 1717 1553 1771 iac-

298 1791 391 1854 terum
409 1796 569 1854 iniuriarum
589 1815 639 1870 pro
657 1799 733 1854 bono
752 1797 828 1874 pacis
850 1802 879 1851 ct
898 1798 1062 1852 concordiae
1086 1798 1231 1854 stabiliunt
1256 1808 1283 1854 et
1302 1800 1486 1856 determinant
1512 1805 1551 1857 in·

299 1889 388 1942 vicem
408 1885 582 1942 conditiones
600 1885 677 1964 pacis
696 1883 799 1940 Scribit
818 1883 993 1940 Statimerius
1021 1884 1234 1956 archipresbiter
1261 1888 1456 1954 Sibenicensis‚
1487 1907 1552 1946 cum

299 1962 397 2030 civitas
416 1979 509 2029 careat
526 1973 682 2030 tabellione.
941 1979 942 1984 ’

319 2048 322 2064 ’
351 2063 474 2116 acon:
493 2061 625 2116 memoro
644 2061 675 2115 a·
696 2061 833 2142 uranos.

350 2185 482 2242 DXCIV.
511 2187 587 2238 1250.
618 2187 643 2238 6.
674 2183 844 2238 Novembris.
875 2182 1013 2238 Olivcrius
1045 2185 1195 2254 episcopus
1225 2185 1374 2240 sirmiensis
1405 2185 1552 2256 significat,

298 2272 459 2344 quodcum
478 2271 516 2326 Μ.
536 2271 702 2325 Laurentius
722 2270 897 2340 praepositus
915 2269 1039 2324 ciusdem
1062 2269 1195 2327 ecclesiae
1222 2287 1305 2341 quam
1335 2271 1453 2342 plurima
1471 2283 1552 2344 grata

298 2359 324 2418 ei
343 2366 371 2415 at
388 2358 521 2414 ecclesiae
539 2358 707 2427 praestiterit
725 2357 836 2411 servitis
855 2356 949 2414 villam
967 2356 1079 2424 Zlecho,
1098 2373 1170 2426 quae
1198 2358 1348 2428 vulgariter
1376 2359 1484 2413 Drasch
1505 2377 1552 2431 ap-

298 2445 426 2518 pellatur,
446 2445 480 2499 de
499 2444 615 2500 coasilio
634 2444 752 2498 fratrum
771 2459 885 2498 suorum
904 2443 997 2513 quoad
1016 2444 1100 2497 vitam
1120 2459 1199 2500 suam
1217 2443 1269 2516 ipsi
1290 2444 1423 2499 conserat.

351 2533 449 2600 Fejer:
471 2531 535 2588 Cod.
555 2531 624 2599 dipl.
647 2532 676 2586 Τ.
696 2531 749 2586 IV·
768 2529 819 2584 ool.
838 2531 881 2592 ΙΙ.
896 2546 927 2598 p.
946 2535 988 2584 78.

351 2657 469 2712 DXOV.
488 2659 564 2709 1250.
585 2653 747 2725 Capitulum
766 2651 936 2706 chasmensls
955 2651 1087 2706 ecclesiae
1105 2652 1252 2721 significat,
1265 2653 1340 2722 quod
1353 2653 1380 2706 in
1394 2657 1549 2723 praesentia

297 2747 487 2814 abunapertc
497 2738 1548 2814 Dyanedc'GarigabalteraMicovetlllixa,filiorumDruzlzlayetfiliorum

293 2831 416 2896 Mitule,
434 2829 518 2886 iidem
538 2825 635 2883 Mikcv
653 2831 681 2882 et
700 2825 779 2881 Mixa
796 2831 824 2880 et
843 2825 891 2880 filii
910 2825 1018 2880 Mihula
1037 2825 1155 2880 confessi
1175 2826 1237 2893 sint,
1261 2843 1291 2880 sa
1309 2831 1410 2881 terram
1424 2830 1548 2898 ipsorum

297 2919 471 2974 Polatiticha
488 2917 541 2988 ipsi
560 2915 659 2986 Dyane
684 2916 788 2970 etauio
812 2911 978 2967 haeredibus
1008 2910 1172 2978 vendidisse,
1196 2912 1269 2966 aient
1295 2915 1377 2968 etiam
1398 2917 1424 2968 in
1453 2917 1552 2972 litteris

293 2997 410 3064 Herrici
430 2997 537 3061 comitis
557 2999 736 3072 Simegiensis
758 2999 958 3066 continebatur,
972 3015 1021 3069 pro
1035 2999 1125 3053 tribus
1138 2999 1238 3053 marcis
1250 3005 1278 3053 et
1292 3001 1406 3056 fertone.
1421 3004 1497 3058 bleta
1512 3007 1552 3059 in·

298 3096 367 3168 cipit
385 3093 401 3148 a
420 3095 504 3148 fluvio
517 3089 670 3155 'Ohasmsc¹
690 3086 755 3143 indo
773 3105 822 3158 per
840 3103 924 3141 unam
943 3083 1072 3140 Malacha
1091 3086 1127 3140 ad
1147 3085 1265 3140 rivulum
1285 3085 1552 3155 Polozitieha;‘inos

296 3183 332 3238 ad
352 3183 466 3236 fluvium
486 3179 605 3234 Zezniclr
624 3163 681 3232 exit
697 3175 776 3230 iuxta
794 3183 896 3230 terram
915 3175 1016 3228 Pa'ulin
1042 3181 1070 3228 et
1089 3172 1163 3227 cadit
1190 3173 1226 3227 sd
1245 3173 1359 3226 fluvium
1378 3175 1550 3244 Zaiatinnilr;

296 3270 362 3326 inde
391 3285 440 3340 per
467 3259 565 3322 ailiam
590 3265 694 3332 Rasna,
719 3273 748 3317 et
772 3263 907 3318 transiens
936 3261 1049 3314 fluviirm
1078 3259 1247 3314 Poloziticha
1277 3261 1351 3316 cadit
1379 3263 1407 3316 in
1435 3263 1550 3319 fluvium

297 3357 445 3499 §patibiles
457 3441 534 3526 [dipl.
550 3441 673 3522 patrina.
696 3439 725 3492 T.
743 3438 809 3492 VII.
819 3453 849 3505 p.
862 3440 904 3490 39.
919 3436 967 3488 Ec
979 3435 1091 3488 archivo
1104 3435 1234 3488 comitum
1248 3435 1359 3489 Ecdinii
1371 3437 1402 3490 in
1420 3438 1550 3507 Golpocc.

350 3581 482 3640 DXCVl.
503 3582 579 3632 1251.
599 3583 623 3632 3.
644 3577 761 3645 Aprilis.
781 3577 848 3634 Bela
865 3575 915 3632 lV.
935 3593 983 3630 rex
1001 3581 1098 3629 notum
1122 3575 1197 3641 fecit,
1222 3574 1297 3644 quod
1323 3593 1386 3629 cnm
1415 3577 1481 3630 Ivan
1502 3595 1547 3631 co·

296 3671 365 3736 miti,
384 3669 441 3723 filio
459 3667 557 3732 Instat,
576 3672 699 3720 montem
718 3663 857 3734 quondam
877 3662 1005 3732 Lipouch
1024 3662 1171 3716 contulerit
1189 3679 1239 3731 pro
1253 3669 1343 3716 castro
1358 3666 1546 3724 construendo

295 3765 324 3814 et
342 3757 416 3812 idem
434 3755 491 3809 suis
511 3753 628 3824 propriis
644 3751 803 3828 sumptibus
821 3750 857 3804 ad
875 3750 1007 3804 honorem
1025 3757 1054 3802 ct
1072 3749 1302 3803 confortationem
1324 3753 1402 3820 regni
1422 3759 1543 3807 (instrum

296 3851 458 3908 exstrueret,
476 3842 528 3911 ipsi
551 3839 691 3911 quondam
717 3845 816 3892 terram
841 3837 893 3890 sub
922 3843 1021 3900 castro,
1051 3836 1162 3889 nomine
1190 3835 1323 3904 Bregma,
1352 3847 1509 3908 exemptam
1529 3859 1546 3894 a

295 3939 386 3988 castro
412 3928 544 4000 Oclyncb‚
570 3944 626 3981 una
651 3942 715 3980 cum
739 3931 834 3978 monte
859 3923 1001 3993 praedicto
1027 3923 1083 3978 sive
1109 3927 1207 3988 castro,
1233 3924 1291 3976 sine
1319 3925 1398 3976 cnina
1426 3927 1546 3980 utilitate

295 4021 387 4090 ipsum
416 4021 536 4072 castrum
565 4021 660 4085 posset
686 4012 798 4066 minime
823 4011 987 4075 conservari,
1016 4010 1100 4063 ducat
1128 4008 1334 4063 conserendum.
1366 4011 1455 4066 hletae
1482 4031 1546 4068 vero

294 4115 392 4169 terrae,
411 4105 483 4158 sicut
501 4119 550 4173 per
567 4102 673 4156 litteras
696 4097 830 4168 Stephani
855 4097 923 4152 Bani
949 4097 1035 4151 totius
1060 4095 1207 4151 Slavoniae
1232 4097 1361 4164 innotuit,
1387 4099 1423 4151 ita
1450 4099 1546 4154 distin-

295 4201 413 4264 quntur:
433 4191 526 4246 Prima
544 4189 649 4259 incipit,
669 4187 717 4242 ubi
736 4202 792 4239 nna
809 4201 882 4254 aqna
901 4201 956 4238 non
976 4200 1088 4238 currens
1107 4182 1182 4236 cadit
1200 4183 1227 4236 in
1247 4183 1409 4252 Breganam,
1429 4193 1456 4239 et
1471 4189 1546 4241 venit

295 4281 331 4336 ad
348 4281 440 4334 locum
461 4276 615 4340 Lesswhel;
633 4275 698 4330 inde
716 4272 752 4328 ad
772 4277 856 4341 caput
874 4288 963 4341 aquae
983 4271 1116 4341 Gregdna
1134 4275 1161 4323 et
1180 4271 1214 4324 ad
1235 4270 1303 4324 duas
1323 4279 1410 4326 metas
1430 4273 1457 4326 in
1472 4274 1545 4327 Ren-

295 4367 393 4430 riocia;
412 4365 477 4420 inde
495 4363 530 4417 ad
549 4370 671 4418 montom
691 4363 800 4426 Ostruz,
813 4358 878 4412 inde
892 4358 1035 4412 descendit
1047 4358 1083 4412 ad
1096 4358 1218 4424 fluvium,
1233 4359 1278 4428 qni
1294 4359 1367 4412 cadit
1379 4360 1408 4410 in
1422 4359 1545 4426 (lradna,

295 4453 447 4508 decadem
466 4452 522 4506 exit
550 4448 762 4517 similagines,
789 4453 816 4502 et
836 4445 908 4500 cadit
935 4445 969 4498 ad
998 4445 1113 4498 fluvium
1139 4444 1236 4510 Zavae,
1263 4445 1312 4498 ubi
1342 4436 1545 4504 cornmenlanei

295 4545 362 4594 aunt
380 4538 551 4594 Theutonici.

348 4627 396 4680 Ec
414 4627 524 4678 arctico
549 4624 679 4676 comitam
705 4619 823 4688 Eretriciy
842 4617 981 4674 translato
1008 4635 1021 4672 e
1042 4619 1158 4671 Oroatia
1176 4617 1214 4670 orl
1236 4617 1364 4687 Galpocc.
1386 4619 1452 4672 Cori.
1472 4619 1544 4688 dipl.

290 4715 415 4782 patrias.
437 4713 485 4765 VI.
502 4727 531 4778 p.
550 4713 590 4764 59.
616 4710 681 4764 VII.
698 4723 728 4776 p.
747 4710 788 4760 40.

1567 645 1572 656 ι

1562 699 1567 708 ι
