3544 5344
733 377 876 418 arcessa
1390 354 1432 418 69

184 543 274 598 bitere
294 542 515 608 Bartholomaeo,
534 541 610 596 laicis
629 541 733 608 Bubeo,
754 540 896 607 Mendino,
914 541 1062 596 Draximir.
1082 542 1199 614 Scripsit
1216 542 1344 614 Filippus
1360 543 1433 600 lilius

182 630 284 686 Jacobi
302 631 377 686 Petri
395 630 506 697 mortui,
523 629 647 684 interfuit
664 630 818 696 Rainerius,
834 629 974 699 jadrensis
992 630 1124 684 notarius.

237 719 286 774 Ec
304 734 364 774 meo
382 718 550 773 collectione.

239 839 430 896 ccxxxvi
449 841 545 896 Messe
562 841 726 910 Septembris
744 844 821 896 1229.
835 841 987 897 Guncallus
1000 841 1224 914 archiepiscopus
1237 849 1435 899 commemorat

185 929 302 1000 qualiter
320 929 356 984 sit
375 946 536 1000 processum
558 929 586 983 in
614 947 707 996 causa,
733 947 804 1000 quas
830 931 902 986 inter
919 929 1080 1001 templarios
1099 948 1134 986 ex
1153 949 1209 985 una
1226 939 1305 1001 parte
1331 939 1358 986 et
1376 932 1431 986 so-

185 1017 295 1072 bertum
313 1017 443 1073 abbatem
461 1017 496 1072 de
514 1017 633 1087 Rogova
652 1035 686 1073 ex
705 1023 784 1088 parts
801 1018 888 1073 altera
905 1019 997 1073 levata
1015 1018 1074 1074 fuit
1103 1018 1243 1086 Quoniam
1261 1036 1325 1074 cum
1342 1035 1433 1090 nuper

185 1107 214 1159 in
232 1105 309 1159 curia
326 1103 353 1158 d.
373 1104 518 1160 Golomani
543 1105 616 1174 regis
641 1109 669 1159 et
694 1104 777 1160 Julae
802 1105 866 1160 bani
894 1103 1017 1176 ejusdcm
1037 1105 1125 1160 multa
1143 1107 1330 1162 controversia
1349 1123 1433 1178 super

186 1191 353 1262 quibusdam
377 1191 600 1263 possessionibus
625 1191 660 1246 ad
685 1191 830 1262 Rogovam
855 1193 1056 1264 pertinentibus
1079 1193 1150 1247 inter
1173 1193 1334 1264 templarios
1353 1201 1381 1248 et
1398 1193 1432 1248 R.

186 1279 315 1334 abbatem
333 1287 395 1334 orta
407 1277 512 1344 finisset,
533 1296 583 1350 pro
595 1279 670 1335 bono
684 1280 760 1350 pacis
776 1280 875 1335 ambae
888 1287 989 1351 partes,
1003 1279 1129 1334 videlicet
1141 1281 1272 1348 magister
1284 1280 1433 1336 Ranardus

188 1367 360 1436 argentarius
379 1373 407 1421 et
423 1366 568 1422 iohannes
586 1366 621 1422 de
705 1383 768 1422 cum
794 1366 926 1425 fratribus
945 1367 1010 1434 suis,
1030 1373 1057 1421 et
1075 1365 1236 1436 Stephanus
1255 1383 1348 1421 comes
1367 1368 1433 1422 Tra-

187 1453 258 1524 gurii
288 1459 451 1524 procurator
480 1453 605 1524 ejusdem
635 1453 744 1508 abbatis
775 1454 934 1509 solemniter
963 1453 1148 1524 compositum
1185 1454 1368 1524 scripserunt;
1393 1455 1433 1508 ni-

188 1541 301 1596 mirum:
320 1540 395 1612 quod
414 1543 442 1596 in
461 1543 532 1598 sesto
550 1543 701 1596 nativitatis
726 1541 752 1596 b.
777 1542 816 1596 M.
841 1541 954 1610 virginis
977 1541 1111 1610 magistro
1138 1545 1166 1595 et
1183 1540 1314 1596 fratribus
1333 1541 1434 1596 domus

187 1629 301 1684 militiae
318 1629 415 1700 templi
433 1645 468 1684 ex
488 1636 565 1700 parte
583 1646 640 1684 una
658 1635 686 1684 et
703 1629 798 1683 abbati
822 1635 849 1683 et
866 1628 1010 1684 monachis
1032 1645 1053 1681 s.
1074 1627 1193 1682 Cosmae
1212 1633 1240 1682 et
1256 1628 1387 1684 Damiani
1406 1630 1433 1683 in

186 1714 327 1770 Dalmatia
345 1733 380 1770 ex
399 1717 485 1771 altera
503 1733 586 1786 super
610 1715 778 1786 quibusdam
802 1715 1026 1786 possessionibus
1050 1715 1086 1770 de
1109 1715 1234 1785 Rogora,
1260 1733 1311 1786 pro
1330 1716 1432 1786 quibus

186 1804 258 1857 inter
277 1809 369 1874 partes
388 1820 479 1858 coram
503 1803 571 1858 Juls
595 1803 668 1859 bano
695 1803 781 1858 totius
806 1803 970 1858 Sclaveniae
992 1803 1102 1873 questio
1126 1802 1293 1869 vertebatur,
1321 1803 1435 1858 tandem

187 1890 320 1959 magister
337 1889 438 1944 domus
457 1890 551 1962 templi
570 1897 661 1944 stante
680 1907 730 1961 pro
749 1897 827 1961 parte
846 1908 898 1944 sua
916 1908 949 1945 ac
968 1890 1112 1962 Stephano
1129 1889 1165 1946 de
1183 1891 1314 1946 Breberio
1333 1891 1434 1959 comiti,

187 1977 315 2046 Tragurii
335 1983 512 2048 procuratore
531 1985 622 2033 stante
640 1995 691 2048 pro
710 1977 811 2032 abbate
830 1983 858 2032 et
875 1978 1019 2033 monachis
1038 1995 1132 2034 eoram
1145 1978 1354 2049 archiepiscopo
1373 1995 1435 2049 sps·

187 2064 287 2120 latensi
305 2063 340 2120 de
359 2064 447 2119 forma
466 2066 541 2135 pacis
560 2067 588 2119 in
606 2065 680 2120 hunc
699 2064 812 2120 modum
825 2066 915 2120 extitit
928 2065 1099 2120 ordinatum:
1112 2065 1288 2136 quoddictus
1302 2067 1434 2134 magister

189 2152 293 2208 venerit
310 2152 345 2206 ad
365 2158 458 2224 partes
476 2153 626 2208 maritimas
645 2153 672 2206 in
691 2153 824 2218 Vranam,
843 2154 1001 2208 convocatis
1020 2153 1146 2224 praelato
1156 2153 1365 2225 archiepiscopo
1384 2171 1434 2209 nec

189 2257 243 2294 non
263 2239 324 2294 aliis
341 2247 400 2294 mm
419 2239 608 2312 spiritualibus
632 2247 660 2296 et
684 2240 875 2294 ecclesiasticis
898 2241 1025 2312 personis
1042 2257 1128 2310 quam
1146 2241 1336 2296 saecularibus
1356 2241 1436 2296 bonis

189 2327 260 2394 siris,
280 2344 351 2397 quos
370 2333 463 2399 partes
482 2327 628 2382 voluerunt
649 2327 831 2382 communiter
855 2345 977 2382 evocare.
1001 2327 1031 2382 Si
1056 2327 1091 2382 de
1119 2329 1203 2399 plano
1227 2329 1350 2399 potuerit
1377 2329 1436 2383 fieri

189 2415 352 2486 compositio
371 2414 406 2470 de
424 2415 568 2484 sexaginta
586 2415 736 2470 remanetis
755 2415 854 2481 asneis,
874 2431 945 2484 quos
960 2414 1050 2470 dictus
1063 2431 1156 2470 comes
1170 2416 1197 2470 S.
1212 2434 1262 2487 pro
1274 2415 1437 2472 liberatione

189 2501 327 2556 bonorum
345 2503 504 2556 monasterii
522 2519 556 2556 ex
577 2508 654 2573 parte
672 2502 737 2556 bani
749 2502 964 2558 confiscatorum
982 2501 1072 2558 eidem
1090 2503 1164 2558 bano
1183 2505 1288 2560 solvere
1302 2505 1435 2574 promisit,

190 2589 256 2644 dicti
274 2590 406 2660 magister
425 2596 453 2644 et
469 2591 568 2646 fratres
586 2591 722 2662 templarii
741 2591 799 2644 sive
817 2597 924 2662 partem
943 2591 1000 2644 sive
1018 2596 1108 2646 totum
1126 2607 1189 2646 cum
1207 2591 1313 2646 ratione
1325 2593 1437 2662 praevia

190 2677 286 2732 abbati
304 2681 332 2731 et
349 2677 492 2731 monachis
510 2677 625 2732 reddere
642 2683 796 2732 teneantur.
825 2676 908 2744 Quod
926 2677 950 2730 si
968 2683 1061 2732 autern
1080 2693 1165 2732 causa
1183 2677 1362 2733 amicabiliter
1380 2696 1436 2732 non

189 2765 311 2836 potuerit
327 2764 474 2832 terminari,
494 2765 572 2819 electi
591 2771 656 2820 sunt
674 2765 782 2820 arbitri:
802 2763 893 2820 dictus
912 2763 1146 2835 archiepiscopus,
1165 2765 1198 2819 R„
1221 2765 1352 2821 nonensis
1365 2766 1436 2836 epis-

189 2869 277 2922 copus
295 2868 359 2906 cum
378 2852 461 2906 fratre
479 2853 615 2907 monacho
638 2852 673 2906 de
697 2852 831 2924 Thopliaa
856 2859 883 2906 et
907 2852 961 2908 alio
985 2852 1069 2908 fratre
1093 2851 1194 2906 domus
1212 2853 1366 2923 hospitalis,
1386 2871 1437 2908 nec

189 2956 245 2993 non
263 2938 374 2994 duobus
393 2939 523 2993 fratribus
542 2939 763 3010 praedicatorum
782 2946 809 2993 et
827 2937 938 2994 duobus
956 2939 1087 2993 fratribus
1099 2939 1261 3000 minoribus,
1281 2957 1298 2994 a
1315 2957 1434 3011 quornm

186 3026 293 3096 judicio
312 3027 441 3098 appelata
460 3027 532 3081 ultro
545 3045 601 3082 non
614 3027 779 3096 permittitur
787 3045 793 3092 ;
802 3027 967 3096 juraverunt
979 3042 1099 3095 namque
1112 3025 1211 3080 ambae
1226 3035 1321 3097 partes
1330 3025 1436 3096 judicio

190 3113 356 3168 arbitrorum
375 3115 485 3184 penitus
504 3131 534 3167 se
553 3113 688 3178 subiicere
703 3114 787 3180 velle;
806 3118 955 3168 annotatur
968 3113 1058 3180 eham,
1072 3112 1147 3183 quod
1161 3113 1264 3168 electus
1277 3113 1437 3182 Stephanus

190 3217 283 3255 comes
302 3201 414 3256 nomine
432 3203 515 3256 etiam
533 3201 625 3255 fratris
644 3202 686 3256 sui
705 3201 831 3272 Gregorii
850 3201 957 3256 comitis
970 3200 1136 3272 spalatensis
1152 3208 1179 3256 et
1192 3201 1303 3255 nomine
1321 3201 1437 3254 fratrum

191 3296 218 3344 et
244 3295 427 3358 cognatorum
452 3305 565 3343 suorum
590 3306 674 3343 manu
699 3289 812 3343 firmiter
836 3289 970 3359 promisit,
995 3286 1071 3358 quod
1098 3286 1134 3342 de
1153 3287 1376 3358 possessionibus
1400 3293 1436 3342 ad

191 3375 293 3430 Albam
311 3377 477 3430 maritimam
501 3375 654 3432 desolatam
682 3376 879 3447 spectantibus,
899 3392 971 3446 quae
989 3375 1085 3429 civitas
1104 3374 1139 3429 ad
1158 3375 1257 3428 fratres
1275 3373 1436 3445 templarios

191 3464 328 3535 pertinere
346 3462 524 3533 dignoscitur,
546 3465 575 3518 in
601 3463 757 3518 subsidium
781 3482 832 3518 sau
856 3463 1039 3534 patrocinium
1064 3461 1173 3516 abbatis
1193 3467 1220 3515 ct
1237 3460 1436 3516 monachorum

191 3557 288 3605 contra
315 3549 475 3620 templarios
499 3567 555 3604 non
584 3557 734 3622 opponent.
759 3549 922 3620 Templariis
946 3555 1040 3604 minen
1064 3567 1121 3604 non
1148 3548 1373 3619 comparentibus
1402 3547 1436 3602 ad

191 3635 332 3702 iudiciuin,
350 3637 407 3691 lata
425 3643 467 3692 est
486 3639 621 3693 sententia
640 3655 689 3708 per
706 3637 824 3691 arbitros
842 3637 870 3690 in
889 3636 1012 3691 favorem
1030 3635 1238 3689 monachorum.

244 3725 376 3780 Forlote':
393 3725 475 3794 illyr.
494 3741 565 3781 sacr.
587 3725 616 3780 T.
635 3728 699 3795 111,
714 3742 744 3794 p.
764 3729 826 3779 25⁷.

245 3849 430 3904 VVXXXII.
450 3849 580 3916 cathari,
600 3853 639 3902 11.
660 3847 786 3904 Octobris
805 3851 882 3900 1229.
902 3845 1012 3900 Blasius
1030 3847 1178 3917 episcopus
1191 3845 1361 3900 catharensis
1373 3862 1438 3900 cum

192 3938 333 4008 Triphone
351 3936 544 3992 archidiacono
569 3943 597 3992 et
620 3936 732 4006 reliquis
751 3935 855 3990 clericis
873 3951 937 3988 curn
953 3933 1093 4002 judicibus
1113 3939 1140 3986 et
1157 3931 1298 3986 nobilibus
1319 3932 1436 3986 civitatis

192 4027 342 4080 instituunt
359 4025 507 4090 decretum,
534 4031 563 4079 ut
585 4025 614 4078 in
639 4030 720 4078 antea
743 4023 836 4077 nrrllus
860 4023 944 4078 homo
963 4039 997 4076 ex
1016 4021 1128 4076 ciuitate
1147 4025 1307 4090 praesumat
1325 4019 1436 4074 credere

193 4113 315 4184 aliquam
333 4129 447 4168 causam
465 4112 559 4166 abbati
578 4111 721 4166 Matthaeo
739 4128 761 4164 s.
781 4110 901 4179 Georgii,
920 4127 971 4164 nec
983 4109 1070 4180 ipsius
1089 4108 1232 4163 monachis
1245 4123 1329 4176 super
1345 4107 1437 4160 causis

193 4219 214 4256 s.
234 4199 356 4270 Georgii.
375 4199 435 4256 Nec
453 4201 526 4254 nllus
545 4200 629 4254 homo
648 4198 749 4254 arrdeat
767 4215 858 4253 emere
875 4202 963 4252 terras
982 4201 1031 4252 aut
1049 4197 1143 4250 vineas
1167 4195 1203 4249 de
1221 4211 1242 4248 s.
1261 4193 1383 4263 Georgia
1402 4194 1438 4248 ab

193 4289 255 4354 illis,
283 4305 334 4342 nec
359 4287 470 4342 credere
491 4287 545 4341 illis
570 4287 691 4356 aliquam
717 4286 864 4356 pecuniam
888 4301 971 4356 super
994 4283 1162 4354 paramentis
1187 4282 1353 4336 monasterii.
1382 4282 1438 4348 Qui

193 4383 291 4432 contm
305 4375 407 4442 iecerit,
420 4374 518 4445 perdat
530 4375 649 4446 pretium
658 4373 712 4428 illis
722 4373 818 4428 datum
828 4379 855 4427 et
865 4371 1007 4426 subiaceat
1017 4387 1124 4441 poenae
1136 4369 1437 4425 excommunicationis.

246 4463 374 4518 Forloli:
395 4463 475 4533 lllyr.
492 4478 563 4517 socr.
584 4463 613 4516 Τ.
637 4461 683 4529 VI,
699 4477 729 4529 p.
750 4465 811 4514 439.

247 4567 467 4622 OOXXXVIII.
486 4567 520 4622 A.
540 4571 617 4624 1229.
644 4565 771 4621 Andreas
790 4565 821 4620 II
839 4581 888 4620 rex
911 4563 998 4618 donat
1016 4523 1144 4618 servienti
1163 4578 1215 4615 suo
1234 4559 1361 4614 Michaeli
1381 4559 1438 4614 lilio

195 4655 316 4723 Abrahe,
340 4656 387 4726 qui
411 4673 429 4710 a
456 4656 551 4726 primis
575 4671 643 4710 suae
665 4653 799 4725 pueritiae
823 4651 995 4722 temporibus
1019 4657 1079 4706 tum
1105 4649 1134 4704 in
1157 4665 1254 4718 regno,
1277 4653 1336 4702 tum
1361 4653 1438 4701 ema
