3488 5380
683 413 828 466 muss-
1317 393 1377 462 201

144 585 233 638 terres
255 579 331 653 apud
350 579 466 640 eosdem
491 580 654 656 ammones
681 581 787 642 remisit
814 579 929 656 paciflua
945 581 975 642 iu
993 595 1026 644 ta
1043 579 1177 648 liberm,
1203 580 1232 642 in
1258 595 1315 656 qut
1331 596 1381 654 pti

144 666 331 724 Colomauum
349 683 443 738 regem
459 666 570 724 fuerant
596 667 719 726 admissi.
752 667 863 738 Quibus
889 668 970 730 terris
987 672 1077 726 metae
1095 665 1230 740 distingui
1250 666 1317 728 lacit
1332 683 1382 742 per

143 754 285 812 hominem
302 771 385 813 suurn
402 755 548 812 Urbanum
565 755 601 812 de
618 755 702 815 Bech.
723 756 836 817 Terram
853 753 967 827 qnidam
984 771 1066 816 suam
1083 754 1185 818 Valike
1203 760 1232 815 et
1249 753 1380 819 Gilobok.

143 859 229 916 qnam
246 841 390 898 Johannes
417 841 490 900 lilius
518 843 625 900 Urbani
651 844 773 908 tonabat,
790 843 868 918 apud
886 841 1008 900 caudam
1024 842 1184 904 Jotaomn
1203 842 1309 904 remisit
1325 841 1381 900 snb

140 931 185 986 his
204 930 300 986 metis:
319 930 412 988 Prima
429 930 526 1004 incipit
543 929 579 986 de
596 931 679 1004 plaga
706 931 832 989 orientali
859 931 937 989 iuxta
958 945 1089 1005 magnam
1115 930 1197 1002 amm,
1214 945 1288 1006 quae
1305 929 1382 992 vadit

143 1033 241 1074 versas
259 1016 438 1086 occidentem,
457 1018 570 1074 veniens
589 1017 625 1074 ad
643 1023 728 1090 caput
746 1017 838 1076 Glabo
856 1015 975 1088 (Gisia),
1002 1017 1052 1075 ubi
1070 1022 1113 1074 est
1131 1022 1206 1080 mele
1223 1018 1253 1078 in
1269 1033 1381 1085 uittam

140 1102 207 1161 inde
224 1121 276 1180 per
293 1106 366 1160 viam
393 1121 490 1160 serene
517 1105 667 1176 meridiem,
685 1111 714 1162 et
730 1105 898 1182 pervellem
915 1106 944 1162 in
962 1103 1106 1166 occidente
1132 1103 1169 1166 td
1190 1103 1305 1167 fluvium
1323 1105 1381 1168 Ru·

140 1193 218 1248 nisse
236 1196 297 1258 (eeu
315 1191 458 1260 Bunissa),
485 1191 550 1248 inde
577 1209 627 1264 per
652 1193 722 1248 elias
749 1191 892 1252 metasod
910 1193 1025 1251 flavium
1043 1190 1245 1254 ituraeae
1262 1208 1381 1256 tomme-

141 1288 277 1336 tanneum
294 1278 419 1348 Volkoe3
437 1278 502 1334 inde
520 1295 569 1352 per
586 1279 677 1336 sarias
694 1285 783 1337 metes
794 1281 894 1340 iterum
906 1279 942 1336 ad
958 1279 1073 1340 duriam
1091 1279 1380 1342 accusationum

142 1367 230 1423 Zelna
257 1366 365 1436 (Scina)
393 1372 421 1423 et
446 1366 562 1422 flumem
589 1366 709 1436 Globok,
736 1368 784 1423 nbi
812 1373 854 1424 est
880 1373 1089 1424 commetaneua
1115 1367 1233 1438 Zlopsa;
1259 1365 1382 1425 indeed

141 1472 274 1526 magnam
292 1455 400 1522 sallem,
418 1471 491 1526 quaa
509 1454 598 1512 Hirri
622 1453 737 1524 dicitar‚·
764 1453 829 1512 iade
855 1453 892 1512 ad
914 1471 1045 1528 maguam
1071 1455 1145 1515 aaa
1162 1459 1190 1516 st
1208 1454 1245 1516 ad
1262 1469 1381 1518 mmmc-

141 1548 241 1600 taneos
258 1547 421 1600 castrenses.
439 1541 524 1600 Terre
542 1541 655 1614 Drague
672 1542 768 1614 incipit
785 1542 821 1602 ds
834 1541 920 1601 fluvio
938 1541 1048 1604 auen
1065 1541 1218 1612 (Rumam
1236 1541 1382 1606 divertitur

143 1629 180 1686 ed
198 1629 315 1688 dorium
331 1631 441 1700 Peiora,
459 1634 642 1688 commetatur
659 1647 724 1688 cum
742 1629 807 1688 villa
825 1628 860 1688 de
880 1629 942 1690 iota
959 1629 1077 1696 Riuclss.
1104 1629 1179 1690 cadit
1195 1631 1224 1690 iu
1244 1629 1382 1692 wnitau

143 1723 171 1774 et
189 1733 239 1789 per
256 1715 373 1772 modam
392 1715 427 1776 ad
445 1733 544 1774 nemus
561 1715 656 1788 Ztrug
675 1721 704 1776 et
720 1733 818 1776 sersus
835 1733 939 1790 equam
965 1717 1063 1793 Bappo
1089 1717 1180 1792 pergit
1204 1717 1239 1780 ad
1266 1717 1381 1780 fluvium

142 1805 297 1878 Ztopotna;
316 1809 344 1860 et
362 1803 543 1876 periurium
561 1803 668 1860 Baiana
685 1805 830 1862 ravnfitur
846 1802 883 1861 ad
902 1804 1027 1876 primam.
1055 1804 1133 1868 Meta
1158 1809 1249 1868 tarrae
1273 1804 1382 1868 Peroha

142 1892 241 1964 incipit
259 1891 295 1948 ed
313 1889 455 1948 meridiem
472 1893 500 1950 io
519 1891 603 1949 fluvio
621 1891 738 1960 Ruiclsa,
755 1908 805 1964 per
822 1892 913 1952 sarias
931 1897 1020 1952 nsua
1037 1891 1114 1950 vadit
1136 1891 1175 1950 ud
1192 1892 1308 1954 fluvium
1325 1891 1382 1948 Ve-

141 1979 207 2048 lika,
226 1984 409 2035 commetatus
427 1995 491 2036 cam
510 1979 633 2046 Mortua,
652 1994 702 2052 per
719 1995 850 2050 magnam
869 1979 943 2038 riam
969 1979 1070 2040 iterum
1087 1978 1123 2040 ad
1141 1979 1256 2046 flurium
1273 1979 1383 2041 Riuoha

142 2071 170 2123 at
187 2067 350 2123 terminatur
367 2066 403 2122 ad
421 2065 516 2122 sillam
534 2067 588 2124 fori
605 2065 634 2122 di
652 2065 768 2123 Riocha.
786 2066 857 2123 Item
875 2071 949 2122 mela
966 2071 1055 2122 terrae
1073 2067 1192 2140 Margys
1209 2071 1237 2122 at
1249 2065 1382 2123 Gnrdoua

143 2156 264 2212 liliorum
281 2155 376 2226 Dotyn
393 2155 490 2226 incipit
506 2156 536 2210 in
554 2154 638 2210 fluvio
657 2154 783 2222 Koanka,
802 2153 851 2210 ubi
868 2155 975 2212 rivulus
992 2153 1080 2226 Snlyo
1092 2154 1168 2210 cadit
1179 2155 1208 2210 in
1220 2155 1327 2228 lpsum;
1345 2154 1382 2210 ad

143 2243 302 2314 aquilonem
329 2243 399 2298 altar
426 2241 533 2298 rivulus
557 2243 703 2299 Teratenik
730 2241 806 2300 cadit
821 2243 850 2298 in
868 2243 962 2314 ipsum
979 2241 1098 2308 saluom
1116 2241 1181 2298 inde
1198 2257 1284 2314 penes
1301 2241 1383 2298 Jeelr·
1437 2305 1439 2309 ¹

142 2347 224 2387 mene
241 2329 278 2387 ab
296 2329 439 2387 occidente
467 2325 545 2386 sanit'
561 2329 596 2385 ad
614 2329 731 2386 dumam
757 2329 893 2402 Requetie
920 2329 1062 2400 (flatilis),
1088 2334 1117 2384 et
1143 2328 1171 2384 in
1197 2329 1273 2386 bono
1290 2329 1382 2401 spatio

142 2417 219 2476 cadit
235 2417 272 2474 od
291 2435 406 2490 persam
423 2417 602 2476 Konzchicha
619 2425 648 2476 et
665 2418 741 2476 seuit
757 2417 793 2475 ad
811 2434 942 2490 magnam
960 2417 1087 2487 Koanka,
1106 2417 1171 2474 stin
1188 2417 1273 2490 longo
1290 2417 1382 2490 spatio

143 2505 180 2562 ad
199 2507 319 2579 priorem
340 2512 451 2563 metum.

195 2595 242 2648 Ec
267 2593 381 2650 arctico
408 2593 541 2650 emersis·
567 2594 701 2651 Badsttsi.
733 2594 852 2650 Wearel:
880 2593 971 2650 Oodoc
996 2593 1067 2663 dipl.
1091 2593 1199 2663 Δηώ
1223 2598 1296 2650 cont.
1319 2592 1383 2649 Vll.

143 2696 172 2750 p.
191 2684 252 2734 seo.

196 2837 385 2894 DOLXXIX.
413 2839 542 2907 mitari,
567 2843 610 2894 12.
638 2839 723 2895 Jaas'i
740 2843 818 2894 1266.
846 2839 1009 2912 Capitulum
1036 2840 1168 2899 ecclesiae
1187 2855 1209 2896 a.
1227 2838 1384 2914 Tryphonis

144 2923 261 2994 ordinat,
280 2931 312 2980 ut
329 2925 433 2996 bigami
450 2931 501 2982 aut
518 2927 659 2998 coniugati
676 2927 720 2982 vel
737 2926 773 2982 de
791 2926 894 2984 saeculi
912 2927 1071 2984 conditione
1083 2927 1119 2984 ad
1131 2943 1242 2984 morum
1260 2926 1384 2991 ordinem

142 3030 201 3070 non
219 3019 441 3084 promoveantur,
459 3013 579 3070 volendo
590 3015 620 3069 in
632 3015 748 3070 ecclesia
766 3013 831 3071 odia
843 3021 871 3070 st
882 3014 1015 3072 scandala
1032 3031 1165 3083 resecare,
1184 3020 1212 3071 et
1224 3013 1383 3076 secundum

144 3101 330 3157 ecclesiastica
347 3101 407 3156 iura
425 3101 532 3170 sitem
561 3107 589 3157 at
610 3101 769 3174 quicunque
787 3104 915 3179 ipsorum
932 3119 967 3159 ex
985 3107 1064 3175 parte
1082 3100 1304 3174 supradictorum
1323 3101 1384 3170 (sic)

145 3205 231 3246 caum
248 3189 400 3259 rogationis
427 3187 577 3253 adrenmit,
595 3189 656 3260 ipse
674 3207 691 3246 a
709 3191 824 3262 capituli
843 3191 1058 3263 congregatione
1084 3192 1254 3260 segregetur,
1273 3204 1307 3244 ac
1325 3189 1385 3243 vln-

145 3277 209 3333 culo
227 3276 523 3332 excommunicationis
541 3277 577 3332 eit
594 3277 723 3334 irretitus.
752 3277 854 3334 Nullus
881 3285 975 3335 numm
1002 3277 1185 3334 saecularium
1206 3277 1385 3348 magistratus

143 3364 247 3421 audeat
264 3380 331 3420 snos
350 3364 378 3418 in
397 3363 542 3420 ecelesiam
561 3365 717 3420 saeculares
735 3365 837 3422 ducere
854 3367 915 3421 elne
924 3364 1065 3422 audientia
1073 3364 1198 3437 episcopi
1216 3369 1244 3420 et
1261 3363 1384 3436 capituli

12 3477 28 3496 Δ
144 3453 251 3508 Datum
269 3468 320 3524 per
336 3467 436 3508 menne
454 3450 563 3508 diaconi
582 3452 692 3509 Michae
709 3469 807 3510 comm.
826 3452 934 3510 notarii.

197 3539 327 3596 Parieti:
350 3539 434 3610 illyr.
451 3555 523 3596 eaor.
545 3541 573 3593 T.
597 3539 684 3609 ηρ.
702 3543 762 3596 441.

197 3697 368 3754 DOLXXX.
392 3698 553 3770 Anagniae,
571 3701 616 3754 1⁷.
634 3698 697 3755 Jals·
714 3701 791 3753 1266.
811 3697 969 3755 Alexander
985 3694 1038 3753 1v.
1057 3711 1132 3768 papa
1150 3695 1286 3753 universis
1305 3711 1385 3768 prae·

143 3786 208 3842 letis
226 3801 276 3857 per
295 3785 465 3842 Dalmatiam
491 3791 520 3842 at
546 3784 706 3842 Slasoniam
733 3786 889 3842 constitutis
915 3784 1037 3851 mandat,
1065 3787 1203 3855 qnatenus
1230 3784 1304 3840 circa
1322 3800 1383 3855 per·

145 3889 230 3929 sonae
249 3872 308 3929 ord.
326 3872 443 3928 flatrum
476 3874 615 3928 minorum
640 3873 770 3930 allectum
797 3871 963 3930 benevolum
985 3871 1136 3942 dirigentes
1153 3871 1221 3926 nihil
1238 3871 1275 3926 ab
1292 3871 1332 3926 als
1350 3869 1385 3925 de

148 3961 230 4017 benis
248 3961 368 4032 acceptis
385 3961 413 4016 in
432 3960 620 4033 elemosynam
647 3962 768 4032 exigant,
796 3960 845 4016 scd
873 3977 958 4018 onera
975 3960 1148 4038 paupertatis
1169 3975 1264 4022 eorum
1283 3958 1317 4022 de
1336 3958 1384 4014 bo·

23 4073 36 4088 =
146 4063 247 4104 norum
265 4063 379 4104 suorum
398 4047 530 4104 subsidiis
547 4049 641 4120 potius
657 4049 786 4105 relevent.

197 4135 372 4192 Fcbs'aas‘ad:
390 4135 486 4192 seona
505 4137 550 4192 dci
562 4137 640 4206 secti
657 4137 762 4192 minori
781 4136 805 4206 Ι,
826 4139 885 4190 413.

197 4293 383 4351 DOLXXXI.
400 4295 563 4368 Anagniae,
582 4298 625 4348 29.
643 4295 705 4350 Juts·
718 4299 797 4348 1266.
815 4294 974 4352 Alexander
990 4293 1042 4352 1v.
1061 4311 1135 4366 popa
1153 4292 1288 4350 universis
1305 4307 1384 4364 prae·

145 4383 209 4438 latis
228 4398 278 4454 per
295 4381 475 4451 Delmatiam,
499 4383 610 4438 latriam
633 4388 661 4437 et
685 4383 844 4440 Bhvonlam
862 4382 983 4451 mandat,
1007 4399 1042 4438 ne
1060 4381 1207 4437 molestent
1224 4379 1322 4435 nenas
1341 4395 1384 4434 cr-

145 4469 242 4527 dinnm
258 4469 404 4536 minorum,
422 4486 494 4540 ques
511 4469 637 4527 nonnulli
654 4487 689 4527 er
707 4471 747 4525 cie
766 4474 978 4541 perssqurmtur.

198 4556 373 4614 Fabioaiclt:
392 4557 490 4614 Statio
508 4557 553 4614 dci
570 4559 655 4614 stato·
672 4558 776 4613 minori
794 4561 816 4626 1,
835 4560 892 4611 411.
