3464 5382
662 407 808 452 naemu.
1300 387 1362 454 167

117 573 245 643 vulnera,
264 569 353 628 dictos
372 571 505 641 Venetos,
529 589 595 628 cum
614 575 802 646 perspicerent
819 575 887 630 nihil
910 591 940 630 se
958 591 1042 648 posse
1065 577 1197 648 perticere
1214 591 1264 648 per
1282 575 1364 646 siam,

116 676 173 730 qua
191 659 259 716 laeti
277 665 416 729 ueneram,
435 662 528 716 tristes
540 661 630 717 redire
643 663 734 734 coegit
746 681 810 720 cum
828 663 929 720 rubore
936 682 944 732 ;
961 681 1048 735 quase
1066 665 1091 720 ei
1103 671 1204 719 terram
1222 662 1364 734 quendam

116 747 231 818 Pruneg
254 746 354 819 (polje)
379 749 407 802 in
433 747 565 820 parochio
586 747 622 804 de
648 748 765 806 Gordus
787 749 923 820 (Grdovs)
947 751 1111 806 existentem
1137 750 1174 806 ad
1201 752 1362 808 comitatum

117 833 332 905 symegiensem,
357 835 500 906 quondam
524 836 713 906 (crieieuaem),
738 839 922 910 pertinentem
944 853 1009 895 cum
1036 838 1166 894 omnibus
1192 839 1364 911 pertinentiis

113 919 235 978 contet

173 1009 249 1080 θήρ.
259 1010 291 1065 irs
302 1012 493 1084 mercatique
503 1011 661 1069 collectione
669 1029 750 1070 nanc.
762 1013 826 1070 bibi.
839 1015 998 1070 academice
1007 1015 1188 1071 scientiarum
1206 1014 1282 1070 Sino.
1297 1029 1363 1070 mu.

172 1132 295 1189 DLXIL
314 1135 349 1190 Δ.
368 1138 445 1192 1248.
464 1135 533 1191 Belu
550 1133 603 1194 1v.
621 1153 671 1192 rex
689 1137 821 1206 notificat,
843 1137 920 1208 quod
938 1153 1003 1194 cnm
1020 1142 1146 1210 tempore
1164 1136 1363 1210 persecutionis

116 1221 301 1276 Tertsrcrum
319 1222 481 1294 compulsus
499 1228 574 1278 esset
591 1222 627 1280 ad
646 1224 799 1280 maritimas
823 1229 917 1296 pertas
940 1223 1086 1292 declinare,
1111 1225 1263 1296 perrexerit
1279 1224 1364 1280 etiem

117 1313 148 1363 et
165 1309 332 1366 remeaverit
348 1325 412 1364 cum
431 1326 465 1366 eo
483 1311 601 1382 Weyteb
619 1311 753 1380 (Vojtebt
778 1311 852 1367 tilius
878 1311 982 1382 nitius,
1009 1311 1045 1367 de
1063 1313 1128 1368 villa
1146 1312 1202 1382 Pyr
1225 1313 1253 1366 in
1279 1310 1364 1367 comi·

117 1401 182 1450 tatu
200 1395 352 1464 nantensi,
371 1413 435 1452 curn
453 1397 532 1470 equis
545 1403 573 1453 et
584 1398 744 1466 urmissuis,
762 1405 791 1454 et
803 1399 841 1454 ibi
859 1417 952 1456 coram
971 1400 1059 1456 oculis
1077 1400 1151 1470 regis
1169 1398 1364 1456 fidelissimum

118 1483 174 1540 sibi
184 1489 214 1540 et
221 1489 332 1556 gratum
342 1485 498 1541 exhibuerit
508 1485 664 1554 servitium
677 1504 764 1558 quare
772 1488 865 1560 ipsum
872 1487 977 1560 Vojteh
986 1489 1014 1544 iu
1023 1487 1171 1559 collegium
1181 1494 1209 1545 et
1217 1505 1364 1544 numerum

115 1573 255 1644 regalium
273 1573 453 1629 seruientium
471 1590 587 1630 suorum
605 1578 633 1629 et
650 1574 686 1630 ed
705 1591 787 1630 suern
804 1576 953 1648 specialem
972 1577 1090 1646 gratiam
1106 1577 1212 1647 recipit,
1239 1575 1364 1632 eximens

11 1695 13 1708 ·
115 1661 213 1732 ipsum
238 1659 275 1715 ab
300 1661 393 1717 officio
417 1667 445 1716 et
471 1660 630 1718 conditione
654 1663 830 1733 piscationis3
857 1663 965 1720 confert
983 1679 1096 1736 quoqne
1121 1670 1223 1719 terram
1241 1662 1365 1734 quinque

116 1753 276 1804 mborum
293 1747 439 1804 cuiusdam
458 1749 502 1804 eni
520 1749 663 1804 servientis
676 1749 746 1806 Ivun
758 1749 793 1806 dc
806 1749 871 1806 villa
886 1751 951 1822 Pyr,
969 1751 1076 1822 absque
1093 1749 1213 1808 haerede
1230 1748 1364 1819 defuncti,

115 1835 241 1907 facitque
259 1853 323 1892 eum
342 1853 393 1909 per
409 1837 540 1892 comitem
556 1836 731 1894 Zvoliensem
747 1837 848 1894 Jakow
864 1837 1012 1894 introduci.

177 1923 299 1980 Wenset:
318 1923 384 1980 Ood.
402 1924 472 1994 dipl.
491 1939 555 1992 erp.
577 1923 640 1978 Vll.
657 1941 687 1994 p,
706 1929 768 1980 256.

172 2045 311 2102 DLXIII.
329 2045 417 2116 Apud
434 2046 551 2114 Wuskn,
570 2051 649 2102 1248.
667 2047 735 2104 Belu
752 2047 806 2104 IV.
824 2065 873 2104 rex
891 2049 1058 2116 manifestat
1079 2047 1157 2120 quod
1175 2065 1281 2105 memor
1299 2047 1365 2106 iide-

117 2135 190 2190 lium
201 2140 230 2190 et
241 2133 353 2190 uultum
366 2133 530 2190 noviciorum
542 2133 681 2192 Joachimi
699 2136 816 2202 comitis,
835 2135 977 2207 quondam
990 2137 1077 2208 patris
1095 2135 1259 2192 venerabilis
1278 2137 1366 2208 patris
1468 2131 1472 2136 ’

121 2222 246 2294 Philippi
266 2221 384 2293 Zegrub.
403 2221 537 2294 episcopi,
562 2223 636 2294 patri
652 2224 714 2280 eius
732 2223 861 2279 Androne
884 2224 989 2294 regiae
1002 2224 1152 2280 sibiettoti
1169 2240 1256 2294 regno
1274 2224 1367 2278 multi·

118 2311 190 2366 iarie
208 2311 408 2382 impensorum,
426 2311 529 2366 intuitu
540 2327 659 2382 quorum
669 2311 723 2384 ipsi
736 2315 809 2366 terra
817 2311 925 2367 Zolona
935 2317 1051 2384 excepta
1060 2311 1096 2366 de
1105 2317 1198 2367 castro
1210 2310 1368 2368 Zuladiensi

123 2399 153 2454 in
173 2397 325 2454 Sclnvoniu
337 2414 402 2453 cum
414 2398 544 2454 omnibns
556 2399 614 2454 suis
626 2399 799 2471 pertinentiis
811 2399 913 2456 collata
924 2400 1029 2468 fuerat;
1042 2398 1263 2456 animadvertens
1275 2399 1367 2466 etiam,

120 2485 198 2558 quod
216 2490 388 2540 memoratus
412 2485 559 2558 Philippus
583 2487 733 2559 episcopus
751 2493 779 2544 et
796 2489 881 2543 irater
906 2488 966 2559 ejus
988 2488 1111 2544 Thomas
1128 2488 1261 2543 continua
1280 2485 1366 2542 fideli·

11 2563 13 2590 ¹
119 2579 179 2630 tate
197 2591 215 2628 a
233 2573 356 2645 puericie
380 2589 433 2628 sua
456 2572 634 2629 adhaeserint
658 2576 683 2630 ei
708 2580 736 2630 et
758 2577 848 2631 multu
872 2576 983 2632 servitiu
1000 2575 1194 2648 impenderint,
1221 2575 1368 2630 confirmat

118 2661 190 2734 ipsis
208 2659 314 2717 dictum
332 2665 433 2716 terrem
449 2661 564 2730 Zolona,
589 2668 735 2736 exceptam
754 2663 789 2718 de
806 2669 897 2720 castro
916 2663 1083 2730 Zaledicusi,
1111 2664 1140 2718 in
1157 2663 1238 2734 cujus
1256 2678 1367 2736 posses-

119 2749 198 2805 sione
217 2749 302 2804 etiam
320 2764 394 2804 nunc
412 2748 544 2820 existunt,
564 2755 651 2822 prout
668 2768 686 2806 a
704 2756 782 2823 patre
800 2752 873 2822 regis
892 2749 1078 2807 obtinuerant.

177 2835 301 2890 Wemet:
322 2835 387 2891 coe.
405 2836 476 2906 dipl.
495 2838 597 2906 urpod.
620 2837 683 2892 VII.
700 2842 762 2894 255.

173 2959 310 3016 DLXIV.
336 2962 371 3016 A.
390 2959 685 3017 1248.Be1n1v.rex
703 2959 837 3030 notificet,
855 2959 931 3030 quod
950 2959 1085 3015 accedens
1103 2959 1139 3015 sd
1157 2959 1218 3015 eius
1236 2975 1367 3030 praesen·

12 3035 13 3044 ¹
119 3049 190 3104 tiam
208 3047 370 3118 Stephanus
388 3047 473 3102 irater
489 3045 629 3102 Johannis
647 3045 749 3116 pugilis
768 3046 818 3101 tilii
834 3045 933 3102 Rodus
945 3045 1130 3102 etJobunnes
1148 3045 1222 3101 filius
1240 3045 1367 3101 eiusdem

119 3135 262 3191 Jobanuis
279 3134 424 3205 conquesti
443 3134 507 3201 sint,
525 3131 601 3204 quod
619 3132 797 3189 medictatem
815 3139 903 3190 terrac
921 3149 1018 3189 eorum
1036 3131 1205 3203 Budavelge
1224 3149 1310 3202 quam
1329 3131 1367 3187 ab

119 3223 237 3292 antiquo
263 3227 389 3292 tempore
415 3225 495 3292 pater
521 3237 618 3278 eorum
645 3219 743 3276 Rodus
767 3226 796 3276 et
819 3237 888 3276 avus
913 3219 1103 3292 possederant,
1131 3218 1252 3275 Michael
1269 3235 1365 3276 comes

119 3309 207 3366 frater
224 3307 321 3364 Buaad
345 3308 462 3376 comitis,
487 3308 623 3364 existente
647 3305 747 3364 comite
765 3307 953 3374 worosdiensi,
980 3307 1017 3362 ab
1035 3307 1141 3363 eisdem
1158 3305 1322 3362 abstulisset
1339 3313 1367 3362 et

119 3395 211 3452 eidam
229 3400 322 3452 castro
339 3396 491 3462 statuisset,
515 3381 665 3452 asserendo
683 3395 770 3450 tuisse
788 3400 890 3450 terrum
907 3395 991 3450 castri
1009 3394 1149 3462 antedicti,
1167 3399 1294 3465 petentes
1313 3393 1367 3449 sibi

120 3491 224 3540 oemum
242 3483 396 3550 restituere,
414 3482 602 3549 considerans,
624 3481 700 3552 quod
718 3498 769 3554 per
786 3483 970 3537 instrumente
987 3481 1122 3538 Demetrii
1139 3482 1247 3538 comitis
1265 3481 1302 3537 de
1319 3497 1366 3552 ge-

120 3587 188 3628 nere
206 3569 271 3626 Aba
289 3575 317 3626 et
333 3569 449 3642 capituli
466 3569 639 3639 mgrabicnsi
656 3575 773 3638 constet,
791 3569 869 3640 ipsos
888 3567 925 3623 sb
942 3568 1170 3640 antiquodictam
1181 3575 1284 3626 terrem
1302 3585 1368 3640 poa·

120 3657 237 3724 sedisse,
261 3661 290 3712 et
307 3656 383 3728 quod
401 3655 474 3712 fecte
491 3656 672 3728 inquisitione
697 3673 746 3728 per
770 3657 845 3711 Erue
872 3655 1001 3712 comitem
1019 3654 1054 3714 de
1073 3655 1194 3711 Worcsd
1222 3657 1276 3712 hoc
1293 3655 1367 3711 idern

119 3745 315 3800 confirmatum
324 3743 416 3811 suerit,
425 3744 545 3799 restituit
554 3743 671 3800 eandem
684 3749 786 3799 terram
795 3741 900 3799 eisdem
910 3741 1054 3814 Stephano
1064 3747 1092 3798 ct
1100 3742 1233 3812 Jobanni,
1243 3743 1366 3813 iecitque
1456 3817 1459 3824 ,

122 3847 173 3887 eos
189 3829 329 3886 introduci
348 3847 398 3902 per
415 3829 504 3886 Bulsd
523 3831 611 3886 filium
629 3831 742 3886 Martini
760 3831 878 3888 comitis.

179 3917 299 3973 Weuset:
319 3918 383 3974 Ood.
402 3917 471 3990 cept.
491 3918 592 3988 arped.
617 3917 680 3974 VII.
698 3922 759 3974 253.

175 4057 295 4114 DLXV.
315 4059 398 4114 Circe
415 4062 491 4115 1248.
502 4058 541 4127 (?)
560 4058 720 4130 Stephanus
733 4057 824 4114 banus
842 4059 928 4115 totius
940 4058 1097 4128 Slavoniac,
1115 4075 1210 4130 aroge
1222 4059 1259 4114 ed
1272 4063 1366 4131 partes

121 4147 253 4203 Orontiee
276 4144 312 4200 ad
336 4144 566 4216 distinguendum
584 4150 612 4201 et
630 4145 818 4217 separandum
841 4150 929 4202 terras
953 4146 1088 4201 nobilium
1111 4147 1226 4202 aterris
1243 4151 1367 4202 castren·

14 4231 17 4246 '
121 4233 201 4290 sibus
218 4237 248 4290 et
265 4233 404 4288 vioevcrsa
422 4234 584 4301 destinetur,
603 4233 776 4305 pervenitad
789 4238 882 4304 partes
899 4232 995 4300 Libas,
1015 4233 1064 4288 ubi
1076 4250 1140 4289 cum
1152 4233 1256 4290 XXIV
1268 4235 1366 4289 iuratis

121 4321 263 4378 indicibus
280 4320 416 4377 nobilium
434 4319 471 4377 de
488 4320 561 4375 Irika
583 4325 612 4376 et
634 4337 699 4376 cum
716 4321 925 4378 centurionibus
943 4319 979 4376 ad
1006 4320 1035 4374 id
1061 4319 1211 4391 deputatis,
1240 4320 1275 4376 de
1300 4339 1367 4392 qua·

121 4409 188 4464 dum
207 4409 386 4482 possessione
403 4408 571 4476 Tetbacsiea,
597 4414 688 4464 unum
707 4409 744 4465 sit
760 4414 834 4464 terra
851 4409 935 4464 castri
953 4413 1003 4464 ant
1021 4414 1093 4464 terra
1114 4406 1298 4464 huerediteria
1316 4425 1365 4465 no-

122 4495 221 4552 bilium
229 4495 343 4568 Porugh
353 4496 509 4552 etfiliorum
528 4496 687 4552 auorumde
699 4496 774 4553 dicte
789 4497 956 4565 Tetbecsics,
975 4497 1169 4567 quaestionem
1185 4495 1299 4564 babuit;
1317 4497 1367 4566 qui

118 4583 239 4654 judices,
256 4585 339 4640 iurati
360 4589 389 4640 et
405 4583 581 4640 centurIones
604 4582 743 4652 dixerunt,
766 4583 868 4640 dictam
886 4584 1091 4656 possessionem
1110 4582 1279 4655 abantiquo
1297 4589 1366 4640 tem·

122 4686 201 4744 pore,
219 4689 277 4744 quo
293 4687 345 4730 nec
364 4676 546 4744 augmentare
563 4677 657 4745 potest
673 4689 752 4730 mens
770 4672 901 4742 humana,
918 4672 1008 4731 fuisse
1025 4671 1084 4728 iure
1102 4673 1223 4745 proprio,
1243 4677 1270 4729 et
1280 4671 1367 4730 nobili
