3544 5344
710 449 855 492 nnensrs
1356 431 1397 493 87

159 612 273 683 Toplica
292 629 326 667 cx
346 629 401 667 una
420 619 506 684 purte,
525 619 553 669 et
572 615 644 668 Rata
663 619 690 670 et
709 631 805 670 omnes
824 614 895 669 filios
914 631 980 670 atros
999 615 1037 669 itu
1051 614 1223 686 pacificatam
1237 631 1306 684 esse,
1326 615 1401 686 quod

159 699 232 754 Rata
249 717 313 754 cunr
331 700 419 754 tribus
438 701 496 754 suis
515 701 577 756 tiliis
597 701 759 769 damastrin,
779 702 882 755 Martio
901 707 928 756 et
947 703 1034 772 Usanj
1055 704 1229 773 promiserint
1247 705 1300 758 sub
1313 719 1401 758 sacra·

160 793 264 853 mento,
284 787 358 855 quod
378 787 472 840 domui
486 787 616 857 Toplicne
635 795 663 842 et
681 788 738 840 suis
754 787 952 856 jobagionibus
970 788 1004 842 de
1023 795 1130 844 caetero
1149 797 1356 857 consererent,
1375 797 1403 846 et

159 879 218 926 tam
236 872 271 928 de
289 873 368 927 terris
394 890 478 942 quam
497 873 532 927 de
550 873 633 928 rebus
652 891 708 944 psx
726 881 799 928 esset
822 875 893 930 inter
911 891 967 930 eos.
986 875 1023 930 Et
1040 875 1113 930 Rata
1131 893 1195 930 cnm
1213 877 1276 932 filiis
1294 883 1403 932 tenetur

159 959 274 1014 reddere
293 960 396 1014 litteras
416 959 486 1026 bani,
514 977 584 1029 quas
611 959 739 1014 dicebaut
766 961 868 1016 habere
894 967 990 1017 contra
1018 969 1072 1017 tres
1097 963 1263 1034 jobagiones
1282 963 1396 1028 Gustus,

160 1045 242 1100 Vieol
261 1051 289 1100 et
307 1045 429 1100 Szelane.
450 1047 486 1100 Et
503 1047 526 1100 si
545 1047 572 1100 in
586 1047 679 1102 futuro
690 1053 830 1102 occureret
838 1048 909 1102 inter
921 1055 1013 1118 partes
1023 1049 1116 1119 aliqua
1128 1051 1262 1120 quaestio,
1281 1051 1403 1106 debeant

161 1133 251 1204 ipsam
270 1132 377 1187 tradere
395 1131 437 1202 ad,
449 1131 672 1202 pertractandum
691 1133 779 1188 tribus
798 1133 877 1188 bonis
897 1135 968 1192 viris.
994 1136 1097 1192 scilicet
1116 1137 1287 1208 praeceptori
1303 1137 1402 1192 Gerae,

162 1219 255 1274 comiti
275 1219 398 1272 Babonic
416 1225 443 1273 et
457 1218 545 1288 judici
563 1218 598 1273 de
616 1219 712 1274 Perna

217 1305 343 1360 rentur:
361 1306 438 1360 Meu.
458 1307 538 1374 episc.
556 1321 631 1376 sagr.
650 1307 683 1373 L,
703 1323 730 1374 p.
752 1310 794 1359 74.
860 1355 868 1369 ,

215 1427 297 1484 000.
316 1429 441 1499 Perusii,
461 1433 503 1482 11.
524 1429 646 1484 Octobris
658 1433 734 1482 1234.
754 1429 904 1500 Gregorius
926 1431 969 1484 IX
992 1447 1066 1504 papa
1085 1434 1199 1504 instigat
1220 1433 1403 1489 Oolomanum

163 1533 256 1586 regem
274 1521 302 1570 et
318 1515 418 1570 ducem
437 1514 574 1582 Slaronis,
594 1521 625 1570 ut
643 1515 678 1569 ad
696 1516 911 1571 convertendum
926 1518 1042 1574 iniectos
1055 1519 1164 1574 macula
1175 1519 1329 1575 haereticae
1342 1537 1403 1591 pra·

164 1603 255 1658 vitatis
274 1619 304 1656 se
323 1617 418 1657 versus
437 1609 530 1673 partes
548 1601 696 1656 Slaroniae
714 1602 753 1656 ita
771 1609 897 1672 potenter
916 1605 1048 1674 accingat,
1067 1621 1123 1674 quo
1146 1612 1174 1660 ct
1186 1606 1232 1660 alii
1244 1606 1404 1662 huiusmodi

163 1689 317 1744 sanctitatis
336 1705 408 1759 opos
425 1689 518 1742 auimo
537 1694 666 1758 prompto
685 1688 837 1758 suscipiant
854 1695 882 1743 et
900 1689 1028 1744 sedentes
1046 1691 1074 1744 in
1090 1691 1222 1762 perfidiae
1234 1692 1354 1747 tenebris
1367 1692 1402 1747 ad

163 1777 253 1830 lucem
271 1775 422 1830 catholicae
441 1789 588 1845 properare
607 1773 670 1828 fidei
688 1791 744 1827 non
763 1781 934 1845 postponant
954 1776 1049 1844 sieque
1067 1777 1122 1844 fiet,
1149 1785 1181 1832 ut
1204 1793 1335 1832 numerus
1359 1777 1404 1832 dei

164 1862 283 1916 liliorum
308 1867 450 1930 augeatur,
474 1860 562 1915 honor
589 1877 656 1914 suae
680 1860 850 1914 celsitudinis
874 1860 1021 1931 amplietur
1044 1869 1071 1917 et
1095 1862 1140 1917 ills
1164 1863 1276 1920 tandem
1294 1865 1322 1918 in
1341 1863 1405 1918 bea·

164 1955 255 2004 torum
274 1949 389 2018 collegio
407 1949 595 2017 conquiescat.

220 2035 351 2089 ilicium.-
370 2036 449 2090 Meu.
468 2035 563 2103 Hung.
583 2035 690 2102 1.,128.

217 2157 313 2212 CCCI.
352 2157 433 2222 Arni,
460 2171 548 2210 meuse
574 2155 698 2211 Octobris
728 2157 806 2208 1234.
845 2155 1028 2226 Temporibus
1054 2156 1154 2210 Jacobi
1182 2157 1298 2228 Teupoli
1326 2155 1404 2211 ducis

165 2244 346 2298 venetiarum
364 2250 391 2297 et
407 2227 524 2297 Jordini
544 2241 667 2296 arbensis
683 2241 814 2312 episcopi.
833 2241 913 2296 Idem
926 2242 1081 2314 episcopus,
1101 2243 1298 2314 Christoporus
1309 2242 1404 2303 Maldi.

166 2330 298 2386 Nicolaus
322 2329 358 2384 de
376 2328 505 2394 Rufaldo,
532 2333 559 2383 et
585 2328 732 2399 Ciprianus
757 2327 791 2382 de
810 2368 816 2380 .
837 2369 842 2380 .
863 2367 868 2381 .
888 2367 894 2380 .
914 2345 964 2398 pro
987 2336 1045 2384 tota
1070 2331 1266 2384 communitate
1285 2329 1404 2385 Arbensi

165 2423 231 2470 sunt
249 2417 327 2471 electi
355 2415 390 2470 ad
413 2414 591 2470 resecandam
614 2415 828 2470 controversiam
856 2415 926 2469 inter
953 2416 1076 2470 civitates
1103 2416 1257 2472 Arbensem
1283 2423 1311 2472 et
1338 2417 1405 2486 Seg-

167 2505 299 2570 niensern,
319 2509 346 2558 et
363 2503 448 2556 irater
465 2499 622 2555 deoslsus
640 2499 740 2556 domus
757 2501 853 2570 templi
872 2501 906 2556 de
925 2501 1018 2570 Segne
1036 2508 1086 2556 etc.
1100 2503 1180 2558 simili
1193 2503 1277 2558 modo
1290 2520 1340 2573 pro
1353 2519 1405 2557 sua

165 2591 363 2647 communitate
390 2589 469 2643 electi
502 2587 537 2642 ad
562 2587 677 2642 eandem
711 2588 923 2642 controversiam
952 2587 1137 2642 resecandam.
1172 2590 1263 2656 Quam
1280 2588 1405 2644 recorda-

165 2679 248 2734 tionis
266 2683 369 2732 cartam
389 2676 501 2730 firmiter
518 2673 675 2728 habendam
694 2691 743 2743 per
761 2690 860 2728 manus
877 2675 976 2728 notarii
989 2674 1046 2730 fieri
1065 2675 1216 2746 jusserunt,
1235 2674 1406 2730 concorditer

167 2765 346 2828 affirmantes,
371 2761 438 2816 illud
458 2763 669 2816 instrumentum
686 2759 843 2814 coniectum
861 2777 922 2814 esse
940 2777 990 2829 per
1006 2777 1106 2814 manus
1118 2761 1259 2832 quondam
1276 2760 1406 2817 Potdis-

166 2853 230 2906 coni
252 2850 376 2905 arbensis
401 2849 500 2903 notaui
523 2863 596 2902 enno
621 2847 696 2902 trra.
721 2849 745 2900 5.
770 2863 865 2900 mense
888 2845 981 2899 madio
999 2853 1123 2916 tempore
1143 2846 1264 2902 Prodani
1282 2849 1405 2918 episcopi

167 2938 351 3078 arbebl'lbbibti:
370 3022 453 3092 lllyr.
472 3021 549 3076 Soet.
575 3020 603 3074 V.
622 3023 685 3076 240.
709 3019 829 3074 Wensel:
850 3019 916 3074 Ood.
934 3020 1004 3088 Arp.
1029 3018 1072 3072 VI.
1092 3023 1155 3075 560.

220 3145 332 3200 CCCII.
352 3145 474 3210 Parrasii,
494 3148 535 3196 17.
555 3141 679 3198 Octobris
692 3145 768 3196 1234.
788 3140 938 3210 Gregorius
954 3141 999 3194 IX
1012 3157 1086 3210 papa
1104 3141 1267 3211 episcopum
1284 3141 1407 3194 Bosnen·

166 3251 227 3288 sem
245 3233 280 3288 de
298 3231 357 3286 zelo
366 3236 462 3286 contra
473 3229 625 3284 haereticos
638 3227 784 3283 Slavoniae
796 3234 824 3282 ct
836 3227 945 3280 Bosnae
957 3227 1103 3293 collaudat,
1122 3227 1306 3296 indulgentias
1318 3233 1407 3281 terrae

168 3327 280 3374 sanctae
299 3317 430 3387 largiendi
449 3317 608 3371 facrrltatem
627 3317 651 3370 ei
670 3314 796 3369 concedit
814 3315 942 3369 omnibus
962 3314 1104 3368 catholicis
1122 3330 1171 3384 per
1189 3330 1305 3384 regnum
1326 3313 1406 3366 Hun-

167 3407 262 3476 gariae
280 3404 443 3468 constitutis,
462 3403 510 3472 qui
520 3402 555 3456 ad
568 3401 768 3456 haereticorum
780 3400 971 3454 exterminium
991 3401 1070 3469 signo
1089 3401 1177 3455 crucis
1189 3415 1219 3454 se
1231 3399 1398 3454 accinxerint

222 3493 317 3560 FeJ'er:
339 3491 403 3546 cna.
423 3489 501 3558 Dipl.
521 3490 551 3543 Τ.
570 3489 625 3542 ΙΙΙ.
643 3488 695 3542 nol.
714 3489 762 3555 1r.,
780 3504 807 3556 p.
827 3491 889 3539 397.
912 3487 1043 3541 Tber'rrer:
1062 3489 1182 3542 Menum.
1201 3489 1293 3555 Hesp.
1309 3503 1336 3554 p.
1349 3489 1408 3539 129.

222 3612 342 3667 CCCIII
369 3610 492 3677 Pcrusii,
512 3615 555 3663 17.
576 3609 699 3665 Octobris
718 3612 792 3663 1234.
816 3607 965 3677 Gregorius
984 3608 1027 3662 IX
1046 3625 1120 3679 papa
1132 3607 1167 3662 ad
1183 3608 1342 3678 petitionem
1355 3605 1408 3660 Co-

168 3699 272 3756 lomani
290 3700 363 3768 regis
382 3706 410 3753 ct
427 3698 504 3752 ducis
522 3695 656 3766 indulget,
684 3701 715 3749 nt
734 3695 768 3749 ad
787 3711 989 3764 quemcumque
1012 3695 1102 3748 locum
1126 3695 1310 3749 ecclesiastico
1327 3694 1408 3746 inter·

169 3787 243 3841 dicto
262 3787 438 3856 suppositum
456 3783 603 3847 devenerit,
623 3783 785 3835 nominatim
802 3780 953 3834 interdictis
972 3785 1000 3834 et
1017 3782 1260 3835 excommunicatis
1280 3779 1407 3844 exclusis,

170 3891 225 3927 non
245 3873 361 3943 pulsatis
379 3871 529 3942 campanis,
548 3869 649 3924 clausis
663 3869 758 3937 januis
777 3875 804 3921 et
822 3883 888 3921 uoce
908 3883 1058 3937 suppressa
1076 3867 1128 3921 sibi
1140 3865 1234 3921 divina
1246 3867 1329 3920 iaciat
1340 3866 1409 3921 cele·

170 3961 251 4026 brari,
270 3957 421 4014 dummodo
440 3974 553 4012 cansam
571 3973 626 4011 nou
645 3955 751 4010 dederit
768 3955 922 4010 interdicto.

223 4047 257 4100 In
276 4046 374 4100 eodem
392 4046 524 4115 scriptum
543 4049 585 4099 est
603 4043 749 4098 Salomeae
767 4042 878 4111 reginae
896 4041 976 4095 uxori
997 4040 1142 4095 Colomani
1160 4039 1245 4094 ducis.

226 4133 357 4188 mese.-
375 4131 454 4186 Mcu.
475 4134 566 4199 Hunc.
587 4133 607 4183 1.
628 4133 685 4184 129.

223 4253 349 4308 ccclv,
368 4253 494 4322 Parrasii,
515 4257 554 4306 17.
576 4250 700 4306 Octobris
718 4253 799 4304 1234.
823 4249 973 4319 Gregorius
997 4249 1042 4302 IX
1061 4265 1135 4319 papa
1159 4245 1253 4301 scribit
1279 4245 1410 4315 episcopo

170 4341 315 4406 Bosnensi,
335 4339 513 4408 Zagrsbiensi
532 4343 560 4392 et
577 4338 774 4406 crucesignatis
792 4343 887 4391 contra
905 4336 1058 4390 haereticos
1080 4333 1226 4388 Slavoniae
1244 4329 1410 4401 inpartibus

172 4427 312 4496 ngarias
330 4425 494 4491 constitutis,
513 4441 577 4479 cum
595 4425 653 4479 zelo
672 4424 735 4478 fidei
754 4424 870 4490 accensi,
890 4424 969 4491 signo
988 4422 1076 4476 crucis
1095 4423 1239 4490 assumpto
1258 4433 1410 4488 proposue-

171 4515 225 4568 rint
242 4515 271 4568 in
290 4513 449 4569 Slaroniam
468 4517 564 4566 contra
575 4511 776 4565 haereticorum
796 4509 938 4580 perfidiam
957 4508 1100 4579 proficisci,
1120 4503 1296 4575 suscipiendo
1315 4519 1410 4558 omnes

172 4617 306 4670 personas
324 4600 433 4654 illorum
458 4615 522 4653 curn
546 4598 674 4652 omnibus
699 4597 779 4651 bonis
803 4597 855 4650 sub
874 4596 892 4648 b
920 4596 993 4650 Petri
1011 4600 1039 4648 et
1057 4611 1108 4648 sua
1126 4592 1303 4663 protectione.
1323 4588 1409 4642 -Iu

172 4687 270 4743 eodem
289 4703 372 4740 sensu
392 4686 485 4740 scribit
503 4701 577 4756 papa
595 4685 677 4739 etiam
696 4685 828 4754 episcopo
846 4681 1016 4752 zograbiensi
1036 4680 1088 4734 sub
1106 4678 1205 4734 eodem
1221 4677 1298 4731 dato.

1292 4763 1310 4798 s
