3376 5350
331 333 395 398 380
829 339 849 382 1.
868 325 1077 394 assumant,

331 523 448 577 ecclesia
465 522 492 575 b.
512 521 624 576 Domuii
638 521 665 574 in
679 525 759 574 nocte
779 519 965 590 Epiphaniae;
980 518 1013 573 de
1032 518 1149 572 residuis
1165 519 1291 572 sextariis
1305 517 1406 572 debent
1420 517 1482 572 lieri
1497 517 1600 571 iacere

331 611 416 664 libros
436 610 605 664 necessarios
622 610 650 661 in
672 607 812 680 praedicta
825 607 947 661 ecclesia.
962 606 1173 660 Cournrissarios
1193 605 1336 660 constituit
1354 603 1600 658 archidiaconum

333 705 360 752 et
379 698 528 762 sacristam,
548 696 595 764 qui
617 712 665 766 pro
685 703 808 762 tempore
828 695 938 748 tuerint.
958 695 1059 748 Actum
1079 695 1107 746 in
1127 709 1235 748 camera
1254 694 1347 748 Lucae
1366 695 1477 747 notarii.
1499 693 1599 747 Testi-

333 784 426 838 monio
445 781 558 836 Lethaei
578 781 696 848 diaconi,
715 781 830 836 Nicolae
849 781 994 844 Leonardi,
1011 781 1151 835 Valentini
1170 781 1264 846 Blasii,
1283 781 1427 850 pelliparii,
1447 779 1598 850 Stephani

334 870 472 940 Priliepelr
492 869 627 940 pelliparii
647 876 674 922 et
692 869 813 937 plurium
827 868 952 922 aliorum.
967 867 1100 922 Nicolaus
1112 867 1249 923 Jolraunis
1266 869 1361 923 Oindri
1375 869 1506 922 conscius
1528 887 1600 923 exa-

334 959 456 1013 minavit.
475 957 567 1012 Lucss
585 957 734 1012 canonicus
753 965 780 1010 et
800 955 906 1025 juratus
925 957 1048 1010 notarius
1066 955 1172 1027 Spalat.
1192 957 1309 1027 scripsit.

385 1046 433 1099 Ea
451 1045 563 1100 archivo
582 1043 674 1098 aulico
697 1043 904 1098 Vindoboncasi
923 1044 1044 1098 collectio
1063 1049 1116 1098 oct.
1136 1044 1247 1111 b'palat.
1269 1045 1349 1099 XVI.
1368 1049 1410 1098 27.

370 1183 541 1240 MCCOXII.
567 1186 604 1238 [a
627 1185 775 1242 Priscora.
801 1187 875 1238 1281.
899 1189 924 1240 6.
949 1185 1065 1253 „lprr'lia
1092 1185 1184 1239 Heinz
1203 1182 1237 1237 de
1257 1184 1369 1238 Bibasis
1387 1191 1488 1238 notum
1516 1185 1601 1243 facit.

335 1273 411 1344 qnod
430 1272 565 1343 capellam
583 1289 662 1326 suam
688 1290 770 1342 qaam
796 1275 824 1326 in
848 1273 980 1328 honorem
1006 1274 1035 1326 B.
1060 1273 1098 1325 M.
1125 1273 1159 1328 V.
1185 1275 1238 1328 iam
1265 1271 1371 1326 dadum
1395 1275 1602 1326 construxerat

336 1362 466 1416 iratribus
484 1360 727 1415 Praedicatoribus
747 1359 860 1430 Ragusii
880 1361 1011 1415 obtulerit
1032 1361 1094 1431 jure
1117 1367 1260 1431 perpetuo,
1287 1359 1338 1413 snb
1363 1357 1539 1426 conditione,
1571 1375 1604 1416 ur

337 1449 402 1502 dicti
423 1447 520 1502 irat-res
540 1447 661 1501 officiare
679 1449 708 1500 iu
728 1465 760 1503 ea
779 1448 909 1504 continue
929 1449 1055 1503 debcant.
1080 1449 1197 1520 Insuper
1224 1446 1300 1502 dedit
1325 1448 1364 1501 eis
1389 1463 1486 1500 omues
1514 1465 1603 1518 prae·

336 1538 421 1590 tiosas
439 1535 570 1604 reliquias
589 1535 677 1590 dictae
697 1536 827 1606 capellae,
847 1553 897 1590 nec
917 1553 972 1590 non
994 1535 1107 1590 calicem
1133 1541 1296 1605 argenteum
1327 1551 1388 1588 cum
1417 1536 1602 1590 vestimentis

337 1622 556 1679 sacerdotalibus
574 1631 602 1678 et
620 1639 676 1676 non
695 1623 804 1677 modico
824 1631 986 1678 ornamento
1005 1623 1107 1678 altaris.

389 1710 520 1764 Farlali:
539 1709 623 1776 illyr.
642 1708 719 1764 saer.
743 1711 771 1764 Τ.
796 1711 843 1764 VI.
859 1728 889 1780 p.
908 1715 966 1763 443.

392 1831 676 1886 ltcccxtlt.12s1.
700 1835 743 1886 24.
769 1833 886 1900 Aprilis.
912 1832 1058 1887 Ladislaus
1081 1833 1132 1888 IV.
1156 1851 1203 1888 rex
1230 1839 1327 1886 notum
1352 1831 1427 1897 facit,
1452 1831 1532 1901 quod
1564 1833 1604 1886 ad

338 1923 498 1991 petitionem
516 1919 591 1974 Petri
610 1920 683 1986 bani,
706 1919 753 1973 lilii
779 1922 887 1974 comitis
913 1921 1162 1986 benedictionale
1187 1921 1390 1991 possessionem
1415 1918 1512 1990 Oaiag,
1537 1923 1603 1973 exi-

336 2009 466 2078 gentibus
485 2007 574 2077 culpis
593 2008 658 2075 suis,
678 2007 865 2076 potentialiter
883 2008 1072 2064 abalienarunt
1092 2014 1119 2062 et
1134 2008 1320 2078 jurisdictioni
1343 2007 1452 2061 comitis
1478 2005 1515 2059 de
1542 2008 1601 2062 lla-

339 2113 404 2150 raua
422 2095 605 2161 subiecerunt,
625 2096 647 2148 ei
669 2096 811 2150 restituere
830 2095 1000 2166 dignaretur.
1014 2096 1202 2150 (lousideratis
1215 2095 1307 2163 itaque
1326 2094 1443 2148 servitiis
1462 2093 1598 2147 eiusdem

338 2183 412 2237 Petri
433 2183 504 2249 barri,
529 2198 601 2251 quae
624 2183 648 2236 ei
673 2184 701 2234 in
726 2184 855 2238 omnibus
880 2184 1104 2254 expeditionibus
1127 2185 1205 2253 regni
1227 2183 1364 2237 intestinis
1383 2187 1410 2235 et
1429 2182 1603 2236 extrinsecis

338 2269 520 2340 impenderat,
539 2275 566 2322 et
585 2269 739 2338 specialiter
757 2273 785 2324 in
805 2274 1009 2341 expugnatione
1028 2273 1111 2327 castri
1130 2272 1302 2337 Zumbathel,
1322 2269 1397 2341 quod
1423 2287 1473 2340 per
1497 2287 1599 2338 regem

339 2358 505 2412 Boemorum
525 2363 690 2426 occupatum
710 2356 806 2424 fuerat,
827 2359 873 2412 nbi
893 2361 976 2413 etiam
998 2359 1109 2414 laetalia
1131 2360 1281 2414 sustulerat
1302 2361 1428 2425 vulnera;
1447 2361 1514 2412 item
1541 2378 1602 2413 ser-

340 2445 421 2510 vitiis,
441 2461 511 2513 qnae
530 2445 559 2498 in
578 2443 785 2514 compescendis
811 2445 919 2500 Oroatis
946 2455 974 2501 et
998 2447 1156 2502 huminibus
1181 2447 1405 2513 Transdravanis,
1431 2447 1479 2516 qui
1505 2464 1536 2500 se
1563 2447 1602 2500 cle

336 2530 531 2600 jurisdictione
550 2531 626 2599 regia
643 2530 773 2584 volebant
791 2532 918 2599 alienare,
937 2535 1011 2604 ipsos
1031 2536 1170 2604 pot-entiae
1189 2535 1280 2604 regiae
1292 2533 1451 2588 reducendo
1470 2537 1497 2588 et
1517 2537 1601 2588 resti—

341 2616 445 2672 tuendo
464 2618 594 2684 exercuit,
613 2617 715 2672 dictam
733 2621 937 2688 possessiouem
957 2621 1043 2691 Oziag
1062 2622 1221 2676 reddiderit.

398 2704 521 2758 Weazel:
542 2704 608 2758 God.
627 2704 695 2773 dipl.
715 2705 822 2772 Arpacl.
843 2705 914 2761 ΧΗ.
934 2711 993 2762 329.

395 2845 582 2901 aluccxlv.
602 2847 775 2919 Zaprabiae,
801 2853 876 2903 1281.
900 2853 943 2904 27.
969 2849 1086 2916 Aprilis.
1110 2850 1297 2914 Tirrrothaeus,
1317 2851 1466 2919 episcopus
1492 2848 1600 2918 Zagra-

342 2935 444 2989 biensis
464 2936 650 2988 communicat
674 2953 722 3005 per
746 2937 908 2990 canonicum
932 2953 1012 2990 suum
1038 2936 1171 2990 Paulam:
1191 2935 1366 3002 Lodoruerio,
1385 2935 1600 3006 archiepiscopo

343 3022 533 3091 strigoniensi,
555 3021 682 3076 Diouiaio
700 3025 846 3092 cauriensi,
867 3024 948 3078 Petro
968 3025 1155 3088 Transdanu,
1175 3025 1302 3078 Andreae
1322 3023 1449 3092 Agriensi
1470 3031 1499 3077 et
1521 3024 1600 3078 Thu·

343 3127 404 3163 mae
422 3110 561 3173 Vaciensi,
581 3111 730 3180 episcopis;
750 3111 815 3166 item
835 3112 992 3181 praeposito
1011 3111 1134 3176 Albensi,
1147 3111 1178 3164 P.
1197 3112 1279 3182 priori
1297 3111 1457 3180 provinciali
1477 3110 1596 3165 fratrum

345 3197 572 3252 Praedicatorum
592 3212 641 3265 per
659 3196 810 3266 Ungariam
836 3205 863 3252 et
882 3197 1048 3266 Slavonianr,
1068 3201 1101 3252 Α.
1123 3199 1205 3268 priori
1224 3199 1429 3252 Heremitarum
1456 3216 1477 3252 s.
1498 3201 1598 3268 Angu-

343 3286 406 3339 stini
427 3290 455 3338 at
473 3283 533 3338 aliis
552 3283 729 3338 ecclesiarum
749 3285 877 3354 praelatis.
902 3303 980 3340 stram
1000 3288 1164 3342 seritentiam
1188 3287 1490 3352 excommunicationis,
1509 3303 1598 3357 quarn

345 3375 385 3426 25.
407 3372 499 3425 Martii
519 3371 643 3440 ejusdem
662 3371 725 3425 anui
744 3372 772 3424 in
792 3372 925 3428 Werence
944 3375 1044 3428 tulerat
1062 3381 1156 3428 contra
1176 3373 1324 3428 Nicolaum
1343 3375 1429 3428 totius
1447 3375 1599 3430 Slavoniae

344 3463 455 3526 bannui,
474 3459 633 3513 Johannem
652 3459 780 3513 comitem
800 3460 834 3513 de
852 3460 936 3526 Zana,
955 3461 1174 3532 V1·baz,Guarig
1193 3471 1221 3516 et
1240 3461 1373 3516 Guecbke
1392 3469 1420 3517 et
1439 3461 1597 3518 Henricum

343 3549 416 3602 tilios
429 3547 543 3602 Hearici
558 3547 674 3600 condam
685 3547 748 3600 bani
763 3555 789 3601 et
803 3555 898 3602 contra
911 3565 1006 3602 eorum
1021 3549 1177 3619 coruplices‚
1188 3551 1328 3620 signanter
1338 3557 1432 3604 contra
1446 3551 1596 3620 quemdam

346 3636 428 3706 Wryz
446 3636 532 3689 totius
551 3635 628 3704 regni
653 3633 820 3703 praedonem
840 3643 867 3689 et
885 3636 1026 3704 publicum
1052 3637 1186 3690 latronem
1213 3643 1324 3706 propter
1348 3639 1437 3691 verrius
1459 3637 1599 3692 violentus

344 3741 482 3788 excessis,
502 3722 702 3775 destructiones
721 3727 749 3774 et
768 3721 980 3791 depredationes
999 3725 1028 3776 in
1047 3726 1220 3793 possessione
1234 3725 1355 3794 episcopi
1380 3725 1490 3790 Wasca,
1512 3742 1595 3794 quam

344 3819 406 3882 post
427 3809 583 3864 descessum
603 3810 688 3880 patris
708 3809 836 3878 Philippi,
857 3811 978 3880 cariscopi
999 3810 1129 3875 Firmani,
1150 3811 1177 3865 S.
1198 3811 1270 3864 sedis
1284 3829 1328 3881 ap.
1342 3811 1424 3880 legati
1438 3812 1597 3866 visitaverat

347 3901 386 3953 13.
408 3899 499 3952 Martii
520 3903 547 3952 et
566 3898 604 3950 ita
623 3896 774 3950 desolatam
795 3904 822 3950 et
842 3897 1009 3951 destructam
1029 3899 1169 3952 invenerat
1189 3905 1293 3952 utnon
1313 3898 1402 3952 solum
1422 3916 1465 3952 res
1483 3905 1511 3952 et
1524 3897 1598 3952 bona

345 3986 400 4040 illic
419 3984 601 4039 residentium
621 3984 729 4037 fuerant
750 3985 849 4049 ablata,
870 4002 964 4039 verum
988 3987 1069 4038 etiarn
1090 3987 1134 4039 vix
1159 3987 1239 4055 pauci
1263 3987 1387 4040 homiues
1412 3995 1526 4056 propter
1551 3987 1597 4042 de·

346 4075 524 4126 structionem
544 4077 732 4124 rerrranserunt
751 4073 778 4124 iu
799 4071 903 4136 eadem,
923 4073 968 4124 nbi
995 4075 1077 4126 etiam
1104 4074 1225 4142 quinque
1251 4075 1378 4128 mulieres
1403 4073 1536 4143 expulsae
1563 4075 1597 4129 tle

346 4162 402 4213 suis
422 4160 549 4213 domibus
569 4177 617 4227 per
635 4159 745 4212 eosdem
766 4158 858 4226 algore
877 4158 987 4227 frigoris
1007 4161 1132 4229 spiritum
1152 4161 1303 4214 exalarunt.
1324 4162 1400 4215 Alias
1414 4178 1524 4232 quoque
1539 4165 1596 4232 epi-

346 4248 421 4318 scopi
441 4248 627 4316 possessiones
646 4247 749 4299 invenit
769 4246 888 4299 totaliter
908 4247 1057 4308 desolatam
1081 4250 1241 4300 comitatum
1261 4253 1353 4301 irritem
1374 4249 1407 4302 de
1428 4247 1594 4308 Guersence

348 4352 429 4405 quem
446 4335 617 4404 episcopatui
631 4333 778 4386 Ladislaus
792 4351 838 4386 rex
858 4336 1018 4400 contulerat,
1033 4335 1155 4388 detinent
1166 4335 1308 4389 Jobannes
1322 4341 1348 4389 et
1362 4335 1495 4390 Nicolaus
1508 4337 1596 4389 banus

347 4425 375 4476 iu
395 4423 595 4492 praejudicium
616 4422 746 4474 eeclesiae
765 4429 793 4475 et
811 4439 942 4490 magnum
961 4439 1116 4489 graminea.
1136 4422 1314 4490 tlollegeruut
1330 4423 1595 4488 decimas,feccr11nt

349 4511 466 4564 vasallos
486 4515 512 4563 et
531 4509 664 4563 osticialcs
690 4510 820 4562 ecclesiae
847 4511 976 4579 captivari
1001 4527 1071 4578 qum
1097 4510 1253 4578 praedictus
1278 4509 1351 4564 ll'riz
1374 4512 1401 4563 in
1426 4515 1534 4564 tautum
1560 4511 1596 4566 sc·

352 4608 425 4652 cerat
444 4600 603 4651 tormentari
622 4603 652 4650 ut
672 4599 765 4650 onmia
784 4613 879 4651 eurum
898 4598 971 4651 bona
990 4604 1138 4650 extorserat
1158 4599 1192 4650 ab
1212 4597 1323 4652 eisdem.

405 4686 631 4741 reclamatore.
650 4687 729 4755 episc.
748 4687 858 4756 rapteri).
877 4689 901 4742 Ι.
917 4705 946 4756 p.
965 4691 1025 4744 206.
