3376 5350
650 339 655 370 ³
710 350 856 408 nonos·
1342 343 1406 408 443

161 529 294 584 vastando
313 529 423 584 Instdas
448 530 579 600 ipsoutm,
600 547 650 585 nec
669 529 715 586 ille
735 529 849 594 (Barrus)
867 529 967 585 habeat
985 529 1020 586 ad
1039 547 1169 600 praesens
1194 532 1288 602 galeas
1306 533 1341 587 ad
1359 535 1406 588 ob·

162 617 293 673 viandum
313 617 418 672 eisdem
436 617 580 682 hostiliter,
605 620 709 688 petita
731 619 862 690 pontifice
884 619 1019 673 auxilium
1044 625 1071 672 et
1095 635 1145 688 pro
1168 619 1321 675 Jadratinis
1345 639 1406 692 pro·

160 705 315 759 tectionem.

216 792 335 846 Gtasnitt
354 793 454 847 Srbstc
472 794 632 848 stoi-esnone·
652 793 681 846 X
687 795 715 848 V.
728 812 755 865 p.
768 797 828 848 205.
847 794 970 848 Wenrei:
991 793 1056 848 Cori.
1070 793 1138 862 dipl.
1152 793 1259 863 Arpad.
1272 795 1326 849 IX.
1346 799 1405 849 432.

214 935 348 990 MDLIII.
368 936 478 992 Bodas.
500 938 580 990 t'ircn
601 941 677 990 1294.
695 940 737 990 23.
758 937 850 990 Juraii.
870 937 996 990 Andreas
1015 935 1066 990 III.
1080 954 1128 991 rex
1141 936 1235 990 scribit
1253 936 1358 990 civibus
1371 936 1405 990 de

159 1031 254 1077 monte
274 1023 412 1090 drocensi,
433 1024 507 1092 quod
526 1041 576 1095 pro
595 1041 635 1088 eo,
654 1025 728 1095 quod
749 1023 782 1078 dc
801 1033 891 1078 castro
909 1041 959 1080 suo
979 1023 1085 1078 Medus
1104 1025 1143 1078 eis
1162 1031 1188 1078 et
1207 1023 1242 1078 ad
1262 1041 1309 1078 eos
1327 1041 1405 1094 spec·

160 1111 281 1164 tontibus
300 1129 348 1181 per
367 1114 495 1167 comitem
515 1111 642 1182 Gyamtm
662 1112 739 1165 iliata
757 1112 842 1166 tuisse
861 1111 991 1166 dicuntur
1014 1119 1187 1178 nocumenta,
1211 1113 1325 1182 cupiens
1343 1114 1406 1182 ipsa

159 1199 194 1263 ab
213 1199 268 1254 iliis
287 1217 421 1265 amovere,
441 1217 576 1254 cameram
597 1217 674 1254 suam
693 1199 727 1253 de
746 1200 883 1268 Zagrabia
902 1199 991 1253 eidem
1010 1199 1092 1253 (iano
1105 1199 1186 1252 duxit
1198 1199 1403 1265 conferendam,

161 1295 192 1340 ut
210 1287 330 1356 amplius
349 1295 439 1342 castro
458 1288 564 1342 nullum
584 1293 782 1341 nocumentum
802 1286 894 1341 inferri
909 1294 1108 1357 praesumatur,
1122 1285 1170 1340 sed
1184 1286 1218 1342 de
1231 1289 1313 1358 regiis
1324 1288 1405 1342 rebus

160 1375 289 1429 custodes
314 1376 476 1429 nutriantur.

214 1463 238 1516 Τ
239 1461 341 1516 rateto:
360 1463 438 1515 Mon.
460 1463 535 1516 Hist.
557 1465 585 1516 Τ.
606 1463 630 1518 Ι.
649 1481 676 1532 p.
694 1465 756 1516 2³3.

212 1621 345 1676 MDLIV.
365 1623 535 1694 Zaqrsbiae.
557 1626 633 1674 1294.
653 1626 677 1675 1.
697 1621 869 1689 Septembris.
884 1621 1045 1691 Capitulum
1058 1623 1124 1678 eccl.
1138 1623 1253 1693 Zagrab.
1267 1623 1404 1692 signifieat

158 1710 233 1780 qnod
252 1709 352 1764 nobilis
372 1711 412 1764 vir
430 1709 547 1776 Grobsa,
566 1711 639 1764 filius
659 1709 792 1779 Stephani
806 1708 840 1762 dc
855 1708 965 1778 Lapech
979 1709 1101 1780 (Lapac),
1115 1711 1258 1764 confessus
1271 1712 1314 1778 sit,
1328 1710 1403 1780 quod

160 1799 220 1868 ipae
239 1815 335 1852 omnes
353 1807 440 1852 terras
461 1815 495 1852 ex
514 1800 567 1852 ista
585 1805 662 1866 parte
681 1797 756 1851 fluvii
776 1797 840 1862 Wn,
858 1798 930 1851 inter
948 1797 1044 1868 Zakop
1063 1806 1090 1852 et
1116 1805 1201 1852 terras
1226 1800 1404 1868 episcopatus

157 1885 304 1952 Tyniensis
323 1887 456 1941 ecclesiae
474 1888 630 1952 existentes,
650 1903 698 1956 per
710 1895 827 1940 mortem
847 1885 960 1939 Ozoriss
985 1885 1033 1938 filii
1059 1885 1196 1956 Ludgaris
1215 1887 1334 1957 proximi
1360 1889 1402 1940 sui

158 1974 218 2027 sine
236 1973 354 2028 haerede
379 1973 556 2028 decendentis
579 1973 615 2026 ad
640 1975 731 2043 ipsum
750 1973 902 2040 devolutas,
929 1971 1072 2041 Stephano
1096 1973 1168 2026 bano
1192 1990 1241 2042 per
1264 1973 1402 2028 Jacobum

159 2061 328 2115 sacerdotem
348 2063 533 2130 praesentanti
553 2060 706 2115 vendiderit
724 2061 752 2114 in
772 2067 945 2131 perpetuum,
971 2060 1006 2136 oip
1025 2059 1146 2114 favorem
1173 2067 1200 2114 et
1225 2061 1401 2115 dilectionem

160 2149 225 2203 dicti
245 2149 307 2204 bani
329 2149 484 2218 specialem,
504 2147 572 2201 dans
590 2149 614 2202 ei
635 2165 799 2202 eonsensum
818 2156 849 2201 ut
868 2163 963 2200 omnes
988 2148 1070 2200 etiam
1091 2163 1139 2217 per
1157 2147 1264 2202 dictum
1289 2147 1401 2202 Ozorias

160 2237 359 2308 impignoratas
376 2253 537 2307 recuperare
556 2237 652 2308 possit,
671 2253 734 2290 cum
753 2235 986 2291 eidem'Grobsae
1005 2235 1040 2288 ad
1060 2233 1252 2290 redimendum
1276 2237 1401 2306 proprios

160 2343 214 2380 non
235 2333 364 2397 suppetat
381 2326 507 2380 facultas.

213 2414 338 2467 chret:
359 2414 425 2468 Cori.
444 2414 513 2484 dipl.
531 2416 599 2484 Arp.
616 2413 686 2467 XII.
706 2429 732 2482 p.
751 2416 810 2467 361.

210 2554 521 2626 MDLV42aqrabiaa.
542 2559 618 2607 1294.
638 2560 661 2608 1.
681 2555 854 2622 Septembris.
876 2552 1037 2624 Capitulum
1058 2552 1250 2623 Zagrabiensis
1269 2553 1401 2608 ecclesiae

155 2643 300 2712 significat,
319 2643 394 2713 quod
413 2642 499 2696 Zemk
518 2643 591 2696 filius
611 2643 682 2698 Bose
701 2660 750 2712 pro
770 2659 798 2695 se
812 2649 839 2694 et
852 2641 935 2695 fratre
948 2659 998 2694 suo
1013 2639 1124 2710 Wllroy,
1137 2641 1203 2694 item
1217 2640 1313 2712 Radey
1327 2642 1401 2696 filius

155 2727 300 2800 Wlkou'oy
322 2747 371 2800 pro
391 2747 420 2783 se
439 2735 466 2784 et
485 2747 535 2800 pro
554 2731 636 2784 fratre
656 2742 706 2782 suo
725 2729 859 2794 Rouioua,
879 2730 944 2782 item
964 2728 1036 2782 Retk
1056 2727 1129 2782 tilius
1157 2728 1283 2784 Nenadai
1303 2729 1336 2784 dc
1355 2747 1401 2799 gc-

157 2835 222 2872 nerc
240 2817 327 2884 Rach,
346 2817 519 2871 vendiderint
538 2817 679 2887 Stephano
699 2817 769 2870 bano
788 2817 816 2868 in
836 2816 1063 2886 personaJacobi
1078 2818 1228 2872 sacerdotis
1251 2817 1401 2886 particulos

157 2913 291 2960 terrarum
311 2922 422 2958 siturum
442 2906 469 2958 in
488 2903 680 2973 Drozgomeeh
708 2921 757 2973 pro
786 2911 891 2972 septem
916 2905 1024 2970 marcis,
1049 2905 1165 2972 singulis
1191 2919 1253 2955 cum
1278 2903 1400 2972 quinque

160 2993 254 3062 pensis
273 2993 372 3046 denas
384 2992 602 3062 zagrabiensium
622 2993 795 3062 computatis.
816 2991 891 3046 inter
909 2997 996 3046 metas
1016 2992 1121 3044 occurit
1134 2988 1269 3060 quaedam
1287 2989 1401 3058 antiqua

158 3081 210 3148 via,
231 3081 374 3149 praedium
393 3079 498 3150 Radcy,
517 3079 618 3133 dumus
636 3079 849 3149 Zyvibougrum,
870 3079 988 3148 quedam
1013 3077 1108 3132 miska
1132 3085 1159 3132 et
1183 3077 1282 3130 fluvius
1307 3075 1398 3146 Maya.

210 3168 335 3221 Tituic'ic':
355 3169 434 3221 Mori.
454 3168 532 3222 Hist.
550 3169 574 3222 1.
590 3185 619 3236 p.
640 3171 699 3220 233.

206 3308 342 3362 MDLVI.
362 3309 502 3364 venetiis.
521 3311 596 3361 1294.
616 3313 639 3362 9.
660 3308 834 3376 Septembris.
854 3308 953 3362 Petrus
967 3305 1123 3362 Gradenico
1142 3305 1198 3359 dux
1216 3305 1398 3360 venetiarum

152 3397 238 3450 nobili
258 3398 316 3450 viro
335 3397 457 3451 Thomae
476 3397 604 3450 Michueii
625 3397 659 3451 de
678 3414 728 3451 suo
747 3396 877 3450 mandato
891 3395 1083 3448 ambasciatori
1102 3393 1136 3444 ad
1156 3394 1272 3444 comites
1291 3393 1398 3460 Vegiac

153 3485 274 3549 mandat,
294 3502 357 3538 cum
377 3484 455 3538 illum
480 3485 585 3538 miserit
603 3485 638 3538 nd
657 3483 848 3552 accipiendum
873 3483 1012 3550 lignamen
1039 3479 1111 3549 quod
1137 3477 1326 3532 Januensibus
1349 3495 1398 3548 per

155 3572 299 3642 Segnanos
318 3573 445 3637 tiabatur,
465 3589 519 3625 non
539 3579 570 3626 ut
588 3571 679 3641 ipsum
698 3571 810 3624 haberet
829 3569 877 3622 sed
897 3567 986 3620 solum
1012 3575 1043 3620 ut
1065 3564 1220 3620 Januenses
1238 3555 1331 3636 ipsum
1350 3565 1397 3619 ha·

151 3661 215 3714 bere
234 3678 288 3715 non
309 3661 423 3730 possint,
441 3665 469 3714 et
488 3661 602 3712 comites
621 3667 648 3712 et
667 3659 719 3728 ipsi
739 3656 858 3726 Segnani
872 3673 926 3710 non
946 3655 1061 3708 feceriut
1074 3653 1143 3706 illud
1156 3653 1230 3723 quod
1251 3653 1396 3720 debebant,

153 3749 192 3801 its
211 3748 287 3817 quod
306 3749 384 3801 navis
402 3747 584 3802 Janueusium
605 3763 667 3799 cum
688 3745 836 3814 lignamine
855 3759 888 3796 ac
906 3741 993 3812 galeis
1018 3741 1137 3806 recessit,
1157 3749 1188 3794 ut
1206 3755 1261 3792 non
1287 3747 1396 3810 oportet

153 3835 177 3888 ci
198 3835 232 3889 de
251 3836 327 3904 ligno
347 3834 451 3904 aliquid
472 3834 604 3904 accipere,
624 3833 672 3887 sed
692 3834 713 3886 si
734 3831 838 3901 aliquid
857 3831 891 3884 de
911 3830 972 3883 navi
986 3829 1154 3892 remanserit,
1168 3828 1287 3898 accipiat
1306 3828 1395 3881 solum

147 3921 216 3976 illud
236 3923 310 3992 quod
329 3922 521 3976 convenienter
538 3937 595 3975 non
614 3929 707 3991 posset
726 3936 825 3990 negare
844 3926 870 3973 et
890 3917 983 3972 redeat
1002 3917 1143 3970 Venetiae.

202 4009 318 4076 Ljubr'c‘:
337 4011 522 4063 silenum-ento
541 4010 565 4062 Ι.
581 4027 611 4077 p.
631 4013 688 4061 1⁸7.

202 4149 352 4204 MDLVII.
371 4149 544 4219 Zaqrabiac.
564 4153 638 4202 reat.
659 4153 699 4202 16.
724 4150 854 4200 (tetuinus.
875 4147 1036 4216 Capitulum
1050 4146 1182 4198 ecclesiae
1202 4143 1395 4211 Zagrabiensis

152 4237 298 4306 signifieat,
318 4238 392 4307 quod
412 4239 514 4304 Dntsk,
533 4238 632 4291 Petrus
651 4245 678 4291 et
697 4237 801 4290 Vincer
820 4237 867 4288 tilii
888 4234 1019 4302 Stephani
1043 4231 1214 4286 vendiderint
1233 4230 1316 4284 nobili
1336 4230 1395 4283 viro

151 4323 293 4394 Stephano
312 4325 384 4378 bauo
404 4327 431 4380 in
451 4341 569 4394 persona
595 4325 675 4376 Mark
700 4324 748 4376 filii
777 4323 912 4392 Descych,
941 4327 1040 4374 terram
1066 4337 1144 4373 suarn
1169 4321 1196 4372 in
1222 4317 1314 4386 Turyu
1339 4318 1394 4370 exi·

146 4419 264 4466 stentem
283 4427 300 4464 a
319 4412 463 4476 chhizlo,
491 4411 650 4481 Dimyutha,
678 4411 780 4465 Beloca
803 4411 866 4464 filiis
892 4409 1005 4473 Ouetan,
1026 4408 1135 4461 Craban
1163 4407 1219 4459 filio
1239 4405 1392 4474 Brocyunn,

148 4497 304 4553 Strestrona
323 4500 380 4553 tilio
399 4499 530 4552 Gordoan
551 4506 578 4550 et
596 4497 709 4552 Wlirina
728 4498 785 4552 filio
803 4497 889 4566 Ropo.
909 4511 959 4548 nec
978 4512 1033 4548 non
1052 4493 1159 4548 vineam
1179 4509 1258 4546 suam
1276 4492 1303 4546 in
1322 4499 1394 4546 terra

148 4585 287 4640 Zavarcha
305 4587 468 4640 existentem
487 4593 677 4654 comparatas3
697 4587 762 4639 item
786 4593 892 4649 terram,
912 4600 994 4652 quam
1021 4582 1111 4636 dictus
1130 4579 1222 4634 Drask
1242 4597 1258 4632 a
1282 4578 1340 4632 Bau
1366 4587 1393 4632 et

148 4673 308 4728 Alexandro
326 4674 390 4728 filiis
408 4674 518 4743 luanus,
539 4673 660 4745 Wlkoyn
679 4673 736 4728 filio
754 4672 863 4740 Mosila,
883 4677 910 4726 et
929 4670 1050 4726 Martino
1069 4671 1126 4724 fflio
1145 4668 1262 4724 Radona
1281 4681 1392 4737 compa·
