<?xml version="1.0" encoding="UTF-8"?>
<!DOCTYPE html PUBLIC "-//W3C//DTD XHTML 1.0 Transitional//EN"
    "http://www.w3.org/TR/xhtml1/DTD/xhtml1-transitional.dtd">
<html xmlns="http://www.w3.org/1999/xhtml" xml:lang="en" lang="en">
 <head>
  <title>
</title>
<meta http-equiv="Content-Type" content="text/html;charset=utf-8" />
  <meta name='ocr-system' content='tesseract 3.04.00' />
  <meta name='ocr-capabilities' content='ocr_page ocr_carea ocr_par ocr_line ocrx_word'/>
</head>
<body>
  <div class='ocr_page' id='page_1' title='image "./regestadocument00sakcgoog_0288.png"; bbox 0 0 3480 5356; ppageno 0'>
   <div class='ocr_carea' id='block_1_1' title="bbox 331 371 1071 457">
    <p class='ocr_par' dir='ltr' id='par_1_1' title="bbox 331 371 1071 457">
     <span class='ocr_line' id='line_1_1' title="bbox 331 371 1071 457; baseline 0.001 -17"><span class='ocrx_word' id='word_1_1' title='bbox 331 371 396 442; x_wconf 79' lang='lat'><strong>282</strong></span> <span class='ocrx_word' id='word_1_2' title='bbox 832 395 853 438; x_wconf 93' lang='lat'><strong>1.</strong></span> <span class='ocrx_word' id='word_1_3' title='bbox 873 381 1071 457; x_wconf 68' lang='lat' dir='ltr'><strong>nummasio,</strong></span> 
     </span>
    </p>
   </div>
   <div class='ocr_carea' id='block_1_2' title="bbox 328 556 1574 890">
    <p class='ocr_par' dir='ltr' id='par_1_2' title="bbox 330 556 1574 633">
     <span class='ocr_line' id='line_1_2' title="bbox 330 556 1574 633; baseline -0.002 -15"><span class='ocrx_word' id='word_1_4' title='bbox 330 577 402 633; x_wconf 89' lang='lat' dir='ltr'><strong>quae</strong></span> <span class='ocrx_word' id='word_1_5' title='bbox 429 565 555 616; x_wconf 72' lang='lat' dir='ltr'><strong>semmei</strong></span> <span class='ocrx_word' id='word_1_6' title='bbox 577 559 615 616; x_wconf 90' lang='lat' dir='ltr'><strong>ab</strong></span> <span class='ocrx_word' id='word_1_7' title='bbox 639 559 752 617; x_wconf 77' lang='lat' dir='ltr'><strong>oriente</strong></span> <span class='ocrx_word' id='word_1_8' title='bbox 775 558 892 616; x_wconf 86' lang='lat' dir='ltr'><strong>Habent</strong></span> <span class='ocrx_word' id='word_1_9' title='bbox 914 560 997 616; x_wconf 86' lang='lat' dir='ltr'><strong>etiam</strong></span> <span class='ocrx_word' id='word_1_10' title='bbox 1023 564 1245 617; x_wconf 84' lang='lat' dir='ltr'><strong>commetanenm</strong></span> <span class='ocrx_word' id='word_1_11' title='bbox 1270 559 1299 615; x_wconf 91' lang='lat' dir='ltr'><strong>in</strong></span> <span class='ocrx_word' id='word_1_12' title='bbox 1323 556 1446 630; x_wconf 88' lang='lat' dir='ltr'><strong>quodam</strong></span> <span class='ocrx_word' id='word_1_13' title='bbox 1470 559 1574 632; x_wconf 74' lang='lat' dir='ltr'><strong>angulo</strong></span> 
     </span>
    </p>

    <p class='ocr_par' dir='ltr' id='par_1_3' title="bbox 330 645 1574 720">
     <span class='ocr_line' id='line_1_3' title="bbox 330 645 1574 720; baseline 0.002 -18"><span class='ocrx_word' id='word_1_14' title='bbox 330 649 494 720; x_wconf 86' lang='lat' dir='ltr'><strong>episcopum</strong></span> <span class='ocrx_word' id='word_1_15' title='bbox 512 646 548 702; x_wconf 91' lang='lat' dir='ltr'><strong>de</strong></span> <span class='ocrx_word' id='word_1_16' title='bbox 566 647 611 702; x_wconf 81' lang='lat' dir='ltr'><strong>Kb</strong></span> <span class='ocrx_word' id='word_1_17' title='bbox 629 645 839 715; x_wconf 72' lang='lat' dir='ltr'>(sirmiensem),</span> <span class='ocrx_word' id='word_1_18' title='bbox 862 645 899 701; x_wconf 92' lang='lat' dir='ltr'><strong>ab</strong></span> <span class='ocrx_word' id='word_1_19' title='bbox 923 647 1066 704; x_wconf 90' lang='lat' dir='ltr'><strong>occidente</strong></span> <span class='ocrx_word' id='word_1_20' title='bbox 1090 646 1198 703; x_wconf 88' lang='lat' dir='ltr'><strong>nobiles</strong></span> <span class='ocrx_word' id='word_1_21' title='bbox 1217 646 1253 703; x_wconf 91' lang='lat' dir='ltr'><strong>de</strong></span> <span class='ocrx_word' id='word_1_22' title='bbox 1270 645 1408 718; x_wconf 75' lang='lat' dir='ltr'><strong>Scylbach</strong></span> <span class='ocrx_word' id='word_1_23' title='bbox 1432 647 1469 702; x_wconf 90' lang='lat' dir='ltr'><strong>ab</strong></span> <span class='ocrx_word' id='word_1_24' title='bbox 1493 649 1574 719; x_wconf 88' lang='lat' dir='ltr'><strong>aqui·</strong></span> 
     </span>
    </p>

    <p class='ocr_par' dir='ltr' id='par_1_4' title="bbox 328 732 1573 890">
     <span class='ocr_line' id='line_1_4' title="bbox 328 732 1573 806; baseline 0.002 -16"><span class='ocrx_word' id='word_1_25' title='bbox 328 736 394 790; x_wconf 93' lang='lat' dir='ltr'><strong>lone</strong></span> <span class='ocrx_word' id='word_1_26' title='bbox 412 751 478 792; x_wconf 85' lang='lat' dir='ltr'><strong>vero</strong></span> <span class='ocrx_word' id='word_1_27' title='bbox 496 733 639 790; x_wconf 88' lang='lat' dir='ltr'><strong>abbatiam</strong></span> <span class='ocrx_word' id='word_1_28' title='bbox 657 732 742 788; x_wconf 86' lang='lat' dir='ltr'><strong>Belus</strong></span> <span class='ocrx_word' id='word_1_29' title='bbox 759 733 845 789; x_wconf 83' lang='lat' dir='ltr'><strong>fontis</strong></span> <span class='ocrx_word' id='word_1_30' title='bbox 863 749 927 790; x_wconf 88' lang='lat' dir='ltr'><strong>cum</strong></span> <span class='ocrx_word' id='word_1_31' title='bbox 946 733 1004 790; x_wconf 89' lang='lat' dir='ltr'><strong>suis</strong></span> <span class='ocrx_word' id='word_1_32' title='bbox 1023 734 1103 790; x_wconf 83' lang='lat' dir='ltr'><strong>terris</strong></span> <span class='ocrx_word' id='word_1_33' title='bbox 1121 733 1245 802; x_wconf 83' lang='lat' dir='ltr'><strong>Buohhe,</strong></span> <span class='ocrx_word' id='word_1_34' title='bbox 1263 733 1398 806; x_wconf 84' lang='lat' dir='ltr'><strong>Pyrusde,</strong></span> <span class='ocrx_word' id='word_1_35' title='bbox 1411 740 1439 790; x_wconf 92' lang='lat' dir='ltr'><strong>et</strong></span> <span class='ocrx_word' id='word_1_36' title='bbox 1450 736 1573 792; x_wconf 80' lang='lat' dir='ltr'><strong>Aranau.</strong></span> 
     </span>
     <span class='ocr_line' id='line_1_5' title="bbox 381 819 1043 890; baseline -0.002 -13"><span class='ocrx_word' id='word_1_37' title='bbox 381 820 483 890; x_wconf 60' lang='grc' dir='ltr'><strong>Μαι</strong></span> <span class='ocrx_word' id='word_1_38' title='bbox 503 821 567 878; x_wconf 77' lang='lat' dir='ltr'><strong>(iod.</strong></span> <span class='ocrx_word' id='word_1_39' title='bbox 586 821 655 890; x_wconf 85' lang='lat' dir='ltr'><strong>dipl.</strong></span> <span class='ocrx_word' id='word_1_40' title='bbox 676 819 705 876; x_wconf 84' lang='lat' dir='ltr'><strong>T.</strong></span> <span class='ocrx_word' id='word_1_41' title='bbox 726 819 774 876; x_wconf 86' lang='lat' dir='ltr'><strong>IV.</strong></span> <span class='ocrx_word' id='word_1_42' title='bbox 793 819 846 876; x_wconf 85' lang='lat' dir='ltr'><strong>aei.</strong></span> <span class='ocrx_word' id='word_1_43' title='bbox 867 821 916 876; x_wconf 85' lang='grc' dir='ltr'><strong>ΠΙ.</strong></span> <span class='ocrx_word' id='word_1_44' title='bbox 933 835 963 890; x_wconf 82' lang='lat' dir='ltr'><strong>p.</strong></span> <span class='ocrx_word' id='word_1_45' title='bbox 981 823 1043 876; x_wconf 77' lang='lat'><em>416.</em></span> 
     </span>
    </p>
   </div>
   <div class='ocr_carea' id='block_1_3' title="bbox 323 959 1574 4278">
    <p class='ocr_par' dir='ltr' id='par_1_5' title="bbox 324 959 1574 3534">
     <span class='ocr_line' id='line_1_6' title="bbox 382 959 1573 1032; baseline -0.002 -14"><span class='ocrx_word' id='word_1_46' title='bbox 382 960 531 1018; x_wconf 70' lang='lat' dir='ltr'><strong>cmxiv.</strong></span> <span class='ocrx_word' id='word_1_47' title='bbox 559 959 699 1019; x_wconf 84' lang='lat' dir='ltr'><strong>Sibenioi.</strong></span> <span class='ocrx_word' id='word_1_48' title='bbox 723 963 803 1016; x_wconf 82' lang='lat'><strong><em>12⁶⁷.</em></strong></span> <span class='ocrx_word' id='word_1_49' title='bbox 823 959 920 1016; x_wconf 78' lang='lat' dir='ltr'><strong>Frater</strong></span> <span class='ocrx_word' id='word_1_50' title='bbox 937 959 1063 1016; x_wconf 87' lang='lat' dir='ltr'><strong>Joannes</strong></span> <span class='ocrx_word' id='word_1_51' title='bbox 1089 959 1315 1032; x_wconf 81' lang='lat' dir='ltr'><strong>archiepiscopus</strong></span> <span class='ocrx_word' id='word_1_52' title='bbox 1339 959 1513 1032; x_wconf 68' lang='lat' dir='ltr'><strong>spalatensis</strong></span> <span class='ocrx_word' id='word_1_53' title='bbox 1536 961 1573 1016; x_wconf 88' lang='lat' dir='ltr'><strong>ad</strong></span> 
     </span>
     <span class='ocr_line' id='line_1_7' title="bbox 329 1045 1574 1121; baseline -0.002 -15"><span class='ocrx_word' id='word_1_54' title='bbox 329 1047 492 1121; x_wconf 75' lang='lat' dir='ltr'><strong>petitionem</strong></span> <span class='ocrx_word' id='word_1_55' title='bbox 520 1047 688 1104; x_wconf 87' lang='lat' dir='ltr'><strong>(iulumbani</strong></span> <span class='ocrx_word' id='word_1_56' title='bbox 714 1046 905 1118; x_wconf 80' lang='lat' dir='ltr'><strong>Traguriensis</strong></span> <span class='ocrx_word' id='word_1_57' title='bbox 924 1047 1049 1119; x_wconf 86' lang='lat' dir='ltr'><strong>episcopi</strong></span> <span class='ocrx_word' id='word_1_58' title='bbox 1076 1045 1237 1103; x_wconf 83' lang='lat' dir='ltr'><strong>Sibenicum</strong></span> <span class='ocrx_word' id='word_1_59' title='bbox 1263 1046 1407 1116; x_wconf 86' lang='lat' dir='ltr'><strong>accedens,</strong></span> <span class='ocrx_word' id='word_1_60' title='bbox 1433 1049 1501 1119; x_wconf 91' lang='lat' dir='ltr'><strong>quia</strong></span> <span class='ocrx_word' id='word_1_61' title='bbox 1517 1049 1574 1104; x_wconf 90' lang='lat' dir='ltr'><strong>cla·</strong></span> 
     </span>
     <span class='ocr_line' id='line_1_8' title="bbox 328 1131 1573 1206; baseline 0.002 -16"><span class='ocrx_word' id='word_1_62' title='bbox 328 1151 390 1191; x_wconf 91' lang='lat' dir='ltr'><strong>mor</strong></span> <span class='ocrx_word' id='word_1_63' title='bbox 407 1141 436 1192; x_wconf 87' lang='lat' dir='ltr'><strong>et</strong></span> <span class='ocrx_word' id='word_1_64' title='bbox 453 1139 530 1190; x_wconf 80' lang='lat' dir='ltr'><strong>ianua</strong></span> <span class='ocrx_word' id='word_1_65' title='bbox 547 1133 583 1190; x_wconf 88' lang='lat' dir='ltr'><strong>de</strong></span> <span class='ocrx_word' id='word_1_66' title='bbox 606 1132 768 1190; x_wconf 75' lang='lat' dir='ltr'><strong>excessibus</strong></span> <span class='ocrx_word' id='word_1_67' title='bbox 786 1131 948 1189; x_wconf 85' lang='lat' dir='ltr'><strong>clericorum</strong></span> <span class='ocrx_word' id='word_1_68' title='bbox 972 1133 1075 1189; x_wconf 88' lang='lat' dir='ltr'><strong>ibidem</strong></span> <span class='ocrx_word' id='word_1_69' title='bbox 1093 1133 1273 1189; x_wconf 86' lang='lat' dir='ltr'><strong>residentium</strong></span> <span class='ocrx_word' id='word_1_70' title='bbox 1291 1133 1327 1189; x_wconf 90' lang='lat' dir='ltr'><strong>ad</strong></span> <span class='ocrx_word' id='word_1_71' title='bbox 1351 1149 1416 1190; x_wconf 90' lang='lat' dir='ltr'><strong>eum</strong></span> <span class='ocrx_word' id='word_1_72' title='bbox 1439 1135 1573 1206; x_wconf 63' lang='lat' dir='ltr'><strong>maeuii,</strong></span> 
     </span>
     <span class='ocr_line' id='line_1_9' title="bbox 329 1219 1574 1293; baseline -0.001 -15"><span class='ocrx_word' id='word_1_73' title='bbox 329 1238 423 1278; x_wconf 87' lang='lat' dir='ltr'><strong>eoram</strong></span> <span class='ocrx_word' id='word_1_74' title='bbox 450 1222 584 1293; x_wconf 89' lang='lat' dir='ltr'><strong>episeopo</strong></span> <span class='ocrx_word' id='word_1_75' title='bbox 608 1220 786 1291; x_wconf 76' lang='lat' dir='ltr'><strong>Tragrrriensi</strong></span> <span class='ocrx_word' id='word_1_76' title='bbox 813 1225 841 1274; x_wconf 89' lang='lat' dir='ltr'><strong>et</strong></span> <span class='ocrx_word' id='word_1_77' title='bbox 866 1219 1001 1276; x_wconf 83' lang='lat' dir='ltr'><strong>Phsrensi</strong></span> <span class='ocrx_word' id='word_1_78' title='bbox 1030 1236 1082 1276; x_wconf 88' lang='lat' dir='ltr'><strong>nec</strong></span> <span class='ocrx_word' id='word_1_79' title='bbox 1111 1236 1168 1276; x_wconf 91' lang='lat' dir='ltr'><strong>non</strong></span> <span class='ocrx_word' id='word_1_80' title='bbox 1192 1220 1406 1277; x_wconf 85' lang='lat' dir='ltr'><strong>Bartholomseo</strong></span> <span class='ocrx_word' id='word_1_81' title='bbox 1429 1220 1574 1291; x_wconf 84' lang='lat' dir='ltr'><strong>quondam</strong></span> 
     </span>
     <span class='ocr_line' id='line_1_10' title="bbox 330 1305 1572 1378; baseline -0.002 -12"><span class='ocrx_word' id='word_1_82' title='bbox 330 1307 516 1366; x_wconf 78' lang='lat' dir='ltr'><strong>Scardonensi</strong></span> <span class='ocrx_word' id='word_1_83' title='bbox 534 1313 562 1363; x_wconf 90' lang='lat' dir='ltr'><strong>et</strong></span> <span class='ocrx_word' id='word_1_84' title='bbox 579 1307 712 1363; x_wconf 85' lang='lat' dir='ltr'><strong>iratribus</strong></span> <span class='ocrx_word' id='word_1_85' title='bbox 730 1305 765 1362; x_wconf 86' lang='lat' dir='ltr'><strong>G.</strong></span> <span class='ocrx_word' id='word_1_86' title='bbox 783 1305 885 1362; x_wconf 86' lang='lat' dir='ltr'><strong>abbate</strong></span> <span class='ocrx_word' id='word_1_87' title='bbox 898 1305 927 1362; x_wconf 82' lang='lat' dir='ltr'><strong>S.</strong></span> <span class='ocrx_word' id='word_1_88' title='bbox 940 1305 1075 1377; x_wconf 75' lang='lat' dir='ltr'><strong>Stephani</strong></span> <span class='ocrx_word' id='word_1_89' title='bbox 1092 1305 1128 1362; x_wconf 89' lang='lat' dir='ltr'><strong>de</strong></span> <span class='ocrx_word' id='word_1_90' title='bbox 1146 1305 1271 1378; x_wconf 78' lang='lat' dir='ltr'><strong>spalato.</strong></span> <span class='ocrx_word' id='word_1_91' title='bbox 1285 1313 1313 1362; x_wconf 88' lang='lat' dir='ltr'><strong>et</strong></span> <span class='ocrx_word' id='word_1_92' title='bbox 1327 1307 1572 1366; x_wconf 85' lang='lat' dir='ltr'><strong>Praedicatoribus</strong></span> 
     </span>
     <span class='ocr_line' id='line_1_11' title="bbox 328 1393 1573 1466; baseline -0.001 -15"><span class='ocrx_word' id='word_1_93' title='bbox 328 1401 359 1452; x_wconf 92' lang='lat' dir='ltr'><strong>et</strong></span> <span class='ocrx_word' id='word_1_94' title='bbox 376 1395 548 1464; x_wconf 82' lang='lat' dir='ltr'><strong>miesenbus,</strong></span> <span class='ocrx_word' id='word_1_95' title='bbox 567 1396 710 1451; x_wconf 75' lang='lat' dir='ltr'><strong>rentatem</strong></span> <span class='ocrx_word' id='word_1_96' title='bbox 728 1393 875 1464; x_wconf 77' lang='lat' dir='ltr'><strong>diligenter</strong></span> <span class='ocrx_word' id='word_1_97' title='bbox 901 1393 967 1450; x_wconf 86' lang='lat' dir='ltr'><strong>iecit</strong></span> <span class='ocrx_word' id='word_1_98' title='bbox 991 1393 1165 1464; x_wconf 83' lang='lat' dir='ltr'><strong>perscrutari,</strong></span> <span class='ocrx_word' id='word_1_99' title='bbox 1184 1399 1212 1448; x_wconf 89' lang='lat' dir='ltr'><strong>et</strong></span> <span class='ocrx_word' id='word_1_100' title='bbox 1229 1395 1328 1465; x_wconf 90' lang='lat' dir='ltr'><strong>culpas</strong></span> <span class='ocrx_word' id='word_1_101' title='bbox 1352 1395 1461 1466; x_wconf 84' lang='lat' dir='ltr'><strong>punivit</strong></span> <span class='ocrx_word' id='word_1_102' title='bbox 1482 1393 1573 1450; x_wconf 91' lang='lat' dir='ltr'><strong>delin-</strong></span> 
     </span>
     <span class='ocr_line' id='line_1_12' title="bbox 327 1479 1573 1555; baseline -0.003 -15"><span class='ocrx_word' id='word_1_103' title='bbox 327 1483 480 1555; x_wconf 84' lang='lat' dir='ltr'><strong>quentium.</strong></span> <span class='ocrx_word' id='word_1_104' title='bbox 498 1483 637 1555; x_wconf 83' lang='lat' dir='ltr'><strong>Imprimis</strong></span> <span class='ocrx_word' id='word_1_105' title='bbox 665 1479 887 1553; x_wconf 67' lang='lat' dir='ltr'><strong>archipresbyter</strong></span> <span class='ocrx_word' id='word_1_106' title='bbox 913 1479 976 1548; x_wconf 91' lang='lat' dir='ltr'><strong>loci,</strong></span> <span class='ocrx_word' id='word_1_107' title='bbox 1004 1479 1080 1550; x_wconf 91' lang='lat' dir='ltr'><strong>quod</strong></span> <span class='ocrx_word' id='word_1_108' title='bbox 1103 1480 1189 1550; x_wconf 81' lang='lat' dir='ltr'><strong>longo</strong></span> <span class='ocrx_word' id='word_1_109' title='bbox 1213 1485 1338 1552; x_wconf 83' lang='lat' dir='ltr'><strong>tempore</strong></span> <span class='ocrx_word' id='word_1_110' title='bbox 1361 1482 1450 1538; x_wconf 86' lang='lat' dir='ltr'><strong>tenuit</strong></span> <span class='ocrx_word' id='word_1_111' title='bbox 1471 1496 1573 1537; x_wconf 90' lang='lat' dir='ltr'><strong>concn-</strong></span> 
     </span>
     <span class='ocr_line' id='line_1_13' title="bbox 329 1567 1573 1642; baseline -0.002 -16"><span class='ocrx_word' id='word_1_112' title='bbox 329 1572 432 1640; x_wconf 83' lang='lat' dir='ltr'><strong>binam,</strong></span> <span class='ocrx_word' id='word_1_113' title='bbox 449 1576 478 1627; x_wconf 88' lang='lat' dir='ltr'><strong>et</strong></span> <span class='ocrx_word' id='word_1_114' title='bbox 495 1571 562 1642; x_wconf 86' lang='lat' dir='ltr'><strong>quia</strong></span> <span class='ocrx_word' id='word_1_115' title='bbox 585 1587 641 1626; x_wconf 90' lang='lat' dir='ltr'><strong>non</strong></span> <span class='ocrx_word' id='word_1_116' title='bbox 660 1569 780 1636; x_wconf 73' lang='lat' dir='ltr'><strong>evitant,</strong></span> <span class='ocrx_word' id='word_1_117' title='bbox 795 1567 1054 1623; x_wconf 84' lang='lat' dir='ltr'><strong>excommunicatus</strong></span> <span class='ocrx_word' id='word_1_118' title='bbox 1083 1583 1132 1639; x_wconf 89' lang='lat' dir='ltr'><strong>per</strong></span> <span class='ocrx_word' id='word_1_119' title='bbox 1155 1567 1317 1638; x_wconf 88' lang='lat' dir='ltr'><strong>episcopum</strong></span> <span class='ocrx_word' id='word_1_120' title='bbox 1342 1583 1433 1635; x_wconf 91' lang='lat' dir='ltr'><strong>suum,</strong></span> <span class='ocrx_word' id='word_1_121' title='bbox 1457 1567 1573 1624; x_wconf 89' lang='lat' dir='ltr'><strong>elericos</strong></span> 
     </span>
     <span class='ocr_line' id='line_1_14' title="bbox 326 1653 1573 1723; baseline -0.003 -9"><span class='ocrx_word' id='word_1_122' title='bbox 326 1658 459 1714; x_wconf 83' lang='lat' dir='ltr'><strong>sustinuit</strong></span> <span class='ocrx_word' id='word_1_123' title='bbox 476 1659 505 1713; x_wconf 92' lang='lat' dir='ltr'><strong>in</strong></span> <span class='ocrx_word' id='word_1_124' title='bbox 523 1657 609 1712; x_wconf 78' lang='lat' dir='ltr'><strong>seoda</strong></span> <span class='ocrx_word' id='word_1_125' title='bbox 627 1655 771 1712; x_wconf 86' lang='lat' dir='ltr'><strong>ordinibus</strong></span> <span class='ocrx_word' id='word_1_126' title='bbox 795 1653 962 1710; x_wconf 75' lang='lat' dir='ltr'><strong>eousutntos</strong></span> <span class='ocrx_word' id='word_1_127' title='bbox 996 1653 1158 1710; x_wconf 78' lang='lat' dir='ltr'><strong>conuehere</strong></span> <span class='ocrx_word' id='word_1_128' title='bbox 1181 1653 1401 1709; x_wconf 76' lang='lat' dir='ltr'><strong>matrimonium:</strong></span> <span class='ocrx_word' id='word_1_129' title='bbox 1426 1655 1501 1723; x_wconf 77' lang='lat' dir='ltr'><strong>Quis</strong></span> <span class='ocrx_word' id='word_1_130' title='bbox 1524 1670 1573 1710; x_wconf 87' lang='lat' dir='ltr'><strong>an·</strong></span> 
     </span>
     <span class='ocr_line' id='line_1_15' title="bbox 329 1739 1573 1816; baseline -0.003 -15"><span class='ocrx_word' id='word_1_131' title='bbox 329 1745 436 1816; x_wconf 88' lang='lat' dir='ltr'><strong>tiquam</strong></span> <span class='ocrx_word' id='word_1_132' title='bbox 454 1741 684 1800; x_wconf 76' lang='lat' dir='ltr'><strong>consuetudinem</strong></span> <span class='ocrx_word' id='word_1_133' title='bbox 701 1741 737 1797; x_wconf 92' lang='lat' dir='ltr'><strong>de</strong></span> <span class='ocrx_word' id='word_1_134' title='bbox 755 1741 860 1812; x_wconf 83' lang='lat' dir='ltr'><strong>nuptiis</strong></span> <span class='ocrx_word' id='word_1_135' title='bbox 881 1757 937 1797; x_wconf 94' lang='lat' dir='ltr'><strong>non</strong></span> <span class='ocrx_word' id='word_1_136' title='bbox 957 1741 1084 1797; x_wconf 79' lang='lat' dir='ltr'><strong>servarit</strong></span> <span class='ocrx_word' id='word_1_137' title='bbox 1102 1741 1139 1796; x_wconf 87' lang='lat' dir='ltr'><strong>Et</strong></span> <span class='ocrx_word' id='word_1_138' title='bbox 1157 1741 1223 1811; x_wconf 87' lang='lat' dir='ltr'><strong>quia</strong></span> <span class='ocrx_word' id='word_1_139' title='bbox 1243 1741 1307 1796; x_wconf 91' lang='lat' dir='ltr'><strong>illos</strong></span> <span class='ocrx_word' id='word_1_140' title='bbox 1330 1741 1378 1812; x_wconf 88' lang='lat' dir='ltr'><strong>qui</strong></span> <span class='ocrx_word' id='word_1_141' title='bbox 1400 1739 1527 1798; x_wconf 88' lang='lat' dir='ltr'><strong>incidunt</strong></span> <span class='ocrx_word' id='word_1_142' title='bbox 1543 1741 1573 1797; x_wconf 91' lang='lat' dir='ltr'><strong>in</strong></span> 
     </span>
     <span class='ocr_line' id='line_1_16' title="bbox 328 1825 1572 1902; baseline -0.002 -15"><span class='ocrx_word' id='word_1_143' title='bbox 328 1847 464 1887; x_wconf 89' lang='lat' dir='ltr'><strong>canonem</strong></span> <span class='ocrx_word' id='word_1_144' title='bbox 482 1846 534 1902; x_wconf 92' lang='lat' dir='ltr'><strong>pro</strong></span> <span class='ocrx_word' id='word_1_145' title='bbox 555 1829 732 1886; x_wconf 89' lang='lat' dir='ltr'><strong>absolutione</strong></span> <span class='ocrx_word' id='word_1_146' title='bbox 750 1827 785 1883; x_wconf 87' lang='lat' dir='ltr'><strong>sd</strong></span> <span class='ocrx_word' id='word_1_147' title='bbox 804 1828 968 1899; x_wconf 86' lang='lat' dir='ltr'><strong>episcopum</strong></span> <span class='ocrx_word' id='word_1_148' title='bbox 986 1828 1026 1883; x_wconf 88' lang='lat' dir='ltr'><strong>ire</strong></span> <span class='ocrx_word' id='word_1_149' title='bbox 1043 1844 1100 1884; x_wconf 90' lang='lat' dir='ltr'><strong>non</strong></span> <span class='ocrx_word' id='word_1_150' title='bbox 1117 1825 1431 1900; x_wconf 87' lang='lat' dir='ltr'><strong>compnllitJejunabit</strong></span> <span class='ocrx_word' id='word_1_151' title='bbox 1448 1833 1572 1900; x_wconf 85' lang='lat' dir='ltr'><strong>perires</strong></span> 
     </span>
     <span class='ocr_line' id='line_1_17' title="bbox 330 1914 1572 1986; baseline -0.002 -13"><span class='ocrx_word' id='word_1_152' title='bbox 330 1933 420 1974; x_wconf 90' lang='lat' dir='ltr'><strong>annos</strong></span> <span class='ocrx_word' id='word_1_153' title='bbox 438 1933 536 1972; x_wconf 87' lang='lat' dir='ltr'><strong>ornnes</strong></span> <span class='ocrx_word' id='word_1_154' title='bbox 555 1920 650 1972; x_wconf 86' lang='lat' dir='ltr'><strong>sextas</strong></span> <span class='ocrx_word' id='word_1_155' title='bbox 668 1915 751 1971; x_wconf 83' lang='lat' dir='ltr'><strong>ferias</strong></span> <span class='ocrx_word' id='word_1_156' title='bbox 768 1915 796 1970; x_wconf 91' lang='lat' dir='ltr'><strong>in</strong></span> <span class='ocrx_word' id='word_1_157' title='bbox 816 1931 888 1986; x_wconf 89' lang='lat' dir='ltr'><strong>pane</strong></span> <span class='ocrx_word' id='word_1_158' title='bbox 910 1921 938 1970; x_wconf 88' lang='lat' dir='ltr'><strong>et</strong></span> <span class='ocrx_word' id='word_1_159' title='bbox 961 1931 1035 1984; x_wconf 88' lang='lat' dir='ltr'><strong>equa</strong></span> <span class='ocrx_word' id='word_1_160' title='bbox 1059 1919 1087 1970; x_wconf 90' lang='lat' dir='ltr'><strong>et</strong></span> <span class='ocrx_word' id='word_1_161' title='bbox 1110 1914 1242 1986; x_wconf 87' lang='lat' dir='ltr'><strong>supendit</strong></span> <span class='ocrx_word' id='word_1_162' title='bbox 1264 1916 1358 1985; x_wconf 90' lang='lat' dir='ltr'><strong>ipsum</strong></span> <span class='ocrx_word' id='word_1_163' title='bbox 1381 1914 1418 1970; x_wconf 88' lang='lat' dir='ltr'><strong>ab</strong></span> <span class='ocrx_word' id='word_1_164' title='bbox 1441 1915 1572 1974; x_wconf 86' lang='lat' dir='ltr'><strong>omnibus</strong></span> 
     </span>
     <span class='ocr_line' id='line_1_18' title="bbox 328 2000 1570 2076; baseline -0.001 -17"><span class='ocrx_word' id='word_1_165' title='bbox 328 2003 468 2060; x_wconf 88' lang='lat' dir='ltr'><strong>beneficiis</strong></span> <span class='ocrx_word' id='word_1_166' title='bbox 486 2019 536 2076; x_wconf 90' lang='lat' dir='ltr'><strong>per</strong></span> <span class='ocrx_word' id='word_1_167' title='bbox 554 2019 668 2070; x_wconf 76' lang='lat' dir='ltr'><strong>mcum,</strong></span> <span class='ocrx_word' id='word_1_168' title='bbox 686 2001 723 2058; x_wconf 89' lang='lat' dir='ltr'><strong>ab</strong></span> <span class='ocrx_word' id='word_1_169' title='bbox 741 2001 843 2066; x_wconf 82' lang='lat' dir='ltr'><strong>officio,</strong></span> <span class='ocrx_word' id='word_1_170' title='bbox 864 2018 953 2072; x_wconf 88' lang='lat' dir='ltr'><strong>usque</strong></span> <span class='ocrx_word' id='word_1_171' title='bbox 972 2000 1009 2056; x_wconf 92' lang='lat' dir='ltr'><strong>ad</strong></span> <span class='ocrx_word' id='word_1_172' title='bbox 1027 2001 1133 2072; x_wconf 87' lang='lat' dir='ltr'><strong>pascha</strong></span> <span class='ocrx_word' id='word_1_173' title='bbox 1155 2001 1297 2057; x_wconf 83' lang='lat' dir='ltr'><strong>inclusive.</strong></span> <span class='ocrx_word' id='word_1_174' title='bbox 1311 2031 1344 2043; x_wconf 90' lang='lat'>-</span> <span class='ocrx_word' id='word_1_175' title='bbox 1363 2001 1435 2058; x_wconf 93' lang='lat' dir='ltr'><strong>Item</strong></span> <span class='ocrx_word' id='word_1_176' title='bbox 1454 2000 1570 2058; x_wconf 83' lang='lat' dir='ltr'><strong>abbates</strong></span> 
     </span>
     <span class='ocr_line' id='line_1_19' title="bbox 327 2087 1574 2159; baseline -0.001 -14"><span class='ocrx_word' id='word_1_177' title='bbox 327 2091 357 2145; x_wconf 86' lang='lat' dir='ltr'><strong>S.</strong></span> <span class='ocrx_word' id='word_1_178' title='bbox 375 2089 485 2146; x_wconf 78' lang='lat' dir='ltr'><strong>Nicolai</strong></span> <span class='ocrx_word' id='word_1_179' title='bbox 503 2093 531 2145; x_wconf 90' lang='lat' dir='ltr'><strong>et</strong></span> <span class='ocrx_word' id='word_1_180' title='bbox 549 2089 578 2145; x_wconf 85' lang='lat' dir='ltr'><strong>S.</strong></span> <span class='ocrx_word' id='word_1_181' title='bbox 597 2088 703 2144; x_wconf 81' lang='lat' dir='ltr'><strong>Mariae</strong></span> <span class='ocrx_word' id='word_1_182' title='bbox 729 2088 765 2144; x_wconf 91' lang='lat' dir='ltr'><strong>de</strong></span> <span class='ocrx_word' id='word_1_183' title='bbox 789 2088 886 2144; x_wconf 87' lang='lat' dir='ltr'><strong>insula</strong></span> <span class='ocrx_word' id='word_1_184' title='bbox 914 2088 981 2159; x_wconf 89' lang='lat' dir='ltr'><strong>quia</strong></span> <span class='ocrx_word' id='word_1_185' title='bbox 1002 2103 1100 2144; x_wconf 90' lang='lat' dir='ltr'><strong>carnes</strong></span> <span class='ocrx_word' id='word_1_186' title='bbox 1122 2087 1303 2145; x_wconf 74' lang='lat' dir='ltr'><strong>comoderunt</strong></span> <span class='ocrx_word' id='word_1_187' title='bbox 1326 2093 1422 2144; x_wconf 84' lang='lat' dir='ltr'><strong>contre</strong></span> <span class='ocrx_word' id='word_1_188' title='bbox 1445 2088 1574 2159; x_wconf 75' lang='lat' dir='ltr'><strong>reguiam</strong></span> 
     </span>
     <span class='ocr_line' id='line_1_20' title="bbox 327 2173 1571 2246; baseline -0.002 -12"><span class='ocrx_word' id='word_1_189' title='bbox 327 2175 356 2234; x_wconf 80' lang='lat' dir='ltr'><strong>S.</strong></span> <span class='ocrx_word' id='word_1_190' title='bbox 375 2173 518 2232; x_wconf 79' lang='lat' dir='ltr'><strong>Benedicti</strong></span> <span class='ocrx_word' id='word_1_191' title='bbox 536 2179 564 2230; x_wconf 86' lang='lat' dir='ltr'><strong>et</strong></span> <span class='ocrx_word' id='word_1_192' title='bbox 582 2175 648 2245; x_wconf 89' lang='lat' dir='ltr'><strong>quia</strong></span> <span class='ocrx_word' id='word_1_193' title='bbox 666 2176 726 2230; x_wconf 90' lang='lat' dir='ltr'><strong>sine</strong></span> <span class='ocrx_word' id='word_1_194' title='bbox 743 2174 886 2230; x_wconf 84' lang='lat' dir='ltr'><strong>monachis</strong></span> <span class='ocrx_word' id='word_1_195' title='bbox 904 2173 1059 2239; x_wconf 75' lang='lat' dir='ltr'><strong>&#39;stetmunt</strong></span> <span class='ocrx_word' id='word_1_196' title='bbox 1075 2174 1244 2246; x_wconf 89' lang='lat' dir='ltr'><strong>jejunsbuut</strong></span> <span class='ocrx_word' id='word_1_197' title='bbox 1261 2174 1358 2233; x_wconf 87' lang='lat' dir='ltr'><strong>dacem</strong></span> <span class='ocrx_word' id='word_1_198' title='bbox 1376 2181 1471 2230; x_wconf 70' lang='lat' dir='ltr'><strong>sexus</strong></span> <span class='ocrx_word' id='word_1_199' title='bbox 1487 2174 1571 2231; x_wconf 81' lang='lat' dir='ltr'><strong>feriae</strong></span> 
     </span>
     <span class='ocr_line' id='line_1_21' title="bbox 327 2261 1571 2335; baseline 0 -17"><span class='ocrx_word' id='word_1_200' title='bbox 327 2265 355 2318; x_wconf 90' lang='lat' dir='ltr'><strong>in</strong></span> <span class='ocrx_word' id='word_1_201' title='bbox 382 2278 455 2335; x_wconf 86' lang='lat' dir='ltr'><strong>pane</strong></span> <span class='ocrx_word' id='word_1_202' title='bbox 473 2267 501 2318; x_wconf 88' lang='lat' dir='ltr'><strong>et</strong></span> <span class='ocrx_word' id='word_1_203' title='bbox 519 2278 593 2333; x_wconf 88' lang='lat' dir='ltr'><strong>aqua</strong></span> <span class='ocrx_word' id='word_1_204' title='bbox 610 2267 639 2318; x_wconf 90' lang='lat' dir='ltr'><strong>et</strong></span> <span class='ocrx_word' id='word_1_205' title='bbox 656 2262 749 2333; x_wconf 78' lang='lat' dir='ltr'><strong>legent</strong></span> <span class='ocrx_word' id='word_1_206' title='bbox 767 2263 796 2318; x_wconf 87' lang='lat' dir='ltr'>X</span> <span class='ocrx_word' id='word_1_207' title='bbox 814 2262 914 2318; x_wconf 87' lang='lat' dir='ltr'><strong>missas</strong></span> <span class='ocrx_word' id='word_1_208' title='bbox 933 2279 984 2333; x_wconf 89' lang='lat' dir='ltr'><strong>pro</strong></span> <span class='ocrx_word' id='word_1_209' title='bbox 1002 2262 1131 2332; x_wconf 84' lang='lat' dir='ltr'><strong>peccetis.</strong></span> <span class='ocrx_word' id='word_1_210' title='bbox 1150 2292 1183 2302; x_wconf 94' lang='lat'>-</span> <span class='ocrx_word' id='word_1_211' title='bbox 1201 2261 1274 2318; x_wconf 86' lang='lat' dir='ltr'><strong>Item</strong></span> <span class='ocrx_word' id='word_1_212' title='bbox 1292 2261 1450 2318; x_wconf 87' lang='lat' dir='ltr'><strong>secerdotes</strong></span> <span class='ocrx_word' id='word_1_213' title='bbox 1475 2261 1571 2330; x_wconf 85' lang='lat' dir='ltr'><strong>Tolco,</strong></span> 
     </span>
     <span class='ocr_line' id='line_1_22' title="bbox 328 2347 1570 2420; baseline -0.003 -14"><span class='ocrx_word' id='word_1_214' title='bbox 328 2351 453 2406; x_wconf 89' lang='lat' dir='ltr'><strong>Joannee</strong></span> <span class='ocrx_word' id='word_1_215' title='bbox 472 2355 500 2404; x_wconf 89' lang='lat' dir='ltr'><strong>et</strong></span> <span class='ocrx_word' id='word_1_216' title='bbox 518 2348 640 2405; x_wconf 83' lang='lat' dir='ltr'><strong>hiicbsel</strong></span> <span class='ocrx_word' id='word_1_217' title='bbox 657 2365 708 2420; x_wconf 89' lang='lat' dir='ltr'><strong>pro</strong></span> <span class='ocrx_word' id='word_1_218' title='bbox 727 2365 761 2404; x_wconf 89' lang='lat' dir='ltr'><strong>eo</strong></span> <span class='ocrx_word' id='word_1_219' title='bbox 780 2347 856 2419; x_wconf 87' lang='lat' dir='ltr'><strong>quod</strong></span> <span class='ocrx_word' id='word_1_220' title='bbox 875 2349 903 2404; x_wconf 91' lang='lat' dir='ltr'><strong>in</strong></span> <span class='ocrx_word' id='word_1_221' title='bbox 922 2347 1077 2404; x_wconf 88' lang='lat' dir='ltr'><strong>sacerdotio</strong></span> <span class='ocrx_word' id='word_1_222' title='bbox 1089 2347 1230 2404; x_wconf 85' lang='lat' dir='ltr'><strong>duxerunt</strong></span> <span class='ocrx_word' id='word_1_223' title='bbox 1248 2365 1349 2406; x_wconf 80' lang='lat' dir='ltr'><strong>uxores</strong></span> <span class='ocrx_word' id='word_1_224' title='bbox 1368 2354 1396 2404; x_wconf 90' lang='lat' dir='ltr'><strong>et</strong></span> <span class='ocrx_word' id='word_1_225' title='bbox 1412 2353 1570 2420; x_wconf 79' lang='lat' dir='ltr'><strong>genuerunt</strong></span> 
     </span>
     <span class='ocr_line' id='line_1_23' title="bbox 328 2434 1571 2508; baseline -0.002 -16"><span class='ocrx_word' id='word_1_226' title='bbox 328 2451 439 2508; x_wconf 89' lang='lat' dir='ltr'><strong>pueros,</strong></span> <span class='ocrx_word' id='word_1_227' title='bbox 457 2434 623 2490; x_wconf 89' lang='lat' dir='ltr'><strong>ieiunabunt</strong></span> <span class='ocrx_word' id='word_1_228' title='bbox 640 2440 736 2490; x_wconf 87' lang='lat' dir='ltr'><strong>sextas</strong></span> <span class='ocrx_word' id='word_1_229' title='bbox 754 2435 837 2491; x_wconf 86' lang='lat' dir='ltr'><strong>ferias</strong></span> <span class='ocrx_word' id='word_1_230' title='bbox 855 2435 883 2490; x_wconf 91' lang='lat' dir='ltr'><strong>in</strong></span> <span class='ocrx_word' id='word_1_231' title='bbox 903 2451 975 2506; x_wconf 88' lang='lat' dir='ltr'><strong>pane</strong></span> <span class='ocrx_word' id='word_1_232' title='bbox 993 2440 1021 2491; x_wconf 89' lang='lat' dir='ltr'><strong>et</strong></span> <span class='ocrx_word' id='word_1_233' title='bbox 1038 2451 1113 2506; x_wconf 89' lang='lat' dir='ltr'><strong>aqua</strong></span> <span class='ocrx_word' id='word_1_234' title='bbox 1136 2435 1266 2491; x_wconf 90' lang='lat' dir='ltr'><strong>omuibus</strong></span> <span class='ocrx_word' id='word_1_235' title='bbox 1283 2435 1383 2491; x_wconf 91' lang='lat' dir='ltr'><strong>diebus</strong></span> <span class='ocrx_word' id='word_1_236' title='bbox 1401 2435 1476 2491; x_wconf 84' lang='lat' dir='ltr'><strong>vitae</strong></span> <span class='ocrx_word' id='word_1_237' title='bbox 1493 2450 1571 2504; x_wconf 86' lang='lat' dir='ltr'><strong>suae,</strong></span> 
     </span>
     <span class='ocr_line' id='line_1_24' title="bbox 329 2520 1570 2594; baseline -0.001 -14"><span class='ocrx_word' id='word_1_238' title='bbox 329 2529 357 2580; x_wconf 91' lang='lat' dir='ltr'><strong>et</strong></span> <span class='ocrx_word' id='word_1_239' title='bbox 375 2523 506 2593; x_wconf 87' lang='lat' dir='ltr'><strong>suspensi</strong></span> <span class='ocrx_word' id='word_1_240' title='bbox 524 2521 636 2578; x_wconf 85' lang='lat' dir='ltr'><strong>fuerunt</strong></span> <span class='ocrx_word' id='word_1_241' title='bbox 653 2520 690 2577; x_wconf 92' lang='lat' dir='ltr'><strong>ab</strong></span> <span class='ocrx_word' id='word_1_242' title='bbox 708 2521 802 2578; x_wconf 87' lang='lat' dir='ltr'><strong>officio</strong></span> <span class='ocrx_word' id='word_1_243' title='bbox 820 2526 848 2576; x_wconf 89' lang='lat' dir='ltr'><strong>et</strong></span> <span class='ocrx_word' id='word_1_244' title='bbox 866 2521 999 2578; x_wconf 61' lang='lat' dir='ltr'><strong>masdeio</strong></span> <span class='ocrx_word' id='word_1_245' title='bbox 1024 2539 1074 2594; x_wconf 90' lang='lat' dir='ltr'><strong>per</strong></span> <span class='ocrx_word' id='word_1_246' title='bbox 1096 2527 1152 2578; x_wconf 87' lang='lat' dir='ltr'><strong>tres</strong></span> <span class='ocrx_word' id='word_1_247' title='bbox 1170 2539 1267 2579; x_wconf 90' lang='lat' dir='ltr'><strong>annos.</strong></span> <span class='ocrx_word' id='word_1_248' title='bbox 1290 2523 1327 2578; x_wconf 85' lang='lat' dir='ltr'><strong>Et</strong></span> <span class='ocrx_word' id='word_1_249' title='bbox 1351 2522 1493 2594; x_wconf 86' lang='lat' dir='ltr'><strong>praecepit</strong></span> <span class='ocrx_word' id='word_1_250' title='bbox 1515 2521 1570 2581; x_wconf 87' lang='lat' dir='ltr'><strong>illis</strong></span> 
     </span>
     <span class='ocr_line' id='line_1_25' title="bbox 331 2607 1572 2681; baseline -0.002 -15"><span class='ocrx_word' id='word_1_251' title='bbox 331 2609 384 2666; x_wconf 89' lang='lat' dir='ltr'><strong>sub</strong></span> <span class='ocrx_word' id='word_1_252' title='bbox 403 2625 494 2681; x_wconf 90' lang='lat' dir='ltr'><strong>poena</strong></span> <span class='ocrx_word' id='word_1_253' title='bbox 513 2608 807 2665; x_wconf 85' lang='lat' dir='ltr'><strong>excommunicationis</strong></span> <span class='ocrx_word' id='word_1_254' title='bbox 825 2607 900 2679; x_wconf 84' lang='lat' dir='ltr'><strong>quod</strong></span> <span class='ocrx_word' id='word_1_255' title='bbox 921 2608 957 2664; x_wconf 88' lang='lat' dir='ltr'><strong>ab</strong></span> <span class='ocrx_word' id='word_1_256' title='bbox 975 2609 1022 2664; x_wconf 90' lang='lat' dir='ltr'><strong>illa</strong></span> <span class='ocrx_word' id='word_1_257' title='bbox 1039 2607 1085 2664; x_wconf 91' lang='lat' dir='ltr'><strong>die</strong></span> <span class='ocrx_word' id='word_1_258' title='bbox 1103 2608 1243 2665; x_wconf 88' lang='lat' dir='ltr'><strong>dimittant</strong></span> <span class='ocrx_word' id='word_1_259' title='bbox 1261 2625 1328 2665; x_wconf 87' lang='lat' dir='ltr'><strong>suas</strong></span> <span class='ocrx_word' id='word_1_260' title='bbox 1345 2624 1448 2665; x_wconf 84' lang='lat' dir='ltr'><strong>uxores</strong></span> <span class='ocrx_word' id='word_1_261' title='bbox 1471 2613 1500 2664; x_wconf 85' lang='lat' dir='ltr'><strong>et</strong></span> <span class='ocrx_word' id='word_1_262' title='bbox 1523 2607 1572 2664; x_wconf 92' lang='lat' dir='ltr'><strong>de·</strong></span> 
     </span>
     <span class='ocr_line' id='line_1_26' title="bbox 330 2694 1570 2768; baseline -0.002 -16"><span class='ocrx_word' id='word_1_263' title='bbox 330 2697 427 2768; x_wconf 90' lang='lat' dir='ltr'><strong>inceps</strong></span> <span class='ocrx_word' id='word_1_264' title='bbox 445 2711 501 2752; x_wconf 91' lang='lat' dir='ltr'><strong>non</strong></span> <span class='ocrx_word' id='word_1_265' title='bbox 520 2695 656 2752; x_wconf 87' lang='lat' dir='ltr'><strong>accedant</strong></span> <span class='ocrx_word' id='word_1_266' title='bbox 671 2694 708 2751; x_wconf 91' lang='lat' dir='ltr'><strong>ad</strong></span> <span class='ocrx_word' id='word_1_267' title='bbox 726 2711 782 2764; x_wconf 89' lang='lat' dir='ltr'><strong>eas,</strong></span> <span class='ocrx_word' id='word_1_268' title='bbox 805 2701 832 2751; x_wconf 88' lang='lat' dir='ltr'><strong>at</strong></span> <span class='ocrx_word' id='word_1_269' title='bbox 856 2697 879 2750; x_wconf 91' lang='lat' dir='ltr'><strong>si</strong></span> <span class='ocrx_word' id='word_1_270' title='bbox 902 2697 1071 2752; x_wconf 87' lang='lat' dir='ltr'><strong>contrarium</strong></span> <span class='ocrx_word' id='word_1_271' title='bbox 1094 2697 1208 2753; x_wconf 84' lang='lat' dir='ltr'><strong>iecerint</strong></span> <span class='ocrx_word' id='word_1_272' title='bbox 1230 2701 1366 2768; x_wconf 81' lang='lat' dir='ltr'><strong>perpetrm</strong></span> <span class='ocrx_word' id='word_1_273' title='bbox 1391 2695 1446 2751; x_wconf 89' lang='lat' dir='ltr'><strong>sint</strong></span> <span class='ocrx_word' id='word_1_274' title='bbox 1470 2695 1570 2766; x_wconf 81' lang='lat' dir='ltr'><strong>privati</strong></span> 
     </span>
     <span class='ocr_line' id='line_1_27' title="bbox 328 2781 1566 2855; baseline 0 -17"><span class='ocrx_word' id='word_1_275' title='bbox 328 2782 365 2838; x_wconf 92' lang='lat' dir='ltr'><strong>ab</strong></span> <span class='ocrx_word' id='word_1_276' title='bbox 390 2783 483 2839; x_wconf 84' lang='lat' dir='ltr'><strong>officio</strong></span> <span class='ocrx_word' id='word_1_277' title='bbox 508 2789 536 2838; x_wconf 91' lang='lat' dir='ltr'><strong>et</strong></span> <span class='ocrx_word' id='word_1_278' title='bbox 560 2782 703 2838; x_wconf 59' lang='lat' dir='ltr'><strong>mucida.</strong></span> <span class='ocrx_word' id='word_1_279' title='bbox 722 2813 755 2823; x_wconf 90' lang='lat'>-</span> <span class='ocrx_word' id='word_1_280' title='bbox 775 2782 847 2838; x_wconf 87' lang='lat' dir='ltr'><strong>item</strong></span> <span class='ocrx_word' id='word_1_281' title='bbox 868 2782 984 2838; x_wconf 88' lang='lat' dir='ltr'><strong>eandem</strong></span> <span class='ocrx_word' id='word_1_282' title='bbox 1010 2800 1110 2855; x_wconf 90' lang='lat' dir='ltr'><strong>penam</strong></span> <span class='ocrx_word' id='word_1_283' title='bbox 1137 2783 1256 2839; x_wconf 88' lang='lat' dir='ltr'><strong>iniunxit</strong></span> <span class='ocrx_word' id='word_1_284' title='bbox 1282 2782 1414 2838; x_wconf 85' lang='lat' dir='ltr'><strong>Michaeli</strong></span> <span class='ocrx_word' id='word_1_285' title='bbox 1440 2781 1566 2849; x_wconf 72' lang='lat' dir='ltr'><strong>(tiamne,</strong></span> 
     </span>
     <span class='ocr_line' id='line_1_28' title="bbox 332 2866 1568 2942; baseline -0.003 -16"><span class='ocrx_word' id='word_1_286' title='bbox 332 2868 469 2942; x_wconf 75' lang='lat' dir='ltr'><strong>Bogdano</strong></span> <span class='ocrx_word' id='word_1_287' title='bbox 487 2874 515 2926; x_wconf 90' lang='lat' dir='ltr'><strong>et</strong></span> <span class='ocrx_word' id='word_1_288' title='bbox 532 2869 645 2925; x_wconf 90' lang='lat' dir='ltr'><strong>Dobros</strong></span> <span class='ocrx_word' id='word_1_289' title='bbox 663 2868 841 2924; x_wconf 77' lang='lat' dir='ltr'><strong>subdiaconis</strong></span> <span class='ocrx_word' id='word_1_290' title='bbox 859 2869 908 2939; x_wconf 92' lang='lat' dir='ltr'><strong>qui</strong></span> <span class='ocrx_word' id='word_1_291' title='bbox 925 2870 954 2924; x_wconf 92' lang='lat' dir='ltr'><strong>in</strong></span> <span class='ocrx_word' id='word_1_292' title='bbox 973 2869 1058 2926; x_wconf 88' lang='lat' dir='ltr'><strong>sacris</strong></span> <span class='ocrx_word' id='word_1_293' title='bbox 1076 2869 1220 2926; x_wconf 90' lang='lat' dir='ltr'><strong>ordinibus</strong></span> <span class='ocrx_word' id='word_1_294' title='bbox 1237 2869 1380 2926; x_wconf 89' lang='lat' dir='ltr'><strong>constituti</strong></span> <span class='ocrx_word' id='word_1_295' title='bbox 1397 2883 1500 2924; x_wconf 86' lang='lat' dir='ltr'><strong>uxores</strong></span> <span class='ocrx_word' id='word_1_296' title='bbox 1518 2866 1568 2923; x_wconf 90' lang='lat' dir='ltr'><strong>du·</strong></span> 
     </span>
     <span class='ocr_line' id='line_1_29' title="bbox 330 2955 1570 3028; baseline -0.002 -16"><span class='ocrx_word' id='word_1_297' title='bbox 330 2962 432 3013; x_wconf 84' lang='lat' dir='ltr'><strong>xerunt</strong></span> <span class='ocrx_word' id='word_1_298' title='bbox 453 2961 481 3012; x_wconf 90' lang='lat' dir='ltr'><strong>et</strong></span> <span class='ocrx_word' id='word_1_299' title='bbox 504 2971 607 3028; x_wconf 90' lang='lat' dir='ltr'><strong>pueros</strong></span> <span class='ocrx_word' id='word_1_300' title='bbox 625 2961 789 3026; x_wconf 81' lang='lat' dir='ltr'><strong>genuerunt,</strong></span> <span class='ocrx_word' id='word_1_301' title='bbox 813 2955 926 3011; x_wconf 89' lang='lat' dir='ltr'><strong>Dobros</strong></span> <span class='ocrx_word' id='word_1_302' title='bbox 949 2961 1043 3012; x_wconf 88' lang='lat' dir='ltr'><strong>antem</strong></span> <span class='ocrx_word' id='word_1_303' title='bbox 1066 2957 1115 3026; x_wconf 90' lang='lat' dir='ltr'><strong>qui</strong></span> <span class='ocrx_word' id='word_1_304' title='bbox 1139 2973 1169 3012; x_wconf 89' lang='lat' dir='ltr'><strong>ae</strong></span> <span class='ocrx_word' id='word_1_305' title='bbox 1193 2955 1348 3012; x_wconf 82' lang='lat' dir='ltr'><strong>absentavit</strong></span> <span class='ocrx_word' id='word_1_306' title='bbox 1370 2969 1388 3012; x_wconf 86' lang='lat' dir='ltr'><strong>s</strong></span> <span class='ocrx_word' id='word_1_307' title='bbox 1412 2955 1570 3013; x_wconf 73' lang='lat' dir='ltr'><strong>viduuom</strong></span> 
     </span>
     <span class='ocr_line' id='line_1_30' title="bbox 326 3041 1568 3115; baseline -0.001 -17"><span class='ocrx_word' id='word_1_308' title='bbox 326 3043 410 3100; x_wconf 89' lang='lat' dir='ltr'><strong>debet</strong></span> <span class='ocrx_word' id='word_1_309' title='bbox 435 3059 598 3115; x_wconf 89' lang='lat' dir='ltr'><strong>comparere</strong></span> <span class='ocrx_word' id='word_1_310' title='bbox 627 3059 721 3098; x_wconf 90' lang='lat' dir='ltr'><strong>coram</strong></span> <span class='ocrx_word' id='word_1_311' title='bbox 743 3041 952 3114; x_wconf 89' lang='lat' dir='ltr'><strong>archiepiscopo</strong></span> <span class='ocrx_word' id='word_1_312' title='bbox 976 3047 1040 3098; x_wconf 88' lang='lat' dir='ltr'><strong>ante</strong></span> <span class='ocrx_word' id='word_1_313' title='bbox 1063 3043 1281 3115; x_wconf 72' lang='lat' dir='ltr'><strong>carnisprivium</strong></span> <span class='ocrx_word' id='word_1_314' title='bbox 1311 3043 1432 3114; x_wconf 87' lang='lat' dir='ltr'><strong>Insuper</strong></span> <span class='ocrx_word' id='word_1_315' title='bbox 1456 3041 1568 3098; x_wconf 88' lang='lat' dir='ltr'><strong>Primus</strong></span> 
     </span>
     <span class='ocr_line' id='line_1_31' title="bbox 327 3127 1569 3202; baseline -0.005 -14"><span class='ocrx_word' id='word_1_316' title='bbox 327 3137 355 3188; x_wconf 89' lang='lat' dir='ltr'><strong>et</strong></span> <span class='ocrx_word' id='word_1_317' title='bbox 373 3130 470 3188; x_wconf 80' lang='lat' dir='ltr'><strong>Streco</strong></span> <span class='ocrx_word' id='word_1_318' title='bbox 487 3130 624 3186; x_wconf 85' lang='lat' dir='ltr'><strong>diaconus</strong></span> <span class='ocrx_word' id='word_1_319' title='bbox 643 3132 710 3200; x_wconf 89' lang='lat' dir='ltr'><strong>quia</strong></span> <span class='ocrx_word' id='word_1_320' title='bbox 727 3133 792 3185; x_wconf 88' lang='lat' dir='ltr'><strong>ante</strong></span> <span class='ocrx_word' id='word_1_321' title='bbox 810 3145 904 3186; x_wconf 85' lang='lat' dir='ltr'><strong>saeros</strong></span> <span class='ocrx_word' id='word_1_322' title='bbox 923 3129 1033 3186; x_wconf 89' lang='lat' dir='ltr'><strong>ordines</strong></span> <span class='ocrx_word' id='word_1_323' title='bbox 1054 3128 1195 3186; x_wconf 88' lang='lat' dir='ltr'><strong>duxerunt</strong></span> <span class='ocrx_word' id='word_1_324' title='bbox 1218 3145 1320 3186; x_wconf 87' lang='lat' dir='ltr'><strong>uxores</strong></span> <span class='ocrx_word' id='word_1_325' title='bbox 1338 3129 1407 3202; x_wconf 87' lang='lat' dir='ltr'><strong>ipsis</strong></span> <span class='ocrx_word' id='word_1_326' title='bbox 1424 3145 1489 3184; x_wconf 90' lang='lat' dir='ltr'><strong>cum</strong></span> <span class='ocrx_word' id='word_1_327' title='bbox 1508 3127 1569 3183; x_wconf 87' lang='lat' dir='ltr'><strong>suis</strong></span> 
     </span>
     <span class='ocr_line' id='line_1_32' title="bbox 325 3215 1568 3288; baseline -0.004 -14"><span class='ocrx_word' id='word_1_328' title='bbox 325 3217 461 3275; x_wconf 82' lang='lat' dir='ltr'><strong>uxoribus</strong></span> <span class='ocrx_word' id='word_1_329' title='bbox 480 3222 553 3273; x_wconf 86' lang='lat' dir='ltr'><strong>stare</strong></span> <span class='ocrx_word' id='word_1_330' title='bbox 572 3217 718 3288; x_wconf 87' lang='lat' dir='ltr'><strong>permissit,</strong></span> <span class='ocrx_word' id='word_1_331' title='bbox 737 3217 803 3288; x_wconf 87' lang='lat' dir='ltr'><strong>quie</strong></span> <span class='ocrx_word' id='word_1_332' title='bbox 820 3216 974 3286; x_wconf 81' lang='lat' dir='ltr'><strong>legitimum</strong></span> <span class='ocrx_word' id='word_1_333' title='bbox 991 3216 1199 3272; x_wconf 75' lang='lat' dir='ltr'><strong>matrimonium</strong></span> <span class='ocrx_word' id='word_1_334' title='bbox 1213 3215 1319 3272; x_wconf 87' lang='lat' dir='ltr'><strong>iudicat</strong></span> <span class='ocrx_word' id='word_1_335' title='bbox 1333 3215 1568 3286; x_wconf 85' lang='lat' dir='ltr'><strong>archiepiscopus,</strong></span> 
     </span>
     <span class='ocr_line' id='line_1_33' title="bbox 326 3301 1568 3375; baseline -0.005 -13"><span class='ocrx_word' id='word_1_336' title='bbox 326 3305 377 3362; x_wconf 83' lang='lat' dir='ltr'><strong>sed</strong></span> <span class='ocrx_word' id='word_1_337' title='bbox 395 3302 494 3360; x_wconf 89' lang='lat' dir='ltr'><strong>eodem</strong></span> <span class='ocrx_word' id='word_1_338' title='bbox 512 3303 614 3360; x_wconf 80' lang='lat' dir='ltr'><strong>officiis</strong></span> <span class='ocrx_word' id='word_1_339' title='bbox 632 3307 660 3359; x_wconf 87' lang='lat' dir='ltr'><strong>et</strong></span> <span class='ocrx_word' id='word_1_340' title='bbox 677 3303 818 3360; x_wconf 85' lang='lat' dir='ltr'><strong>beneficiis</strong></span> <span class='ocrx_word' id='word_1_341' title='bbox 831 3308 966 3375; x_wconf 89' lang='lat' dir='ltr'><strong>perpetuo</strong></span> <span class='ocrx_word' id='word_1_342' title='bbox 980 3303 1089 3374; x_wconf 91' lang='lat' dir='ltr'><strong>spoliat.</strong></span> <span class='ocrx_word' id='word_1_343' title='bbox 1108 3305 1212 3360; x_wconf 81' lang='lat' dir='ltr'><strong>Acium</strong></span> <span class='ocrx_word' id='word_1_344' title='bbox 1228 3303 1257 3358; x_wconf 90' lang='lat' dir='ltr'><strong>in</strong></span> <span class='ocrx_word' id='word_1_345' title='bbox 1275 3303 1441 3374; x_wconf 89' lang='lat' dir='ltr'><strong>praesentia.</strong></span> <span class='ocrx_word' id='word_1_346' title='bbox 1454 3301 1568 3358; x_wconf 88' lang='lat' dir='ltr'><strong>Ocinm·</strong></span> 
     </span>
     <span class='ocr_line' id='line_1_34' title="bbox 324 3387 1571 3462; baseline -0.002 -15"><span class='ocrx_word' id='word_1_347' title='bbox 324 3391 391 3447; x_wconf 85' lang='lat' dir='ltr'><strong>bani</strong></span> <span class='ocrx_word' id='word_1_348' title='bbox 409 3391 534 3462; x_wconf 89' lang='lat' dir='ltr'><strong>episcopi</strong></span> <span class='ocrx_word' id='word_1_349' title='bbox 552 3391 634 3462; x_wconf 80' lang='lat' dir='ltr'><strong>Trag.</strong></span> <span class='ocrx_word' id='word_1_350' title='bbox 653 3390 806 3460; x_wconf 85' lang='lat' dir='ltr'><strong>Dobronia‚</strong></span> <span class='ocrx_word' id='word_1_351' title='bbox 830 3390 954 3462; x_wconf 84' lang='lat' dir='ltr'><strong>episcopi</strong></span> <span class='ocrx_word' id='word_1_352' title='bbox 978 3389 1117 3458; x_wconf 79' lang='lat' dir='ltr'><strong>Farensis,</strong></span> <span class='ocrx_word' id='word_1_353' title='bbox 1136 3389 1171 3448; x_wconf 84' lang='lat' dir='ltr'><strong>G.</strong></span> <span class='ocrx_word' id='word_1_354' title='bbox 1189 3390 1300 3446; x_wconf 86' lang='lat' dir='ltr'><strong>abbatis</strong></span> <span class='ocrx_word' id='word_1_355' title='bbox 1327 3389 1357 3446; x_wconf 76' lang='lat' dir='ltr'><strong>S.</strong></span> <span class='ocrx_word' id='word_1_356' title='bbox 1381 3387 1516 3461; x_wconf 78' lang='lat' dir='ltr'><strong>Stephani</strong></span> <span class='ocrx_word' id='word_1_357' title='bbox 1541 3393 1571 3445; x_wconf 90' lang='lat' dir='ltr'><strong>et</strong></span> 
     </span>
     <span class='ocr_line' id='line_1_35' title="bbox 326 3477 453 3534; baseline 0.016 -1"><span class='ocrx_word' id='word_1_358' title='bbox 326 3477 453 3534; x_wconf 89' lang='lat' dir='ltr'><strong>aliorum.</strong></span> 
     </span>
    </p>

    <p class='ocr_par' dir='ltr' id='par_1_6' title="bbox 379 3564 864 3634">
     <span class='ocr_line' id='line_1_36' title="bbox 379 3564 864 3634; baseline -0.004 -12"><span class='ocrx_word' id='word_1_359' title='bbox 379 3565 501 3622; x_wconf 67' lang='lat' dir='ltr'><strong>Maius:</strong></span> <span class='ocrx_word' id='word_1_360' title='bbox 521 3567 600 3620; x_wconf 76' lang='lat' dir='ltr'><strong>Mam.</strong></span> <span class='ocrx_word' id='word_1_361' title='bbox 619 3564 650 3620; x_wconf 83' lang='lat' dir='ltr'><strong>di</strong></span> <span class='ocrx_word' id='word_1_362' title='bbox 669 3564 754 3621; x_wconf 78' lang='lat' dir='ltr'><strong>itas.</strong></span> <span class='ocrx_word' id='word_1_363' title='bbox 770 3581 801 3634; x_wconf 83' lang='lat' dir='ltr'><strong>p.</strong></span> <span class='ocrx_word' id='word_1_364' title='bbox 820 3567 864 3620; x_wconf 80' lang='lat'><strong>80.</strong></span> 
     </span>
    </p>

    <p class='ocr_par' dir='ltr' id='par_1_7' title="bbox 323 3685 1570 4192">
     <span class='ocr_line' id='line_1_37' title="bbox 378 3685 1569 3744; baseline 0 -2"><span class='ocrx_word' id='word_1_365' title='bbox 378 3685 543 3743; x_wconf 82' lang='lat' dir='ltr'>OMXLVI.</span> <span class='ocrx_word' id='word_1_366' title='bbox 560 3687 702 3744; x_wconf 76' lang='lat' dir='ltr'><strong>venetiis.</strong></span> <span class='ocrx_word' id='word_1_367' title='bbox 729 3689 808 3742; x_wconf 84' lang='lat'><em>1268.</em></span> <span class='ocrx_word' id='word_1_368' title='bbox 832 3691 856 3742; x_wconf 85' lang='lat'><strong>5.</strong></span> <span class='ocrx_word' id='word_1_369' title='bbox 879 3685 1024 3742; x_wconf 69' lang='lat' dir='ltr'><strong>ianuarii.</strong></span> <span class='ocrx_word' id='word_1_370' title='bbox 1047 3685 1193 3742; x_wconf 81' lang='lat' dir='ltr'><strong>Reinerius</strong></span> <span class='ocrx_word' id='word_1_371' title='bbox 1211 3686 1291 3742; x_wconf 87' lang='lat' dir='ltr'><strong>Geno</strong></span> <span class='ocrx_word' id='word_1_372' title='bbox 1310 3685 1367 3742; x_wconf 87' lang='lat' dir='ltr'><strong>dux</strong></span> <span class='ocrx_word' id='word_1_373' title='bbox 1386 3685 1569 3744; x_wconf 81' lang='lat' dir='ltr'><strong>venetiarum</strong></span> 
     </span>
     <span class='ocr_line' id='line_1_38' title="bbox 326 3773 1569 3845; baseline 0.002 -15"><span class='ocrx_word' id='word_1_374' title='bbox 326 3773 422 3830; x_wconf 87' lang='lat' dir='ltr'><strong>scribit</strong></span> <span class='ocrx_word' id='word_1_375' title='bbox 439 3773 593 3830; x_wconf 88' lang='lat' dir='ltr'><strong>rectoribus</strong></span> <span class='ocrx_word' id='word_1_376' title='bbox 611 3779 640 3830; x_wconf 88' lang='lat' dir='ltr'><strong>et</strong></span> <span class='ocrx_word' id='word_1_377' title='bbox 656 3775 798 3830; x_wconf 87' lang='lat' dir='ltr'><strong>communi</strong></span> <span class='ocrx_word' id='word_1_378' title='bbox 815 3773 931 3844; x_wconf 73' lang='lat' dir='ltr'><strong>Spalsti</strong></span> <span class='ocrx_word' id='word_1_379' title='bbox 950 3790 1014 3828; x_wconf 91' lang='lat' dir='ltr'><strong>oum</strong></span> <span class='ocrx_word' id='word_1_380' title='bbox 1040 3773 1191 3845; x_wconf 79' lang='lat' dir='ltr'><strong>Dragsuus</strong></span> <span class='ocrx_word' id='word_1_381' title='bbox 1218 3773 1254 3830; x_wconf 87' lang='lat' dir='ltr'><strong>de</strong></span> <span class='ocrx_word' id='word_1_382' title='bbox 1276 3774 1398 3830; x_wconf 74' lang='lat' dir='ltr'><strong>dimisso</strong></span> <span class='ocrx_word' id='word_1_383' title='bbox 1422 3789 1486 3830; x_wconf 90' lang='lat' dir='ltr'><strong>cum</strong></span> <span class='ocrx_word' id='word_1_384' title='bbox 1511 3789 1569 3832; x_wconf 87' lang='lat' dir='ltr'><strong>nno</strong></span> 
     </span>
     <span class='ocr_line' id='line_1_39' title="bbox 326 3858 1570 3932; baseline 0.001 -18"><span class='ocrx_word' id='word_1_385' title='bbox 326 3861 402 3932; x_wconf 84' lang='lat' dir='ltr'><strong>ligno</strong></span> <span class='ocrx_word' id='word_1_386' title='bbox 420 3865 528 3916; x_wconf 87' lang='lat' dir='ltr'><strong>armato</strong></span> <span class='ocrx_word' id='word_1_387' title='bbox 547 3860 697 3916; x_wconf 86' lang='lat' dir='ltr'><strong>Nicolaum</strong></span> <span class='ocrx_word' id='word_1_388' title='bbox 714 3859 853 3916; x_wconf 90' lang='lat' dir='ltr'><strong>Blondum</strong></span> <span class='ocrx_word' id='word_1_389' title='bbox 873 3858 1012 3916; x_wconf 81' lang='lat' dir='ltr'><strong>Veretum</strong></span> <span class='ocrx_word' id='word_1_390' title='bbox 1031 3859 1061 3915; x_wconf 92' lang='lat' dir='ltr'><strong>in</strong></span> <span class='ocrx_word' id='word_1_391' title='bbox 1078 3860 1159 3931; x_wconf 87' lang='lat' dir='ltr'><strong>aquis</strong></span> <span class='ocrx_word' id='word_1_392' title='bbox 1177 3859 1325 3917; x_wconf 81' lang='lat' dir='ltr'><strong>Slaroniae</strong></span> <span class='ocrx_word' id='word_1_393' title='bbox 1347 3877 1411 3916; x_wconf 90' lang='lat' dir='ltr'><strong>cum</strong></span> <span class='ocrx_word' id='word_1_394' title='bbox 1436 3859 1516 3916; x_wconf 89' lang='lat' dir='ltr'><strong>bonis</strong></span> <span class='ocrx_word' id='word_1_395' title='bbox 1541 3865 1570 3918; x_wconf 89' lang='lat' dir='ltr'><strong>et</strong></span> 
     </span>
     <span class='ocr_line' id='line_1_40' title="bbox 323 3933 1570 4018; baseline 0 -15"><span class='ocrx_word' id='word_1_396' title='bbox 323 3947 406 4003; x_wconf 88' lang='lat' dir='ltr'><strong>rebus</strong></span> <span class='ocrx_word' id='word_1_397' title='bbox 426 3947 485 4002; x_wconf 88' lang='lat' dir='ltr'><strong>suia</strong></span> <span class='ocrx_word' id='word_1_398' title='bbox 504 3948 626 4018; x_wconf 88' lang='lat' dir='ltr'><strong>coeperit</strong></span> <span class='ocrx_word' id='word_1_399' title='bbox 643 3947 687 4002; x_wconf 88' lang='lat' dir='ltr'><strong>his</strong></span> <span class='ocrx_word' id='word_1_400' title='bbox 703 3946 812 4014; x_wconf 90' lang='lat' dir='ltr'><strong>diebus,</strong></span> <span class='ocrx_word' id='word_1_401' title='bbox 834 3948 949 4018; x_wconf 88' lang='lat' dir='ltr'><strong>requirit</strong></span> <span class='ocrx_word' id='word_1_402' title='bbox 973 3963 1030 4014; x_wconf 87' lang='lat' dir='ltr'><strong>eos,</strong></span> <span class='ocrx_word' id='word_1_403' title='bbox 1054 3951 1193 4018; x_wconf 87' lang='lat' dir='ltr'><strong>quatenus</strong></span> <span class='ocrx_word' id='word_1_404' title='bbox 1215 3947 1249 4002; x_wconf 91' lang='lat' dir='ltr'><strong>si.</strong></span> <span class='ocrx_word' id='word_1_405' title='bbox 1265 3933 1412 4018; x_wconf 66' lang='lat' dir='ltr'><strong>configent</strong></span> <span class='ocrx_word' id='word_1_406' title='bbox 1435 3947 1508 4003; x_wconf 83' lang='lat' dir='ltr'><strong>viros</strong></span> <span class='ocrx_word' id='word_1_407' title='bbox 1532 3945 1570 4003; x_wconf 90' lang='lat' dir='ltr'><strong>de</strong></span> 
     </span>
     <span class='ocr_line' id='line_1_41' title="bbox 326 4032 1569 4105; baseline 0.001 -16"><span class='ocrx_word' id='word_1_408' title='bbox 326 4032 449 4090; x_wconf 73' lang='lat' dir='ltr'><strong>dimisso</strong></span> <span class='ocrx_word' id='word_1_409' title='bbox 476 4032 512 4090; x_wconf 87' lang='lat' dir='ltr'><strong>sd</strong></span> <span class='ocrx_word' id='word_1_410' title='bbox 539 4037 632 4105; x_wconf 86' lang='lat' dir='ltr'><strong>partes</strong></span> <span class='ocrx_word' id='word_1_411' title='bbox 657 4049 752 4090; x_wconf 88' lang='lat' dir='ltr'><strong>eorum</strong></span> <span class='ocrx_word' id='word_1_412' title='bbox 780 4033 918 4104; x_wconf 83' lang='lat' dir='ltr'><strong>accedere,</strong></span> <span class='ocrx_word' id='word_1_413' title='bbox 945 4033 1153 4090; x_wconf 90' lang='lat' dir='ltr'><strong>eliberationem</strong></span> <span class='ocrx_word' id='word_1_414' title='bbox 1179 4033 1288 4091; x_wconf 88' lang='lat' dir='ltr'><strong>Nicolai</strong></span> <span class='ocrx_word' id='word_1_415' title='bbox 1312 4039 1340 4090; x_wconf 92' lang='lat' dir='ltr'><strong>et</strong></span> <span class='ocrx_word' id='word_1_416' title='bbox 1366 4033 1569 4090; x_wconf 88' lang='lat' dir='ltr'><strong>restitutionem</strong></span> 
     </span>
     <span class='ocr_line' id='line_1_42' title="bbox 325 4119 1029 4192; baseline 0 -15"><span class='ocrx_word' id='word_1_417' title='bbox 325 4119 463 4177; x_wconf 90' lang='lat' dir='ltr'><strong>bonorum</strong></span> <span class='ocrx_word' id='word_1_418' title='bbox 481 4119 638 4177; x_wconf 90' lang='lat' dir='ltr'><strong>ablatorum</strong></span> <span class='ocrx_word' id='word_1_419' title='bbox 656 4136 770 4192; x_wconf 86' lang='lat' dir='ltr'><strong>operam</strong></span> <span class='ocrx_word' id='word_1_420' title='bbox 788 4120 918 4178; x_wconf 79' lang='lat' dir='ltr'><strong>exhibere</strong></span> <span class='ocrx_word' id='word_1_421' title='bbox 936 4121 1029 4177; x_wconf 82' lang='lat' dir='ltr'><strong>velint</strong></span> 
     </span>
    </p>

    <p class='ocr_par' dir='ltr' id='par_1_8' title="bbox 378 4205 1216 4278">
     <span class='ocr_line' id='line_1_43' title="bbox 378 4205 1216 4278; baseline 0.001 -14"><span class='ocrx_word' id='word_1_422' title='bbox 378 4209 496 4266; x_wconf 71' lang='lat' dir='ltr'><strong>Lucium</strong></span> <span class='ocrx_word' id='word_1_423' title='bbox 515 4208 560 4264; x_wconf 85' lang='lat' dir='ltr'><strong>De</strong></span> <span class='ocrx_word' id='word_1_424' title='bbox 577 4223 660 4278; x_wconf 74' lang='lat' dir='ltr'><strong>rapae</strong></span> <span class='ocrx_word' id='word_1_425' title='bbox 678 4207 774 4263; x_wconf 82' lang='lat' dir='ltr'><strong>Dalm.</strong></span> <span class='ocrx_word' id='word_1_426' title='bbox 792 4213 818 4263; x_wconf 86' lang='lat' dir='ltr'><strong>et</strong></span> <span class='ocrx_word' id='word_1_427' title='bbox 838 4207 929 4264; x_wconf 79' lang='lat' dir='ltr'><strong>Groui.</strong></span> <span class='ocrx_word' id='word_1_428' title='bbox 949 4207 996 4264; x_wconf 87' lang='lat' dir='ltr'><strong>iih.</strong></span> <span class='ocrx_word' id='word_1_429' title='bbox 1015 4211 1032 4262; x_wconf 90' lang='lat'><em>1</em></span> <span class='ocrx_word' id='word_1_430' title='bbox 1037 4205 1065 4265; x_wconf 83' lang='lat' dir='ltr'><strong>V.</strong></span> <span class='ocrx_word' id='word_1_431' title='bbox 1084 4223 1146 4278; x_wconf 82' lang='lat' dir='ltr'><strong>esp.</strong></span> <span class='ocrx_word' id='word_1_432' title='bbox 1167 4211 1216 4265; x_wconf 61' lang='lat' dir='ltr'><strong>1AE</strong></span> 
     </span>
    </p>
   </div>
   <div class='ocr_carea' id='block_1_4' title="bbox 325 4307 1571 4749">
    <p class='ocr_par' dir='ltr' id='par_1_9' title="bbox 325 4307 1571 4662">
     <span class='ocr_line' id='line_1_44' title="bbox 376 4307 1568 4403; baseline 0.001 -18"><span class='ocrx_word' id='word_1_433' title='bbox 376 4329 556 4385; x_wconf 80' lang='lat' dir='ltr'><strong>uuxnvn.</strong></span> <span class='ocrx_word' id='word_1_434' title='bbox 574 4329 709 4387; x_wconf 75' lang='lat' dir='ltr'><strong>vruruu.</strong></span> <span class='ocrx_word' id='word_1_435' title='bbox 728 4331 809 4385; x_wconf 82' lang='lat'><em>1268.</em></span> <span class='ocrx_word' id='word_1_436' title='bbox 829 4333 874 4388; x_wconf 72' lang='lat'><strong>24.</strong></span> <span class='ocrx_word' id='word_1_437' title='bbox 892 4329 1049 4386; x_wconf 65' lang='lat' dir='ltr'><strong>reseres</strong></span> <span class='ocrx_word' id='word_1_438' title='bbox 1062 4329 1191 4386; x_wconf 75' lang='lat' dir='ltr'><strong>clemens</strong></span> <span class='ocrx_word' id='word_1_439' title='bbox 1204 4307 1256 4386; x_wconf 83' lang='lat' dir='ltr'><strong>ui.</strong></span> <span class='ocrx_word' id='word_1_440' title='bbox 1269 4347 1344 4403; x_wconf 71' lang='lat' dir='ltr'><strong>pape</strong></span> <span class='ocrx_word' id='word_1_441' title='bbox 1355 4329 1568 4403; x_wconf 69' lang='lat' dir='ltr'><strong>adpetitionem</strong></span> 
     </span>
     <span class='ocr_line' id='line_1_45' title="bbox 325 4415 1571 4489; baseline 0.003 -17"><span class='ocrx_word' id='word_1_442' title='bbox 325 4416 494 4472; x_wconf 84' lang='lat' dir='ltr'><strong>Oolumhani</strong></span> <span class='ocrx_word' id='word_1_443' title='bbox 512 4417 636 4488; x_wconf 85' lang='lat' dir='ltr'><strong>episcopi</strong></span> <span class='ocrx_word' id='word_1_444' title='bbox 658 4417 851 4486; x_wconf 79' lang='lat' dir='ltr'><strong>Traguriensis</strong></span> <span class='ocrx_word' id='word_1_445' title='bbox 874 4415 1020 4473; x_wconf 85' lang='lat' dir='ltr'><strong>confirmat</strong></span> <span class='ocrx_word' id='word_1_446' title='bbox 1042 4416 1218 4473; x_wconf 87' lang='lat' dir='ltr'><strong>amicabilem</strong></span> <span class='ocrx_word' id='word_1_447' title='bbox 1241 4417 1472 4489; x_wconf 86' lang='lat' dir='ltr'><strong>compositionem</strong></span> <span class='ocrx_word' id='word_1_448' title='bbox 1496 4417 1571 4476; x_wconf 85' lang='lat' dir='ltr'><strong>inter</strong></span> 
     </span>
     <span class='ocr_line' id='line_1_46' title="bbox 325 4502 1568 4576; baseline 0.002 -16"><span class='ocrx_word' id='word_1_449' title='bbox 325 4505 386 4560; x_wconf 88' lang='lat' dir='ltr'><strong>eius</strong></span> <span class='ocrx_word' id='word_1_450' title='bbox 404 4504 551 4560; x_wconf 85' lang='lat' dir='ltr'><strong>ecclesiam</strong></span> <span class='ocrx_word' id='word_1_451' title='bbox 569 4520 633 4560; x_wconf 90' lang='lat' dir='ltr'><strong>cum</strong></span> <span class='ocrx_word' id='word_1_452' title='bbox 645 4503 720 4560; x_wconf 89' lang='lat' dir='ltr'><strong>clerc</strong></span> <span class='ocrx_word' id='word_1_453' title='bbox 734 4503 866 4560; x_wconf 88' lang='lat' dir='ltr'><strong>ecelesiae</strong></span> <span class='ocrx_word' id='word_1_454' title='bbox 879 4503 1065 4560; x_wconf 80' lang='lat' dir='ltr'><strong>Sibenieensie</strong></span> <span class='ocrx_word' id='word_1_455' title='bbox 1077 4502 1216 4562; x_wconf 88' lang='lat' dir='ltr'><strong>mediante</strong></span> <span class='ocrx_word' id='word_1_456' title='bbox 1229 4503 1424 4561; x_wconf 71' lang='lat' dir='ltr'><strong>mhidiaoono</strong></span> <span class='ocrx_word' id='word_1_457' title='bbox 1435 4505 1568 4576; x_wconf 83' lang='lat' dir='ltr'><strong>(Thema)</strong></span> 
     </span>
     <span class='ocr_line' id='line_1_47' title="bbox 325 4589 806 4662; baseline -0.004 -14"><span class='ocrx_word' id='word_1_458' title='bbox 325 4595 353 4648; x_wconf 92' lang='lat' dir='ltr'><strong>et</strong></span> <span class='ocrx_word' id='word_1_459' title='bbox 370 4591 492 4662; x_wconf 90' lang='lat' dir='ltr'><strong>capitulo</strong></span> <span class='ocrx_word' id='word_1_460' title='bbox 512 4591 672 4662; x_wconf 71' lang='lat' dir='ltr'><strong>spalatensi</strong></span> <span class='ocrx_word' id='word_1_461' title='bbox 691 4589 806 4647; x_wconf 70' lang='lat' dir='ltr'><strong>hetam.</strong></span> 
     </span>
    </p>

    <p class='ocr_par' dir='ltr' id='par_1_10' title="bbox 375 4675 936 4749">
     <span class='ocr_line' id='line_1_48' title="bbox 375 4675 936 4749; baseline -0.004 -17"><span class='ocrx_word' id='word_1_462' title='bbox 375 4675 503 4736; x_wconf 58' lang='lat' dir='ltr'><strong>Verba:</strong></span> <span class='ocrx_word' id='word_1_463' title='bbox 520 4676 601 4749; x_wconf 67' lang='lat' dir='ltr'><strong>iure.</strong></span> <span class='ocrx_word' id='word_1_464' title='bbox 618 4691 689 4736; x_wconf 78' lang='lat' dir='ltr'><strong>acea</strong></span> <span class='ocrx_word' id='word_1_465' title='bbox 709 4677 739 4734; x_wconf 82' lang='lat' dir='ltr'><strong>ii</strong></span> <span class='ocrx_word' id='word_1_466' title='bbox 756 4675 775 4733; x_wconf 86' lang='lat'><strong><em>1</em></strong></span> <span class='ocrx_word' id='word_1_467' title='bbox 780 4675 808 4734; x_wconf 80' lang='lat' dir='ltr'><strong>V.</strong></span> <span class='ocrx_word' id='word_1_468' title='bbox 825 4692 854 4747; x_wconf 83' lang='lat' dir='ltr'><strong>p.</strong></span> <span class='ocrx_word' id='word_1_469' title='bbox 874 4679 936 4731; x_wconf 75' lang='lat'><strong>³53.</strong></span> 
     </span>
    </p>
   </div>
   <div class='ocr_carea' id='block_1_5' title="bbox 0 0 1744 5356">
    <p class='ocr_par' dir='ltr' id='par_1_11' title="bbox 0 0 1744 5356">
     <span class='ocr_line' id='line_1_49' title="bbox 0 0 1744 5356; baseline 0 2"><span class='ocrx_word' id='word_1_470' title='bbox 0 0 1744 5356; x_wconf 95' lang='lat' dir='ltr'><strong> </strong></span> 
     </span>
    </p>
   </div>
  </div>
 </body>
</html>
