3544 5344
375 425 418 491 58
873 447 895 486 1.
917 431 1117 502 xnxnmnvrd,

375 611 478 667 Todori
495 611 531 667 de
550 612 659 677 Oroaae,
686 627 759 665 unna
787 609 908 664 tiliorum
934 615 962 664 et
988 609 1104 664 fratrum
1130 609 1165 664 de
1189 607 1339 674 Naimerio,
1364 623 1437 662 unua
1455 607 1490 662 de
1508 607 1617 677 Raigna

376 715 449 753 unna
466 698 502 754 de
520 699 651 767 Benigne,
674 713 747 753 unna
772 696 808 752 de
830 695 997 762 Dobranica,
1022 713 1095 751 unua
1119 693 1153 749 de
1178 694 1307 750 Gondola
1325 693 1405 750 etde
1423 693 1525 762 Morta,
1544 711 1616 750 unna

376 785 450 839 filine
468 785 599 839 Damiani
617 784 660 839 vel
677 783 756 838 Junii
773 783 809 838 de
827 782 915 850 (licia,
934 799 1007 837 unna
1025 781 1060 836 de
1077 781 1231 852 Bucignola
1248 782 1366 848 nomine,
1386 781 1459 835 liliua
1472 781 1616 851 Damjani;

376 878 520 942 praeterea
537 871 670 926 Nicolaua
688 869 723 926 de
741 869 854 925 Morene
877 875 905 924 et
927 871 1027 924 Petrua
1045 869 1105 923 eiua
1123 869 1214 935 frater,
1234 883 1307 923 unua
1324 867 1359 923 de
1378 867 1468 938 Stiglo
1486 874 1514 922 et
1531 868 1616 923 Slaba

375 957 410 1012 de
427 958 544 1029 Lampo,
563 975 635 1014 unua
653 958 689 1013 do
707 957 825 1022 Bouana,
844 955 992 1010 Methaeua
1011 955 1053 1010 vel
1071 955 1207 1022 Mencola,
1227 971 1299 1010 unua
1317 954 1352 1010 de
1371 955 1458 1010 Vitali
1475 955 1577 1010 Praaao
1590 961 1617 1010 et

375 1043 410 1098 de
428 1043 555 1112 omnixe,
575 1061 647 1099 unna
671 1043 706 1098 de
724 1043 844 1110 Macino,
869 1059 941 1097 unna
966 1041 1085 1097 filiorum
1108 1041 1142 1096 do
1160 1041 1260 1112 Lampi
1278 1047 1306 1096 et
1324 1040 1359 1096 do
1377 1041 1525 1112 Stopacha,
1544 1058 1616 1096 unua

376 1131 494 1186 filiorum
513 1131 547 1186 de
566 1132 701 1186 Pccoraro
720 1129 890 1198 (Ordarevit)
908 1127 988 1184 etde
1006 1129 1103 1198 Raetii
1125 1127 1258 1182 Nicolaue
1277 1127 1312 1184 de
1330 1129 1464 1183 Pecenico
1482 1145 1546 1184 enm
1563 1129 1616 1184 sra-

374 1217 464 1272 tribua
481 1216 548 1273 dent
566 1234 653 1272 unum
670 1233 705 1272 ex
723 1215 795 1284 filiia,
814 1232 887 1270 unua
906 1214 941 1270 do
960 1215 1100 1270 Mandnca
1117 1215 1207 1270 vicina
1225 1221 1252 1269 et
1269 1213 1305 1269 de
1321 1215 1476 1270 Zara-Zara.

428 1321 543 1390 wate:
561 1321 631 1378 Mon
649 1320 725 1376 Slao.
744 1336 807 1375 mer.
826 1323 896 1390 I‚p.
916 1323 961 1377 40.

429 1459 545 1514 CXCII.
563 1460 706 1532 venetiis,
725 1463 768 1513 29.
789 1459 914 1514 octobrio
933 1463 1010 1516 1226.
1028 1460 1081 1514 Per
1098 1459 1197 1514 ducem
1215 1459 1395 1514 Venetiarum
1413 1465 1535 1514 etenum
1553 1477 1616 1515 oon·

375 1547 467 1600 allium
485 1545 642 1601 ordinatum
660 1553 687 1601 et
705 1545 851 1600 atridatum
876 1551 919 1601 eat
937 1545 1046 1616 publice
1064 1563 1148 1617 anper
1166 1547 1255 1600 acalaa
1275 1533 1407 1602 Rivoalti:
1429 1546 1505 1616 qnod
1523 1547 1616 1602 nullus

375 1634 459 1688 homo
477 1633 666 1698 Venetiarum,
685 1632 878 1698 melerensis,
903 1631 1006 1687 audeat
1029 1634 1057 1686 in
1082 1639 1163 1687 antea
1187 1649 1236 1703 per
1260 1649 1291 1687 aa
1314 1633 1357 1687 vel
1382 1649 1464 1687 enum
1488 1634 1616 1688 nuntium

376 1737 427 1791 per
445 1719 556 1790 aliquod
575 1719 716 1790 ingenium
740 1719 860 1790 recipere
884 1719 911 1773 in
937 1735 988 1774 aua
1011 1719 1095 1774 domo
1118 1719 1238 1790 aliquem
1256 1719 1437 1788 linguonum,
1455 1737 1507 1774 nec
1524 1721 1617 1790 aliqua

375 1807 552 1862 mercimonia
576 1807 791 1876 Raguaanorum
818 1805 871 1859 niai
898 1805 926 1860 in
945 1807 1033 1876 prima
1056 1805 1100 1860 vel
1124 1805 1246 1862 secunda
1270 1805 1314 1860 die
1337 1805 1432 1862 fecerit
1449 1807 1502 1862 hoc
1520 1813 1617 1862 notum

376 1893 548 1950 vicedomino
565 1893 748 1949 venetiarum
766 1892 819 1948 aub
842 1909 933 1964 poena
956 1893 1088 1948 librarum
1108 1912 1166 1948 xxx
1185 1899 1212 1949 et
1230 1893 1380 1949 solidorum
1398 1911 1437 1948 xu
1455 1899 1482 1949 et
1500 1893 1617 1966 duplum

376 1986 512 2051 qnantum
531 1981 643 2036 solverit
659 1979 827 2050 Ragnainna.

428 2085 543 2153 ijit:
560 2085 640 2140 Mon.
659 2084 735 2140 Sion.
755 2101 819 2140 ater.
840 2089 908 2154 Lp.
926 2089 966 2142 41.

429 2187 721 2291 οιοιιι.ἰοιιοιιιι,
742 2227 785 2277 29.
810 2223 972 2278 namuro
990 2227 1069 2280 1226.
1095 2223 1260 2280 ominatum
1278 2225 1337 2291 fue,
1356 2224 1431 2294 quon
1450 2225 1617 2280 uniusve

376 2317 458 2364 nctus
476 2317 525 2366 aut
543 2311 659 2365 t'orenaia
684 2310 786 2365 audeat
812 2327 973 2382 comparare
998 2315 1046 2366 aut
1068 2311 1158 2365 facere
1182 2327 1343 2382 comparare
1367 2313 1394 2364 in
1419 2310 1507 2366 Jadra
1531 2329 1616 2366 neca

373 2395 462 2452 Jadra
487 2397 571 2475 inira¹
586 2397 762 2452 mercimonia
788 2396 909 2452 deducta
934 2398 962 2451 in
989 2397 1122 2452 Venetiae
1150 2397 1178 2451 in
1205 2415 1296 2470 poena
1322 2415 1380 2452 xxx
1406 2397 1466 2452 libr.
1497 2415 1557 2454 ven.
1588 2405 1616 2453 et

375 2482 479 2538 solidos
496 2501 543 2538 ιιι.

429 2569 544 2637 Ljattc:
562 2571 641 2625 Mon.
660 2569 735 2626 Stat.
755 2569 850 2625 eamd.
869 2573 892 2640 1,
909 2586 937 2639 p.
958 2573 997 2624 41.

426 2707 555 2764 CXCIV.
575 2709 609 2764 A„
627 2711 706 2764 1226.
719 2707 889 2765 Oolomanua
901 2727 949 2764 rex
962 2709 1117 2764 Rutheniac
1129 2726 1180 2764 nec
1193 2726 1248 2764 non
1262 2709 1390 2765 Oroatiae
1403 2710 1615 2780 Dalmatiaeque

374 2794 431 2848 dux
449 2795 556 2850 confert
574 2795 705 2850 ecclcsiae
727 2811 748 2849 a.
774 2796 915 2850 Laurentii
939 2796 974 2851 da
999 2797 1066 2866 Hoy
1084 2797 1171 2867 (Htj),
1190 2813 1274 2866 quam
1292 2798 1354 2850 avia
1375 2797 1435 2868 ejus
1454 2797 1614 2864 construxit,

374 2887 485 2952 portum
503 2883 551 2952 qui
569 2881 669 2936 dicitur
686 2881 757 2936 Paul
776 2900 826 2953 pro
844 2881 965 2938 remedio
984 2884 1092 2938 animae
1110 2883 1257 2939 defunctae
1269 2884 1364 2938 matria
1376 2901 1444 2940 auae
1462 2884 1614 2940 Gertrudie.

374 2967 542 3023 concedente
561 2974 639 3040 patre
657 2969 718 3039 ejus
736 2986 801 3040 rege
818 2969 938 3025 Andrea

425 3073 522 3140 Pejor:
542 3073 608 3129 Ocd.
627 3073 696 3143 dipl.
719 3075 747 3130 Τ.
771 3075 817 3142 VI,
835 3076 889 3130 ool.
908 3079 933 3144 2,
949 3091 979 3144 p.
999 3079 1058 3130 363.

427 3209 542 3265 OXGV.
563 3213 594 3265 A.
614 3215 693 3267 1226.
712 3212 780 3268 Bela
798 3229 846 3267 rex
861 3213 964 3282 junior,
977 3229 1041 3267 oum
1054 3212 1166 3283 quidam
1178 3213 1295 3284 Egidina
1308 3219 1421 3285 propter
1432 3214 1614 3285 privationem

373 3297 516 3353 oculorum
534 3297 578 3351 aui
596 3298 688 3352 fratria
707 3315 756 3369 per
774 3298 944 3354 Muterinnm
963 3299 1049 3354 lilium
1062 3301 1191 3354 Muterini
1204 3300 1385 3370 adjudicium
1397 3302 1469 3371 regia
1482 3303 1613 3372 petiisset,

371 3384 504 3453 judicavit
521 3383 583 3439 illo·
601 3401 650 3439 rex
677 3401 741 3439 cnm
767 3386 882 3441 consilio
910 3403 1022 3441 auorum
1047 3385 1228 3456 jobagionum
1253 3387 1288 3441 ad
1311 3405 1427 3443 examen
1449 3387 1533 3443 duelli
1552 3405 1614 3443 cxc·

371 3468 521 3539 quendum.
541 3471 577 3524 Et
595 3471 661 3540 quia
679 3469 768 3526 dictus
788 3473 943 3527 Muterinua
962 3471 997 3527 ud
1015 3472 1119 3527 dictum
1137 3474 1285 3528 terminum
1303 3493 1359 3529 non
1373 3475 1454 3536 venit,
1468 3491 1518 3530 nec
1531 3475 1612 3540 misit,

371 3557 463 3626 ipsum
481 3556 510 3610 in
529 3556 576 3611 00
595 3558 694 3612 marcia
713 3565 771 3612 tam
789 3575 840 3629 pro
859 3559 1015 3628 privacione
1033 3560 1177 3616 oculorum
1195 3578 1280 3630 quam
1296 3563 1325 3616 in
1338 3562 1416 3616 lactis
1428 3561 1537 3616 damnis
1550 3579 1614 3617 con·

371 3641 520 3697 demnavit
540 3641 594 3698 Sed
614 3644 680 3712 quia
698 3645 830 3714 magistro
849 3644 991 3715 Stephano
1009 3647 1140 3717 episcopo
1161 3647 1332 3716 zagrabienai
1351 3648 1493 3715 attinebat,
1512 3648 1547 3703 ad
1567 3666 1613 3719 pe·

372 3728 497 3784 titionem
516 3730 603 3800 ipsius
621 3731 765 3796 commisit,
785 3737 816 3784 nt
834 3731 904 3784 inter
922 3749 969 3786 eoa
989 3749 1085 3801 pacem
1099 3733 1245 3788 laeviorem
1257 3733 1423 3801 reformaret,
1440 3741 1468 3790 et
1481 3741 1511 3789 ut
1523 3735 1613 3790 dicun

372 3815 528 3870 Muterinua
546 3815 703 3871 adversario
722 3817 777 3870 CL.
796 3833 904 3872 marcae
922 3819 1073 3888 persolvat;
1092 3817 1141 3872 aed
1160 3819 1224 3888 quia
1242 3837 1298 3874 non
1316 3820 1414 3874 habuit
1426 3820 1500 3875 unde
1518 3828 1614 3891 poaaet

373 3902 536 3970 persolvere,
556 3903 712 3972 praefatum
730 3903 892 3972 episcopum
910 3921 1003 3957 coram
1022 3903 1154 3973 priataldo
1172 3905 1243 3973 regia
1258 3905 1345 3960 Chete
1362 3908 1462 3962 comita
1480 3913 1612 3962 eteorum

372 3987 466 4040 multia
485 3987 544 4041 aliia
572 3989 686 4058 rogavit,
714 3995 745 4042 ut
762 3989 822 4058 ipae
850 4007 901 4059 pro
927 3995 986 4043 toto
1014 4005 1066 4044 auo
1094 3989 1214 4060 praedio,
1242 3991 1318 4061 quod
1342 3993 1413 4047 inter
1439 3993 1561 4048 Dravam
1586 4000 1613 4048 et

372 4073 483 4128 Murem
500 4073 629 4140 habebat,
649 4075 802 4146 praefatam
821 4077 967 4144 pecuniam
991 4075 1148 4130 adversario
1166 4093 1217 4132 auo
1236 4079 1361 4144 solveret,
1381 4079 1429 4132 tali
1447 4079 1612 4146 conditione,

372 4165 403 4214 ut
421 4160 444 4212 ai
463 4175 551 4228 usque
570 4159 605 4215 ad
623 4161 795 4218 nativitatem
819 4160 923 4216 domini
951 4162 1076 4232 proxime
1100 4169 1246 4217 venturum
1268 4180 1325 4218 non
1348 4163 1482 4230 redderet,
1502 4171 1567 4218 tunc
1586 4171 1613 4218 et

371 4251 461 4299 totum
480 4245 623 4316 praedium
642 4247 768 4317 perderet
786 4255 813 4302 et
831 4254 927 4302 contra
945 4249 1107 4320 episcopum
1125 4250 1347 4306 reclamationem
1365 4267 1422 4305 non
1440 4250 1561 4306 haberet.
1576 4253 1613 4305 Et

371 4331 437 4399 quia
454 4330 557 4385 dictam
575 4333 721 4402 pecuniam
739 4349 790 4388 nec
807 4351 896 4404 uaque
914 4333 1019 4390 dictum
1037 4337 1192 4404 terminum,
1204 4353 1255 4392 nec
1267 4336 1302 4390 ad
1315 4337 1510 4408 prolongatum
1523 4353 1612 4406 usque

372 4417 504 4486 pascham
523 4417 628 4472 solvere
646 4419 742 4485 voluit,
760 4419 855 4474 habito
879 4421 993 4477 coneilio
1013 4423 1133 4478 omniurn
1159 4429 1319 4492 magnatum
1337 4423 1410 4491 regis
1429 4429 1456 4477 et
1473 4439 1611 4477 oonaenau

371 4501 476 4558 dictum
494 4503 626 4558 Muterini
644 4505 787 4574 praedium
805 4506 904 4560 Biatrie
922 4513 949 4561 et
967 4507 1042 4563 Otolr
1061 4508 1160 4578 Soiget
1183 4525 1230 4563 rex
1248 4509 1379 4579 episcopo
1398 4509 1425 4562 in
1444 4515 1611 4578 perpetuum

371 4587 539 4644 adiudicavit
556 4589 695 4645 Priataldo
713 4592 812 4646 comite
831 4591 925 4658 Chete,
944 4599 972 4647 et
989 4595 1151 4650 cancellario
1165 4595 1269 4649 Mathia
1288 4595 1446 4664 praeposito
1464 4593 1575 4664 zagrab.

425 4673 547 4732 stultit:
566 4677 751 4734 monumenta
768 4693 830 4747 epp.
847 4681 961 4748 namot.
978 4681 1005 4749 Ι,
1022 4685 1066 4734 57.
