<?xml version="1.0" encoding="UTF-8"?>
<!DOCTYPE html PUBLIC "-//W3C//DTD XHTML 1.0 Transitional//EN"
    "http://www.w3.org/TR/xhtml1/DTD/xhtml1-transitional.dtd">
<html xmlns="http://www.w3.org/1999/xhtml" xml:lang="en" lang="en">
 <head>
  <title>
</title>
<meta http-equiv="Content-Type" content="text/html;charset=utf-8" />
  <meta name='ocr-system' content='tesseract 3.04.00' />
  <meta name='ocr-capabilities' content='ocr_page ocr_carea ocr_par ocr_line ocrx_word'/>
</head>
<body>
  <div class='ocr_page' id='page_1' title='image "./regestadocument00sakcgoog_0130.png"; bbox 0 0 3464 5382; ppageno 0'>
   <div class='ocr_carea' id='block_1_1' title="bbox 369 457 1105 532">
    <p class='ocr_par' dir='ltr' id='par_1_1' title="bbox 369 457 1105 532">
     <span class='ocr_line' id='line_1_1' title="bbox 369 457 1105 532; baseline 0 -12"><span class='ocrx_word' id='word_1_1' title='bbox 369 457 432 522; x_wconf 80' lang='lat'>124</span> <span class='ocrx_word' id='word_1_2' title='bbox 860 479 881 520; x_wconf 91' lang='lat' dir='ltr'>r.</span> <span class='ocrx_word' id='word_1_3' title='bbox 905 465 1105 532; x_wconf 79' lang='lat' dir='ltr'>sustrursvrd,</span> 
     </span>
    </p>
   </div>
   <div class='ocr_carea' id='block_1_2' title="bbox 365 642 1610 1062">
    <p class='ocr_par' dir='ltr' id='par_1_2' title="bbox 365 642 1610 892">
     <span class='ocr_line' id='line_1_2' title="bbox 365 642 1610 717; baseline 0.002 -18"><span class='ocrx_word' id='word_1_4' title='bbox 365 643 519 701; x_wconf 86' lang='lat' dir='ltr'>secundum</span> <span class='ocrx_word' id='word_1_5' title='bbox 536 642 612 714; x_wconf 87' lang='lat' dir='ltr'>quod</span> <span class='ocrx_word' id='word_1_6' title='bbox 630 659 683 698; x_wconf 83' lang='lat' dir='ltr'>evo</span> <span class='ocrx_word' id='word_1_7' title='bbox 702 661 754 700; x_wconf 89' lang='lat' dir='ltr'>suo</span> <span class='ocrx_word' id='word_1_8' title='bbox 766 643 850 700; x_wconf 91' lang='lat' dir='ltr'>Belae</span> <span class='ocrx_word' id='word_1_9' title='bbox 867 644 926 713; x_wconf 91' lang='lat' dir='ltr'>regi</span> <span class='ocrx_word' id='word_1_10' title='bbox 945 644 1148 716; x_wconf 87' lang='lat' dir='ltr'>praestiterunt</span> <span class='ocrx_word' id='word_1_11' title='bbox 1167 645 1272 700; x_wconf 82' lang='lat' dir='ltr'>Datum</span> <span class='ocrx_word' id='word_1_12' title='bbox 1290 661 1341 716; x_wconf 91' lang='lat' dir='ltr'>per</span> <span class='ocrx_word' id='word_1_13' title='bbox 1358 661 1458 700; x_wconf 88' lang='lat' dir='ltr'>manus</span> <span class='ocrx_word' id='word_1_14' title='bbox 1468 645 1610 717; x_wconf 87' lang='lat' dir='ltr'>Stephani</span> 
     </span>
     <span class='ocr_line' id='line_1_3' title="bbox 366 729 1608 806; baseline 0 -18"><span class='ocrx_word' id='word_1_15' title='bbox 366 733 491 804; x_wconf 88' lang='lat' dir='ltr'>episcopi</span> <span class='ocrx_word' id='word_1_16' title='bbox 509 731 645 787; x_wconf 82' lang='lat' dir='ltr'>vaciensis</span> <span class='ocrx_word' id='word_1_17' title='bbox 663 729 741 786; x_wconf 90' lang='lat' dir='ltr'>electi</span> <span class='ocrx_word' id='word_1_18' title='bbox 759 731 959 802; x_wconf 89' lang='lat' dir='ltr'>archiepiscopi</span> <span class='ocrx_word' id='word_1_19' title='bbox 981 730 1186 802; x_wconf 71' lang='lat' dir='ltr'>strigoniensis.</span> <span class='ocrx_word' id='word_1_20' title='bbox 1211 731 1354 788; x_wconf 81' lang='lat' dir='ltr'>Existente</span> <span class='ocrx_word' id='word_1_21' title='bbox 1372 731 1515 804; x_wconf 86' lang='lat' dir='ltr'>Stephano</span> <span class='ocrx_word' id='word_1_22' title='bbox 1534 734 1608 806; x_wconf 85' lang='lat' dir='ltr'>epis·</span> 
     </span>
     <span class='ocr_line' id='line_1_4' title="bbox 365 817 1180 892; baseline -0.002 -16"><span class='ocrx_word' id='word_1_23' title='bbox 365 835 437 892; x_wconf 88' lang='lat' dir='ltr'>copo</span> <span class='ocrx_word' id='word_1_24' title='bbox 455 817 564 889; x_wconf 87' lang='lat' dir='ltr'>sagrab.</span> <span class='ocrx_word' id='word_1_25' title='bbox 583 817 710 874; x_wconf 87' lang='lat' dir='ltr'>Dionisio</span> <span class='ocrx_word' id='word_1_26' title='bbox 728 818 802 874; x_wconf 87' lang='lat' dir='ltr'>banc</span> <span class='ocrx_word' id='word_1_27' title='bbox 828 817 974 888; x_wconf 77' lang='lat' dir='ltr'>Signatum</span> <span class='ocrx_word' id='word_1_28' title='bbox 993 835 1078 875; x_wconf 86' lang='lat' dir='ltr'>aurea</span> <span class='ocrx_word' id='word_1_29' title='bbox 1097 817 1180 876; x_wconf 87' lang='lat' dir='ltr'>bulla.</span> 
     </span>
    </p>

    <p class='ocr_par' dir='ltr' id='par_1_3' title="bbox 367 903 1608 1062">
     <span class='ocr_line' id='line_1_5' title="bbox 418 903 1608 979; baseline 0.003 -19"><span class='ocrx_word' id='word_1_30' title='bbox 418 906 455 960; x_wconf 77' lang='lat' dir='ltr'>Ira</span> <span class='ocrx_word' id='word_1_31' title='bbox 472 905 591 960; x_wconf 74' lang='lat' dir='ltr'>erutae</span> <span class='ocrx_word' id='word_1_32' title='bbox 608 903 724 974; x_wconf 80' lang='lat' dir='ltr'>reipubl.</span> <span class='ocrx_word' id='word_1_33' title='bbox 748 903 930 961; x_wconf 76' lang='lat' dir='ltr'>Venetiarurre</span> <span class='ocrx_word' id='word_1_34' title='bbox 949 906 1028 961; x_wconf 73' lang='lat' dir='ltr'>Libri</span> <span class='ocrx_word' id='word_1_35' title='bbox 1038 911 1194 976; x_wconf 79' lang='lat' dir='ltr'>pactorum.</span> <span class='ocrx_word' id='word_1_36' title='bbox 1213 910 1230 962; x_wconf 91' lang='lat' dir='ltr'>l</span> <span class='ocrx_word' id='word_1_37' title='bbox 1238 912 1300 963; x_wconf 72' lang='lat'>1⁷1.</span> <span class='ocrx_word' id='word_1_38' title='bbox 1324 909 1436 964; x_wconf 80' lang='lat' dir='ltr'>Weurel.</span> <span class='ocrx_word' id='word_1_39' title='bbox 1450 909 1514 965; x_wconf 81' lang='lat' dir='ltr'>Ood.</span> <span class='ocrx_word' id='word_1_40' title='bbox 1528 909 1608 979; x_wconf 76' lang='lat' dir='ltr'>Dipl</span> 
     </span>
     <span class='ocr_line' id='line_1_6' title="bbox 367 993 602 1062; baseline -0.009 -14"><span class='ocrx_word' id='word_1_41' title='bbox 367 993 466 1062; x_wconf 82' lang='lat' dir='ltr'>crped.</span> <span class='ocrx_word' id='word_1_42' title='bbox 486 994 524 1046; x_wconf 88' lang='lat'>11.</span> <span class='ocrx_word' id='word_1_43' title='bbox 542 996 602 1048; x_wconf 73' lang='lat'><strong><em>143.</em></strong></span> 
     </span>
    </p>
   </div>
   <div class='ocr_carea' id='block_1_3' title="bbox 366 1097 1612 2042">
    <p class='ocr_par' dir='ltr' id='par_1_4' title="bbox 366 1097 1612 1954">
     <span class='ocr_line' id='line_1_7' title="bbox 419 1097 1610 1171; baseline 0.003 -18"><span class='ocrx_word' id='word_1_44' title='bbox 419 1097 597 1154; x_wconf 80' lang='lat' dir='ltr'>GCOOXIX.</span> <span class='ocrx_word' id='word_1_45' title='bbox 624 1097 745 1166; x_wconf 79' lang='lat' dir='ltr'>Glissse,</span> <span class='ocrx_word' id='word_1_46' title='bbox 773 1103 816 1154; x_wconf 82' lang='lat'>16.</span> <span class='ocrx_word' id='word_1_47' title='bbox 843 1099 916 1154; x_wconf 73' lang='lat' dir='ltr'>Mass</span> <span class='ocrx_word' id='word_1_48' title='bbox 943 1101 1019 1154; x_wconf 76' lang='lat'>1242,</span> <span class='ocrx_word' id='word_1_49' title='bbox 1048 1099 1208 1170; x_wconf 74' lang='lat' dir='ltr'>Stephanus</span> <span class='ocrx_word' id='word_1_50' title='bbox 1235 1099 1384 1171; x_wconf 87' lang='lat' dir='ltr'>episcopus</span> <span class='ocrx_word' id='word_1_51' title='bbox 1413 1099 1553 1156; x_wconf 83' lang='lat' dir='ltr'>veclensis</span> <span class='ocrx_word' id='word_1_52' title='bbox 1580 1109 1610 1157; x_wconf 86' lang='lat' dir='ltr'>et</span> 
     </span>
     <span class='ocr_line' id='line_1_8' title="bbox 367 1185 1610 1260; baseline 0 -17"><span class='ocrx_word' id='word_1_53' title='bbox 367 1186 472 1243; x_wconf 88' lang='lat' dir='ltr'>electus</span> <span class='ocrx_word' id='word_1_54' title='bbox 491 1185 716 1257; x_wconf 86' lang='lat' dir='ltr'>archiepiscopus</span> <span class='ocrx_word' id='word_1_55' title='bbox 725 1185 923 1257; x_wconf 85' lang='lat' dir='ltr'>Strigoniensis</span> <span class='ocrx_word' id='word_1_56' title='bbox 941 1185 1073 1254; x_wconf 87' lang='lat' dir='ltr'>notificet,</span> <span class='ocrx_word' id='word_1_57' title='bbox 1091 1186 1166 1256; x_wconf 87' lang='lat' dir='ltr'>qued</span> <span class='ocrx_word' id='word_1_58' title='bbox 1185 1193 1250 1258; x_wconf 90' lang='lat' dir='ltr'>post</span> <span class='ocrx_word' id='word_1_59' title='bbox 1267 1187 1506 1243; x_wconf 88' lang='lat' dir='ltr'>confirmationem</span> <span class='ocrx_word' id='word_1_60' title='bbox 1525 1189 1610 1260; x_wconf 85' lang='lat' dir='ltr'>privi-</span> 
     </span>
     <span class='ocr_line' id='line_1_9' title="bbox 369 1271 1611 1345; baseline 0.002 -17"><span class='ocrx_word' id='word_1_61' title='bbox 369 1273 435 1344; x_wconf 90' lang='lat' dir='ltr'>legii</span> <span class='ocrx_word' id='word_1_62' title='bbox 454 1289 503 1344; x_wconf 90' lang='lat' dir='ltr'>per</span> <span class='ocrx_word' id='word_1_63' title='bbox 520 1287 614 1342; x_wconf 88' lang='lat' dir='ltr'>regem</span> <span class='ocrx_word' id='word_1_64' title='bbox 633 1272 730 1328; x_wconf 79' lang='lat' dir='ltr'>Belem</span> <span class='ocrx_word' id='word_1_65' title='bbox 747 1273 791 1328; x_wconf 90' lang='lat' dir='ltr'>IV</span> <span class='ocrx_word' id='word_1_66' title='bbox 811 1273 921 1338; x_wconf 83' lang='lat' dir='ltr'>iactam,</span> <span class='ocrx_word' id='word_1_67' title='bbox 945 1273 1117 1330; x_wconf 86' lang='lat' dir='ltr'>constituerit</span> <span class='ocrx_word' id='word_1_68' title='bbox 1135 1271 1308 1345; x_wconf 74' lang='lat' dir='ltr'>Stephanum</span> <span class='ocrx_word' id='word_1_69' title='bbox 1332 1273 1420 1329; x_wconf 89' lang='lat' dir='ltr'>filium</span> <span class='ocrx_word' id='word_1_70' title='bbox 1445 1275 1611 1332; x_wconf 87' lang='lat' dir='ltr'>Martinussi</span> 
     </span>
     <span class='ocr_line' id='line_1_10' title="bbox 366 1357 1611 1432; baseline 0.002 -16"><span class='ocrx_word' id='word_1_71' title='bbox 366 1361 503 1432; x_wconf 89' lang='lat' dir='ltr'>iupanum</span> <span class='ocrx_word' id='word_1_72' title='bbox 531 1375 581 1430; x_wconf 90' lang='lat' dir='ltr'>pro</span> <span class='ocrx_word' id='word_1_73' title='bbox 610 1359 758 1430; x_wconf 88' lang='lat' dir='ltr'>prastaldo,</span> <span class='ocrx_word' id='word_1_74' title='bbox 784 1365 816 1415; x_wconf 91' lang='lat' dir='ltr'>nt</span> <span class='ocrx_word' id='word_1_75' title='bbox 841 1357 999 1415; x_wconf 88' lang='lat' dir='ltr'>introducat</span> <span class='ocrx_word' id='word_1_76' title='bbox 1026 1360 1196 1430; x_wconf 72' lang='lat' dir='ltr'>Tragurium</span> <span class='ocrx_word' id='word_1_77' title='bbox 1214 1362 1242 1414; x_wconf 90' lang='lat' dir='ltr'>in</span> <span class='ocrx_word' id='word_1_78' title='bbox 1261 1363 1466 1432; x_wconf 86' lang='lat' dir='ltr'>possessionem</span> <span class='ocrx_word' id='word_1_79' title='bbox 1493 1379 1611 1418; x_wconf 88' lang='lat' dir='ltr'>suarum</span> 
     </span>
     <span class='ocr_line' id='line_1_11' title="bbox 367 1445 1611 1518; baseline 0.002 -14"><span class='ocrx_word' id='word_1_80' title='bbox 367 1454 509 1504; x_wconf 89' lang='lat' dir='ltr'>terrarum.</span> <span class='ocrx_word' id='word_1_81' title='bbox 527 1447 566 1502; x_wconf 87' lang='lat' dir='ltr'>Et</span> <span class='ocrx_word' id='word_1_82' title='bbox 584 1452 734 1518; x_wconf 84' lang='lat' dir='ltr'>postquam</span> <span class='ocrx_word' id='word_1_83' title='bbox 751 1464 800 1502; x_wconf 82' lang='lat' dir='ltr'>rex</span> <span class='ocrx_word' id='word_1_84' title='bbox 818 1453 968 1502; x_wconf 87' lang='lat' dir='ltr'>recesserat</span> <span class='ocrx_word' id='word_1_85' title='bbox 981 1463 1016 1502; x_wconf 82' lang='lat' dir='ltr'>ex</span> <span class='ocrx_word' id='word_1_86' title='bbox 1028 1445 1176 1514; x_wconf 85' lang='lat' dir='ltr'>Delmatia,</span> <span class='ocrx_word' id='word_1_87' title='bbox 1194 1448 1346 1504; x_wconf 81' lang='lat' dir='ltr'>nominavit</span> <span class='ocrx_word' id='word_1_88' title='bbox 1359 1466 1422 1504; x_wconf 91' lang='lat' dir='ltr'>eum</span> <span class='ocrx_word' id='word_1_89' title='bbox 1434 1449 1462 1504; x_wconf 90' lang='lat' dir='ltr'>in</span> <span class='ocrx_word' id='word_1_90' title='bbox 1475 1451 1611 1506; x_wconf 85' lang='lat' dir='ltr'>vicarium</span> 
     </span>
     <span class='ocr_line' id='line_1_12' title="bbox 367 1533 1610 1607; baseline 0.001 -16"><span class='ocrx_word' id='word_1_91' title='bbox 367 1551 457 1592; x_wconf 89' lang='lat' dir='ltr'>suum.</span> <span class='ocrx_word' id='word_1_92' title='bbox 485 1533 530 1589; x_wconf 87' lang='lat' dir='ltr'>Ad</span> <span class='ocrx_word' id='word_1_93' title='bbox 548 1549 632 1604; x_wconf 86' lang='lat' dir='ltr'>quem</span> <span class='ocrx_word' id='word_1_94' title='bbox 649 1551 713 1590; x_wconf 91' lang='lat' dir='ltr'>cum</span> <span class='ocrx_word' id='word_1_95' title='bbox 737 1550 863 1590; x_wconf 83' lang='lat' dir='ltr'>reversus</span> <span class='ocrx_word' id='word_1_96' title='bbox 890 1534 989 1589; x_wconf 84' lang='lat' dir='ltr'>luisset</span> <span class='ocrx_word' id='word_1_97' title='bbox 1016 1533 1166 1604; x_wconf 86' lang='lat' dir='ltr'>pristaldos</span> <span class='ocrx_word' id='word_1_98' title='bbox 1193 1535 1260 1600; x_wconf 88' lang='lat' dir='ltr'>eius,</span> <span class='ocrx_word' id='word_1_99' title='bbox 1287 1536 1388 1604; x_wconf 87' lang='lat' dir='ltr'>retulit,</span> <span class='ocrx_word' id='word_1_100' title='bbox 1416 1535 1491 1607; x_wconf 90' lang='lat' dir='ltr'>quod</span> <span class='ocrx_word' id='word_1_101' title='bbox 1519 1545 1610 1594; x_wconf 87' lang='lat' dir='ltr'>metas</span> 
     </span>
     <span class='ocr_line' id='line_1_13' title="bbox 366 1621 1612 1698; baseline 0.001 -20"><span class='ocrx_word' id='word_1_102' title='bbox 366 1623 502 1678; x_wconf 89' lang='lat' dir='ltr'>dictarum</span> <span class='ocrx_word' id='word_1_103' title='bbox 519 1627 652 1677; x_wconf 82' lang='lat' dir='ltr'>terrarum</span> <span class='ocrx_word' id='word_1_104' title='bbox 671 1622 870 1694; x_wconf 74' lang='lat' dir='ltr'>conscripserit,</span> <span class='ocrx_word' id='word_1_105' title='bbox 898 1637 1016 1692; x_wconf 87' lang='lat' dir='ltr'>quarum</span> <span class='ocrx_word' id='word_1_106' title='bbox 1033 1625 1125 1676; x_wconf 88' lang='lat' dir='ltr'>metae</span> <span class='ocrx_word' id='word_1_107' title='bbox 1142 1621 1362 1677; x_wconf 77' lang='lat' dir='ltr'>extendebantur</span> <span class='ocrx_word' id='word_1_108' title='bbox 1379 1639 1396 1678; x_wconf 86' lang='lat' dir='ltr'>a</span> <span class='ocrx_word' id='word_1_109' title='bbox 1413 1623 1543 1679; x_wconf 78' lang='lat' dir='ltr'>column</span> <span class='ocrx_word' id='word_1_110' title='bbox 1556 1625 1612 1698; x_wconf 86' lang='lat' dir='ltr'>suh</span> 
     </span>
     <span class='ocr_line' id='line_1_14' title="bbox 368 1709 1611 1783; baseline 0 -16"><span class='ocrx_word' id='word_1_111' title='bbox 368 1711 470 1780; x_wconf 87' lang='lat' dir='ltr'>Ostrog</span> <span class='ocrx_word' id='word_1_112' title='bbox 498 1725 588 1780; x_wconf 88' lang='lat' dir='ltr'>usque</span> <span class='ocrx_word' id='word_1_113' title='bbox 607 1709 642 1764; x_wconf 86' lang='lat' dir='ltr'>sd</span> <span class='ocrx_word' id='word_1_114' title='bbox 661 1709 848 1780; x_wconf 84' lang='lat' dir='ltr'>Smoquisam.</span> <span class='ocrx_word' id='word_1_115' title='bbox 876 1709 1012 1776; x_wconf 78' lang='lat' dir='ltr'>Quocirca</span> <span class='ocrx_word' id='word_1_116' title='bbox 1038 1711 1177 1765; x_wconf 87' lang='lat' dir='ltr'>instarunt</span> <span class='ocrx_word' id='word_1_117' title='bbox 1203 1711 1349 1781; x_wconf 85' lang='lat' dir='ltr'>Tragurini</span> <span class='ocrx_word' id='word_1_118' title='bbox 1376 1711 1508 1780; x_wconf 90' lang='lat' dir='ltr'>reginam,</span> <span class='ocrx_word' id='word_1_119' title='bbox 1535 1729 1611 1783; x_wconf 85' lang='lat' dir='ltr'>quse</span> 
     </span>
     <span class='ocr_line' id='line_1_15' title="bbox 367 1795 1609 1869; baseline 0.003 -17"><span class='ocrx_word' id='word_1_120' title='bbox 367 1803 434 1853; x_wconf 89' lang='lat' dir='ltr'>tunc</span> <span class='ocrx_word' id='word_1_121' title='bbox 452 1795 544 1852; x_wconf 88' lang='lat' dir='ltr'>adhuc</span> <span class='ocrx_word' id='word_1_122' title='bbox 561 1795 716 1866; x_wconf 86' lang='lat' dir='ltr'>degebatin</span> <span class='ocrx_word' id='word_1_123' title='bbox 726 1796 876 1867; x_wconf 85' lang='lat' dir='ltr'>Dalmatia,</span> <span class='ocrx_word' id='word_1_124' title='bbox 894 1801 925 1852; x_wconf 89' lang='lat' dir='ltr'>ut</span> <span class='ocrx_word' id='word_1_125' title='bbox 942 1813 960 1851; x_wconf 93' lang='lat' dir='ltr'>a</span> <span class='ocrx_word' id='word_1_126' title='bbox 976 1797 1111 1853; x_wconf 92' lang='lat' dir='ltr'>mittendo</span> <span class='ocrx_word' id='word_1_127' title='bbox 1129 1799 1286 1854; x_wconf 87' lang='lat' dir='ltr'>testimonio</span> <span class='ocrx_word' id='word_1_128' title='bbox 1299 1798 1355 1854; x_wconf 90' lang='lat' dir='ltr'>sint</span> <span class='ocrx_word' id='word_1_129' title='bbox 1366 1799 1511 1866; x_wconf 85' lang='lat' dir='ltr'>immunes,</span> <span class='ocrx_word' id='word_1_130' title='bbox 1530 1799 1609 1869; x_wconf 88' lang='lat' dir='ltr'>quod</span> 
     </span>
     <span class='ocr_line' id='line_1_16' title="bbox 367 1884 681 1954; baseline 0.003 -15"><span class='ocrx_word' id='word_1_131' title='bbox 367 1885 407 1940; x_wconf 91' lang='lat' dir='ltr'>eis</span> <span class='ocrx_word' id='word_1_132' title='bbox 425 1884 520 1954; x_wconf 87' lang='lat' dir='ltr'>regins</span> <span class='ocrx_word' id='word_1_133' title='bbox 537 1885 681 1940; x_wconf 87' lang='lat' dir='ltr'>concessit.</span> 
     </span>
    </p>

    <p class='ocr_par' dir='ltr' id='par_1_5' title="bbox 419 1971 943 2042">
     <span class='ocr_line' id='line_1_17' title="bbox 419 1971 943 2042; baseline 0 -16"><span class='ocrx_word' id='word_1_134' title='bbox 419 1973 538 2026; x_wconf 79' lang='lat' dir='ltr'>Lucius:</span> <span class='ocrx_word' id='word_1_135' title='bbox 555 1971 685 2027; x_wconf 73' lang='lat' dir='ltr'>Memoris</span> <span class='ocrx_word' id='word_1_136' title='bbox 702 1971 734 2028; x_wconf 84' lang='lat' dir='ltr'>di</span> <span class='ocrx_word' id='word_1_137' title='bbox 754 1973 837 2028; x_wconf 74' lang='lat' dir='ltr'>lbos.</span> <span class='ocrx_word' id='word_1_138' title='bbox 855 1988 882 2042; x_wconf 88' lang='lat' dir='ltr'>p.</span> <span class='ocrx_word' id='word_1_139' title='bbox 901 1975 943 2026; x_wconf 69' lang='grc'>44.</span> 
     </span>
    </p>
   </div>
   <div class='ocr_carea' id='block_1_4' title="bbox 367 2093 1613 2692">
    <p class='ocr_par' dir='ltr' id='par_1_6' title="bbox 367 2093 1613 2692">
     <span class='ocr_line' id='line_1_18' title="bbox 420 2093 1612 2168; baseline 0.003 -19"><span class='ocrx_word' id='word_1_140' title='bbox 420 2093 582 2149; x_wconf 81' lang='lat' dir='ltr'>OCCOXX.</span> <span class='ocrx_word' id='word_1_141' title='bbox 600 2095 725 2166; x_wconf 83' lang='lat' dir='ltr'>Spalati‚</span> <span class='ocrx_word' id='word_1_142' title='bbox 750 2093 1028 2149; x_wconf 70' lang='lat' dir='ltr'>memsdulii12l2.</span> <span class='ocrx_word' id='word_1_143' title='bbox 1049 2093 1233 2168; x_wconf 85' lang='lat' dir='ltr'>Temporibus</span> <span class='ocrx_word' id='word_1_144' title='bbox 1258 2095 1393 2166; x_wconf 84' lang='lat' dir='ltr'>Stephani</span> <span class='ocrx_word' id='word_1_145' title='bbox 1417 2096 1497 2152; x_wconf 90' lang='lat' dir='ltr'>electi</span> <span class='ocrx_word' id='word_1_146' title='bbox 1522 2097 1612 2153; x_wconf 87' lang='lat' dir='ltr'>arehi-</span> 
     </span>
     <span class='ocr_line' id='line_1_19' title="bbox 368 2179 1613 2254; baseline 0.002 -18"><span class='ocrx_word' id='word_1_147' title='bbox 368 2181 493 2253; x_wconf 88' lang='lat' dir='ltr'>episcopi</span> <span class='ocrx_word' id='word_1_148' title='bbox 521 2181 694 2252; x_wconf 88' lang='lat' dir='ltr'>Spalatensis</span> <span class='ocrx_word' id='word_1_149' title='bbox 721 2186 749 2236; x_wconf 90' lang='lat' dir='ltr'>et</span> <span class='ocrx_word' id='word_1_150' title='bbox 775 2180 876 2236; x_wconf 86' lang='lat' dir='ltr'>nobilis</span> <span class='ocrx_word' id='word_1_151' title='bbox 894 2181 944 2235; x_wconf 85' lang='lat' dir='ltr'>viri</span> <span class='ocrx_word' id='word_1_152' title='bbox 961 2179 1079 2236; x_wconf 87' lang='lat' dir='ltr'>Joannie</span> <span class='ocrx_word' id='word_1_153' title='bbox 1107 2183 1259 2254; x_wconf 84' lang='lat' dir='ltr'>potestatis,</span> <span class='ocrx_word' id='word_1_154' title='bbox 1286 2183 1394 2238; x_wconf 90' lang='lat' dir='ltr'>comitis</span> <span class='ocrx_word' id='word_1_155' title='bbox 1414 2181 1565 2239; x_wconf 87' lang='lat' dir='ltr'>Modrusre</span> <span class='ocrx_word' id='word_1_156' title='bbox 1583 2189 1613 2239; x_wconf 89' lang='lat' dir='ltr'>et</span> 
     </span>
     <span class='ocr_line' id='line_1_20' title="bbox 367 2267 1613 2336; baseline 0.002 -13"><span class='ocrx_word' id='word_1_157' title='bbox 367 2268 509 2336; x_wconf 89' lang='lat' dir='ltr'>Vinodoli,</span> <span class='ocrx_word' id='word_1_158' title='bbox 536 2267 658 2324; x_wconf 89' lang='lat' dir='ltr'>iudicum</span> <span class='ocrx_word' id='word_1_159' title='bbox 676 2268 750 2323; x_wconf 91' lang='lat' dir='ltr'>Petri</span> <span class='ocrx_word' id='word_1_160' title='bbox 769 2267 855 2336; x_wconf 84' lang='lat' dir='ltr'>(licie,</span> <span class='ocrx_word' id='word_1_161' title='bbox 875 2269 998 2323; x_wconf 86' lang='lat' dir='ltr'>Formini</span> <span class='ocrx_word' id='word_1_162' title='bbox 1015 2269 1100 2324; x_wconf 84' lang='lat' dir='ltr'>Testa</span> <span class='ocrx_word' id='word_1_163' title='bbox 1117 2276 1145 2325; x_wconf 90' lang='lat' dir='ltr'>et</span> <span class='ocrx_word' id='word_1_164' title='bbox 1163 2270 1239 2325; x_wconf 89' lang='lat' dir='ltr'>Desa</span> <span class='ocrx_word' id='word_1_165' title='bbox 1257 2269 1407 2326; x_wconf 87' lang='lat' dir='ltr'>Michaelis.</span> <span class='ocrx_word' id='word_1_166' title='bbox 1437 2269 1509 2324; x_wconf 83' lang='lat' dir='ltr'>Cum</span> <span class='ocrx_word' id='word_1_167' title='bbox 1536 2287 1613 2326; x_wconf 89' lang='lat' dir='ltr'>ccm-</span> 
     </span>
     <span class='ocr_line' id='line_1_21' title="bbox 368 2354 1610 2428; baseline 0.001 -17"><span class='ocrx_word' id='word_1_168' title='bbox 368 2373 454 2412; x_wconf 91' lang='lat' dir='ltr'>mune</span> <span class='ocrx_word' id='word_1_169' title='bbox 472 2355 580 2427; x_wconf 87' lang='lat' dir='ltr'>Spalati</span> <span class='ocrx_word' id='word_1_170' title='bbox 598 2354 768 2410; x_wconf 85' lang='lat' dir='ltr'>vendidisset</span> <span class='ocrx_word' id='word_1_171' title='bbox 784 2355 904 2410; x_wconf 87' lang='lat' dir='ltr'>insulam</span> <span class='ocrx_word' id='word_1_172' title='bbox 917 2355 1024 2411; x_wconf 88' lang='lat' dir='ltr'>Soltsm</span> <span class='ocrx_word' id='word_1_173' title='bbox 1042 2356 1209 2428; x_wconf 88' lang='lat' dir='ltr'>quibusdam</span> <span class='ocrx_word' id='word_1_174' title='bbox 1228 2355 1365 2412; x_wconf 86' lang='lat' dir='ltr'>nobilibus</span> <span class='ocrx_word' id='word_1_175' title='bbox 1384 2357 1610 2428; x_wconf 85' lang='lat' dir='ltr'>Spalatensibus,</span> 
     </span>
     <span class='ocr_line' id='line_1_22' title="bbox 370 2442 1611 2516; baseline 0.001 -17"><span class='ocrx_word' id='word_1_176' title='bbox 370 2449 564 2515; x_wconf 89' lang='lat' dir='ltr'>emptcrcsque</span> <span class='ocrx_word' id='word_1_177' title='bbox 581 2443 657 2498; x_wconf 89' lang='lat' dir='ltr'>litem</span> <span class='ocrx_word' id='word_1_178' title='bbox 674 2442 848 2498; x_wconf 86' lang='lat' dir='ltr'>intenderent</span> <span class='ocrx_word' id='word_1_179' title='bbox 864 2443 1000 2500; x_wconf 90' lang='lat' dir='ltr'>coenobio</span> <span class='ocrx_word' id='word_1_180' title='bbox 1019 2460 1039 2498; x_wconf 91' lang='lat' dir='ltr'>s.</span> <span class='ocrx_word' id='word_1_181' title='bbox 1059 2443 1193 2514; x_wconf 85' lang='lat' dir='ltr'>Stephani</span> <span class='ocrx_word' id='word_1_182' title='bbox 1220 2451 1333 2516; x_wconf 91' lang='lat' dir='ltr'>propter</span> <span class='ocrx_word' id='word_1_183' title='bbox 1360 2443 1496 2515; x_wconf 87' lang='lat' dir='ltr'>quasdam</span> <span class='ocrx_word' id='word_1_184' title='bbox 1514 2443 1551 2500; x_wconf 90' lang='lat' dir='ltr'>ab</span> <span class='ocrx_word' id='word_1_185' title='bbox 1570 2445 1611 2501; x_wconf 88' lang='lat' dir='ltr'>sis</span> 
     </span>
     <span class='ocr_line' id='line_1_23' title="bbox 372 2529 1612 2604; baseline 0.002 -18"><span class='ocrx_word' id='word_1_186' title='bbox 372 2547 517 2602; x_wconf 84' lang='lat' dir='ltr'>possessas</span> <span class='ocrx_word' id='word_1_187' title='bbox 534 2536 629 2598; x_wconf 87' lang='lat' dir='ltr'>terras,</span> <span class='ocrx_word' id='word_1_188' title='bbox 648 2531 725 2585; x_wconf 91' lang='lat' dir='ltr'>Desa</span> <span class='ocrx_word' id='word_1_189' title='bbox 742 2535 836 2586; x_wconf 87' lang='lat' dir='ltr'>sutem</span> <span class='ocrx_word' id='word_1_190' title='bbox 853 2529 942 2585; x_wconf 88' lang='lat' dir='ltr'>abbas</span> <span class='ocrx_word' id='word_1_191' title='bbox 954 2531 1141 2604; x_wconf 74' lang='lat' dir='ltr'>responderet,</span> <span class='ocrx_word' id='word_1_192' title='bbox 1159 2531 1234 2603; x_wconf 92' lang='lat' dir='ltr'>quod</span> <span class='ocrx_word' id='word_1_193' title='bbox 1248 2533 1309 2587; x_wconf 89' lang='lat' dir='ltr'>illas</span> <span class='ocrx_word' id='word_1_194' title='bbox 1322 2532 1444 2602; x_wconf 86' lang='lat' dir='ltr'>legitime</span> <span class='ocrx_word' id='word_1_195' title='bbox 1467 2531 1612 2603; x_wconf 82' lang='lat' dir='ltr'>possideat</span> 
     </span>
     <span class='ocr_line' id='line_1_24' title="bbox 371 2617 1613 2692; baseline 0.001 -18"><span class='ocrx_word' id='word_1_196' title='bbox 371 2619 570 2675; x_wconf 87' lang='lat' dir='ltr'>monasterium</span> <span class='ocrx_word' id='word_1_197' title='bbox 589 2617 673 2688; x_wconf 89' lang='lat' dir='ltr'>idque</span> <span class='ocrx_word' id='word_1_198' title='bbox 691 2617 802 2686; x_wconf 89' lang='lat' dir='ltr'>tabulis,</span> <span class='ocrx_word' id='word_1_199' title='bbox 821 2619 930 2690; x_wconf 90' lang='lat' dir='ltr'>seriptis</span> <span class='ocrx_word' id='word_1_200' title='bbox 947 2635 1032 2674; x_wconf 90' lang='lat' dir='ltr'>manu</span> <span class='ocrx_word' id='word_1_201' title='bbox 1050 2618 1156 2675; x_wconf 86' lang='lat' dir='ltr'>Sabatii</span> <span class='ocrx_word' id='word_1_202' title='bbox 1174 2621 1273 2675; x_wconf 90' lang='lat' dir='ltr'>notarii</span> <span class='ocrx_word' id='word_1_203' title='bbox 1292 2621 1381 2690; x_wconf 82' lang='grc'>(1178)</span> <span class='ocrx_word' id='word_1_204' title='bbox 1400 2617 1538 2692; x_wconf 87' lang='lat' dir='ltr'>probaret,</span> <span class='ocrx_word' id='word_1_205' title='bbox 1562 2619 1613 2675; x_wconf 91' lang='lat' dir='ltr'>Jo-</span> 
     </span>
    </p>
   </div>
   <div class='ocr_carea' id='block_1_5' title="bbox 372 2705 1709 3126">
    <p class='ocr_par' dir='ltr' id='par_1_7' title="bbox 372 2705 1709 3042">
     <span class='ocr_line' id='line_1_25' title="bbox 372 2705 1709 2784; baseline 0.001 -23"><span class='ocrx_word' id='word_1_206' title='bbox 372 2722 458 2761; x_wconf 89' lang='lat' dir='ltr'>annes</span> <span class='ocrx_word' id='word_1_207' title='bbox 486 2711 622 2777; x_wconf 61' lang='lat' dir='ltr'>potestusv</span> <span class='ocrx_word' id='word_1_208' title='bbox 638 2711 703 2777; x_wconf 89' lang='lat' dir='ltr'>post</span> <span class='ocrx_word' id='word_1_209' title='bbox 729 2705 926 2762; x_wconf 87' lang='lat' dir='ltr'>exmissionem</span> <span class='ocrx_word' id='word_1_210' title='bbox 952 2705 1143 2776; x_wconf 89' lang='lat' dir='ltr'>delegatorum</span> <span class='ocrx_word' id='word_1_211' title='bbox 1169 2705 1299 2770; x_wconf 90' lang='lat' dir='ltr'>iudicum,</span> <span class='ocrx_word' id='word_1_212' title='bbox 1326 2707 1397 2762; x_wconf 88' lang='lat' dir='ltr'>inter</span> <span class='ocrx_word' id='word_1_213' title='bbox 1420 2723 1492 2776; x_wconf 89' lang='lat' dir='ltr'>quos</span> <span class='ocrx_word' id='word_1_214' title='bbox 1510 2707 1613 2762; x_wconf 89' lang='lat' dir='ltr'>Petrus</span> <span class='ocrx_word' id='word_1_215' title='bbox 1708 2743 1709 2784; x_wconf 75' lang='lat'>3</span> 
     </span>
     <span class='ocr_line' id='line_1_26' title="bbox 372 2791 1613 2865; baseline 0.001 -16"><span class='ocrx_word' id='word_1_216' title='bbox 372 2793 475 2850; x_wconf 86' lang='lat' dir='ltr'>Pinosa</span> <span class='ocrx_word' id='word_1_217' title='bbox 493 2799 575 2848; x_wconf 87' lang='lat' dir='ltr'>antea</span> <span class='ocrx_word' id='word_1_218' title='bbox 593 2792 685 2848; x_wconf 85' lang='lat' dir='ltr'>fuerat</span> <span class='ocrx_word' id='word_1_219' title='bbox 708 2791 791 2848; x_wconf 88' lang='lat' dir='ltr'>datus</span> <span class='ocrx_word' id='word_1_220' title='bbox 818 2791 968 2865; x_wconf 88' lang='lat' dir='ltr'>pristaldus</span> <span class='ocrx_word' id='word_1_221' title='bbox 985 2811 1003 2848; x_wconf 87' lang='lat' dir='ltr'>a</span> <span class='ocrx_word' id='word_1_222' title='bbox 1020 2793 1160 2850; x_wconf 88' lang='lat' dir='ltr'>Dcmsldo</span> <span class='ocrx_word' id='word_1_223' title='bbox 1184 2795 1283 2850; x_wconf 86' lang='lat' dir='ltr'>comite</span> <span class='ocrx_word' id='word_1_224' title='bbox 1302 2799 1329 2850; x_wconf 88' lang='lat' dir='ltr'>et</span> <span class='ocrx_word' id='word_1_225' title='bbox 1347 2811 1364 2848; x_wconf 90' lang='lat' dir='ltr'>a</span> <span class='ocrx_word' id='word_1_226' title='bbox 1382 2795 1522 2850; x_wconf 90' lang='lat' dir='ltr'>communi</span> <span class='ocrx_word' id='word_1_227' title='bbox 1541 2793 1613 2865; x_wconf 88' lang='lat' dir='ltr'>Spa·</span> 
     </span>
     <span class='ocr_line' id='line_1_27' title="bbox 372 2879 1613 2952; baseline 0.002 -16"><span class='ocrx_word' id='word_1_228' title='bbox 372 2881 480 2945; x_wconf 82' lang='lat' dir='ltr'>latensi,</span> <span class='ocrx_word' id='word_1_229' title='bbox 499 2879 636 2936; x_wconf 86' lang='lat' dir='ltr'>dictarum</span> <span class='ocrx_word' id='word_1_230' title='bbox 654 2886 789 2935; x_wconf 81' lang='lat' dir='ltr'>terramm</span> <span class='ocrx_word' id='word_1_231' title='bbox 814 2879 958 2951; x_wconf 86' lang='lat' dir='ltr'>pacificam</span> <span class='ocrx_word' id='word_1_232' title='bbox 975 2881 1153 2952; x_wconf 74' lang='lat' dir='ltr'>possessione</span> <span class='ocrx_word' id='word_1_233' title='bbox 1171 2880 1339 2952; x_wconf 85' lang='lat' dir='ltr'>adjudicavit</span> <span class='ocrx_word' id='word_1_234' title='bbox 1356 2880 1490 2937; x_wconf 89' lang='lat' dir='ltr'>caenobio</span> <span class='ocrx_word' id='word_1_235' title='bbox 1509 2897 1531 2936; x_wconf 90' lang='lat' dir='ltr'>s.</span> <span class='ocrx_word' id='word_1_236' title='bbox 1551 2881 1613 2939; x_wconf 86' lang='lat' dir='ltr'>Ste-</span> 
     </span>
     <span class='ocr_line' id='line_1_28' title="bbox 372 2967 1229 3042; baseline 0.001 -19"><span class='ocrx_word' id='word_1_237' title='bbox 372 2969 464 3042; x_wconf 88' lang='lat' dir='ltr'>phani.</span> <span class='ocrx_word' id='word_1_238' title='bbox 484 2967 600 3040; x_wconf 82' lang='lat' dir='ltr'>Scripsit</span> <span class='ocrx_word' id='word_1_239' title='bbox 618 2969 759 3024; x_wconf 84' lang='lat' dir='ltr'>Gamanus</span> <span class='ocrx_word' id='word_1_240' title='bbox 777 2967 893 3024; x_wconf 87' lang='lat' dir='ltr'>clericus</span> <span class='ocrx_word' id='word_1_241' title='bbox 910 2968 961 3024; x_wconf 88' lang='lat' dir='ltr'>iur.</span> <span class='ocrx_word' id='word_1_242' title='bbox 981 2969 1106 3024; x_wconf 89' lang='lat' dir='ltr'>notarius</span> <span class='ocrx_word' id='word_1_243' title='bbox 1124 2967 1229 3040; x_wconf 84' lang='lat' dir='ltr'>Spalat</span> 
     </span>
    </p>

    <p class='ocr_par' dir='ltr' id='par_1_8' title="bbox 424 3055 1041 3126">
     <span class='ocr_line' id='line_1_29' title="bbox 424 3055 1041 3126; baseline -0.005 -14"><span class='ocrx_word' id='word_1_244' title='bbox 424 3057 551 3112; x_wconf 75' lang='lat' dir='ltr'>Farlctr&#39;:</span> <span class='ocrx_word' id='word_1_245' title='bbox 571 3055 651 3126; x_wconf 78' lang='lat' dir='ltr'>illyr.</span> <span class='ocrx_word' id='word_1_246' title='bbox 670 3055 749 3111; x_wconf 72' lang='lat' dir='ltr'>Sace.</span> <span class='ocrx_word' id='word_1_247' title='bbox 768 3061 831 3110; x_wconf 84' lang='lat' dir='ltr'>tom.</span> <span class='ocrx_word' id='word_1_248' title='bbox 851 3055 914 3124; x_wconf 84' lang='lat'>111,</span> <span class='ocrx_word' id='word_1_249' title='bbox 932 3072 960 3124; x_wconf 87' lang='lat' dir='ltr'>p.</span> <span class='ocrx_word' id='word_1_250' title='bbox 979 3059 1041 3112; x_wconf 82' lang='lat'><strong><em>263.</em></strong></span> 
     </span>
    </p>
   </div>
   <div class='ocr_carea' id='block_1_6' title="bbox 425 3177 1708 3252">
    <p class='ocr_par' dir='ltr' id='par_1_9' title="bbox 425 3177 1708 3252">
     <span class='ocr_line' id='line_1_30' title="bbox 425 3177 1708 3252; baseline -0.001 -16"><span class='ocrx_word' id='word_1_251' title='bbox 425 3179 606 3236; x_wconf 83' lang='lat' dir='ltr'>OOCOXXI.</span> <span class='ocrx_word' id='word_1_252' title='bbox 625 3179 756 3251; x_wconf 79' lang='lat' dir='ltr'>Ragnsii,</span> <span class='ocrx_word' id='word_1_253' title='bbox 765 3183 805 3234; x_wconf 89' lang='lat'>10.</span> <span class='ocrx_word' id='word_1_254' title='bbox 814 3179 937 3250; x_wconf 62' lang='lat' dir='ltr'>Augusti</span> <span class='ocrx_word' id='word_1_255' title='bbox 948 3183 1024 3232; x_wconf 72' lang='lat'><strong><em>1242.</em></strong></span> <span class='ocrx_word' id='word_1_256' title='bbox 1034 3179 1170 3252; x_wconf 85' lang='lat' dir='ltr'>Tempore</span> <span class='ocrx_word' id='word_1_257' title='bbox 1179 3177 1510 3250; x_wconf 87' lang='lat' dir='ltr'>Jeannisarchiepiscopi</span> <span class='ocrx_word' id='word_1_258' title='bbox 1519 3178 1614 3250; x_wconf 81' lang='lat' dir='ltr'>Ragn-</span> <span class='ocrx_word' id='word_1_259' title='bbox 1707 3221 1708 3240; x_wconf 81' lang='lat'>,</span> 
     </span>
    </p>
   </div>
   <div class='ocr_carea' id='block_1_7' title="bbox 372 3265 1614 3338">
    <p class='ocr_par' dir='ltr' id='par_1_10' title="bbox 372 3265 1614 3338">
     <span class='ocr_line' id='line_1_31' title="bbox 372 3265 1614 3338; baseline 0 -14"><span class='ocrx_word' id='word_1_260' title='bbox 372 3269 433 3338; x_wconf 87' lang='lat' dir='ltr'>sini,</span> <span class='ocrx_word' id='word_1_261' title='bbox 452 3269 564 3322; x_wconf 85' lang='lat' dir='ltr'>Marcus</span> <span class='ocrx_word' id='word_1_262' title='bbox 576 3267 753 3322; x_wconf 86' lang='lat' dir='ltr'>Dulcineusie</span> <span class='ocrx_word' id='word_1_263' title='bbox 763 3267 895 3322; x_wconf 81' lang='lat' dir='ltr'>sedeciae</span> <span class='ocrx_word' id='word_1_264' title='bbox 905 3266 1053 3338; x_wconf 86' lang='lat' dir='ltr'>epiecopus</span> <span class='ocrx_word' id='word_1_265' title='bbox 1070 3283 1205 3324; x_wconf 85' lang='lat' dir='ltr'>unacum</span> <span class='ocrx_word' id='word_1_266' title='bbox 1221 3267 1278 3322; x_wconf 91' lang='lat' dir='ltr'>suis</span> <span class='ocrx_word' id='word_1_267' title='bbox 1294 3266 1435 3322; x_wconf 88' lang='lat' dir='ltr'>canonicis</span> <span class='ocrx_word' id='word_1_268' title='bbox 1451 3265 1614 3338; x_wconf 87' lang='lat' dir='ltr'>presbytero</span> 
     </span>
    </p>
   </div>
   <div class='ocr_carea' id='block_1_8' title="bbox 373 3351 1708 3425">
    <p class='ocr_par' dir='ltr' id='par_1_11' title="bbox 373 3351 1708 3425">
     <span class='ocr_line' id='line_1_32' title="bbox 373 3351 1708 3425; baseline -0.001 -13"><span class='ocrx_word' id='word_1_269' title='bbox 373 3356 492 3423; x_wconf 89' lang='lat' dir='ltr'>Marino,</span> <span class='ocrx_word' id='word_1_270' title='bbox 520 3354 638 3409; x_wconf 86' lang='lat' dir='ltr'>diacono</span> <span class='ocrx_word' id='word_1_271' title='bbox 657 3353 769 3409; x_wconf 84' lang='lat' dir='ltr'>Grohae</span> <span class='ocrx_word' id='word_1_272' title='bbox 788 3354 896 3410; x_wconf 86' lang='lat' dir='ltr'>comitis</span> <span class='ocrx_word' id='word_1_273' title='bbox 914 3353 1068 3425; x_wconf 85' lang='lat' dir='ltr'>ldiroslaui,</span> <span class='ocrx_word' id='word_1_274' title='bbox 1090 3353 1208 3410; x_wconf 83' lang='lat' dir='ltr'>diacono</span> <span class='ocrx_word' id='word_1_275' title='bbox 1225 3353 1372 3410; x_wconf 83' lang='lat' dir='ltr'>Theodoro</span> <span class='ocrx_word' id='word_1_276' title='bbox 1390 3351 1426 3408; x_wconf 89' lang='lat' dir='ltr'>dc</span> <span class='ocrx_word' id='word_1_277' title='bbox 1443 3353 1614 3425; x_wconf 90' lang='lat' dir='ltr'>Lampridio,</span> <span class='ocrx_word' id='word_1_278' title='bbox 1707 3377 1708 3417; x_wconf 73' lang='lat'>,</span> 
     </span>
    </p>
   </div>
   <div class='ocr_carea' id='block_1_9' title="bbox 373 3441 1615 4827">
    <p class='ocr_par' dir='ltr' id='par_1_12' title="bbox 373 3441 1615 4827">
     <span class='ocr_line' id='line_1_33' title="bbox 373 3441 1613 3513; baseline 0 -15"><span class='ocrx_word' id='word_1_279' title='bbox 373 3444 490 3500; x_wconf 88' lang='lat' dir='ltr'>diacono</span> <span class='ocrx_word' id='word_1_280' title='bbox 501 3441 612 3496; x_wconf 85' lang='lat' dir='ltr'>Andrcs</span> <span class='ocrx_word' id='word_1_281' title='bbox 628 3441 664 3497; x_wconf 88' lang='lat' dir='ltr'>de</span> <span class='ocrx_word' id='word_1_282' title='bbox 682 3441 779 3510; x_wconf 85' lang='lat' dir='ltr'>Maria,</span> <span class='ocrx_word' id='word_1_283' title='bbox 798 3441 969 3498; x_wconf 87' lang='lat' dir='ltr'>subdiacono</span> <span class='ocrx_word' id='word_1_284' title='bbox 988 3441 1100 3498; x_wconf 88' lang='lat' dir='ltr'>Grobae</span> <span class='ocrx_word' id='word_1_285' title='bbox 1118 3441 1225 3498; x_wconf 88' lang='lat' dir='ltr'>comitis</span> <span class='ocrx_word' id='word_1_286' title='bbox 1242 3442 1325 3508; x_wconf 90' lang='lat' dir='ltr'>Petri,</span> <span class='ocrx_word' id='word_1_287' title='bbox 1344 3441 1518 3510; x_wconf 85' lang='lat' dir='ltr'>confitentur,</span> <span class='ocrx_word' id='word_1_288' title='bbox 1536 3441 1613 3513; x_wconf 87' lang='lat' dir='ltr'>quod</span> 
     </span>
     <span class='ocr_line' id='line_1_34' title="bbox 374 3527 1615 3600; baseline -0.002 -14"><span class='ocrx_word' id='word_1_289' title='bbox 374 3547 425 3586; x_wconf 87' lang='lat' dir='ltr'>sua</span> <span class='ocrx_word' id='word_1_290' title='bbox 441 3530 516 3586; x_wconf 86' lang='lat' dir='ltr'>bona</span> <span class='ocrx_word' id='word_1_291' title='bbox 525 3534 553 3584; x_wconf 92' lang='lat' dir='ltr'>et</span> <span class='ocrx_word' id='word_1_292' title='bbox 562 3535 717 3600; x_wconf 84' lang='lat' dir='ltr'>spontanea</span> <span class='ocrx_word' id='word_1_293' title='bbox 734 3529 876 3586; x_wconf 83' lang='lat' dir='ltr'>voluntate</span> <span class='ocrx_word' id='word_1_294' title='bbox 894 3536 922 3586; x_wconf 92' lang='lat' dir='ltr'>et</span> <span class='ocrx_word' id='word_1_295' title='bbox 939 3531 1046 3586; x_wconf 90' lang='lat' dir='ltr'>sincero</span> <span class='ocrx_word' id='word_1_296' title='bbox 1064 3545 1202 3584; x_wconf 88' lang='lat' dir='ltr'>consensu</span> <span class='ocrx_word' id='word_1_297' title='bbox 1221 3527 1448 3598; x_wconf 86' lang='lat' dir='ltr'>archipresbyteri</span> <span class='ocrx_word' id='word_1_298' title='bbox 1462 3528 1575 3600; x_wconf 89' lang='lat' dir='ltr'>Georgii</span> <span class='ocrx_word' id='word_1_299' title='bbox 1585 3536 1615 3584; x_wconf 90' lang='lat' dir='ltr'>et</span> 
     </span>
     <span class='ocr_line' id='line_1_35' title="bbox 374 3613 1613 3688; baseline 0.002 -16"><span class='ocrx_word' id='word_1_300' title='bbox 374 3633 489 3673; x_wconf 87' lang='lat' dir='ltr'>suorum</span> <span class='ocrx_word' id='word_1_301' title='bbox 507 3616 690 3684; x_wconf 88' lang='lat' dir='ltr'>sacerdotum,</span> <span class='ocrx_word' id='word_1_302' title='bbox 714 3633 833 3688; x_wconf 90' lang='lat' dir='ltr'>quorum</span> <span class='ocrx_word' id='word_1_303' title='bbox 852 3619 964 3673; x_wconf 86' lang='lat' dir='ltr'>nomina</span> <span class='ocrx_word' id='word_1_304' title='bbox 982 3623 1047 3672; x_wconf 88' lang='lat' dir='ltr'>sunt</span> <span class='ocrx_word' id='word_1_305' title='bbox 1070 3616 1151 3674; x_wconf 85' lang='lat' dir='ltr'>haec:</span> <span class='ocrx_word' id='word_1_306' title='bbox 1175 3615 1319 3688; x_wconf 86' lang='lat' dir='ltr'>presbyter</span> <span class='ocrx_word' id='word_1_307' title='bbox 1337 3613 1450 3685; x_wconf 86' lang='lat' dir='ltr'>Sergius</span> <span class='ocrx_word' id='word_1_308' title='bbox 1469 3614 1504 3671; x_wconf 90' lang='lat' dir='ltr'>de</span> <span class='ocrx_word' id='word_1_309' title='bbox 1523 3615 1613 3686; x_wconf 91' lang='lat' dir='ltr'>Bono,</span> 
     </span>
     <span class='ocr_line' id='line_1_36' title="bbox 374 3700 1612 3778; baseline -0.002 -17"><span class='ocrx_word' id='word_1_310' title='bbox 374 3704 519 3778; x_wconf 86' lang='lat' dir='ltr'>presbyter</span> <span class='ocrx_word' id='word_1_311' title='bbox 537 3703 697 3775; x_wconf 88' lang='lat' dir='ltr'>Stephanus</span> <span class='ocrx_word' id='word_1_312' title='bbox 717 3706 834 3773; x_wconf 87' lang='lat' dir='ltr'>Zurnae,</span> <span class='ocrx_word' id='word_1_313' title='bbox 853 3703 996 3776; x_wconf 85' lang='lat' dir='ltr'>presbyter</span> <span class='ocrx_word' id='word_1_314' title='bbox 1014 3705 1177 3776; x_wconf 87' lang='lat' dir='ltr'>Raynerius,</span> <span class='ocrx_word' id='word_1_315' title='bbox 1197 3703 1341 3776; x_wconf 86' lang='lat' dir='ltr'>presbyter</span> <span class='ocrx_word' id='word_1_316' title='bbox 1350 3700 1517 3774; x_wconf 87' lang='lat' dir='ltr'>Velamirus,</span> <span class='ocrx_word' id='word_1_317' title='bbox 1536 3719 1612 3774; x_wconf 86' lang='lat' dir='ltr'>pres·</span> 
     </span>
     <span class='ocr_line' id='line_1_37' title="bbox 374 3789 1613 3865; baseline -0.003 -17"><span class='ocrx_word' id='word_1_318' title='bbox 374 3793 579 3865; x_wconf 74' lang='lat' dir='ltr'>byterPetrus,</span> <span class='ocrx_word' id='word_1_319' title='bbox 606 3791 762 3862; x_wconf 88' lang='lat' dir='ltr'>Philippus,</span> <span class='ocrx_word' id='word_1_320' title='bbox 788 3789 922 3846; x_wconf 81' lang='lat' dir='ltr'>Nicotaus</span> <span class='ocrx_word' id='word_1_321' title='bbox 946 3797 974 3847; x_wconf 89' lang='lat' dir='ltr'>et</span> <span class='ocrx_word' id='word_1_322' title='bbox 998 3791 1172 3858; x_wconf 83' lang='lat' dir='ltr'>Benedictus,</span> <span class='ocrx_word' id='word_1_323' title='bbox 1200 3790 1336 3846; x_wconf 85' lang='lat' dir='ltr'>diaconus</span> <span class='ocrx_word' id='word_1_324' title='bbox 1357 3789 1477 3858; x_wconf 88' lang='lat' dir='ltr'>Grobae,</span> <span class='ocrx_word' id='word_1_325' title='bbox 1505 3791 1613 3846; x_wconf 88' lang='lat' dir='ltr'>comitis</span> 
     </span>
     <span class='ocr_line' id='line_1_38' title="bbox 375 3876 1612 3948; baseline -0.003 -12"><span class='ocrx_word' id='word_1_326' title='bbox 375 3879 529 3948; x_wconf 86' lang='lat' dir='ltr'>Miroslaui,</span> <span class='ocrx_word' id='word_1_327' title='bbox 548 3879 712 3935; x_wconf 82' lang='lat' dir='ltr'>subdiaconi</span> <span class='ocrx_word' id='word_1_328' title='bbox 721 3877 832 3936; x_wconf 82' lang='lat' dir='ltr'>Grobae</span> <span class='ocrx_word' id='word_1_329' title='bbox 841 3879 949 3934; x_wconf 88' lang='lat' dir='ltr'>comitis</span> <span class='ocrx_word' id='word_1_330' title='bbox 958 3879 1040 3946; x_wconf 87' lang='lat' dir='ltr'>Petri,</span> <span class='ocrx_word' id='word_1_331' title='bbox 1060 3879 1169 3934; x_wconf 71' lang='lat' dir='ltr'>diremi</span> <span class='ocrx_word' id='word_1_332' title='bbox 1180 3878 1313 3944; x_wconf 87' lang='lat' dir='ltr'>Marinus,</span> <span class='ocrx_word' id='word_1_333' title='bbox 1333 3876 1466 3944; x_wconf 80' lang='lat' dir='ltr'>Andreas,</span> <span class='ocrx_word' id='word_1_334' title='bbox 1487 3877 1612 3944; x_wconf 87' lang='lat' dir='ltr'>Maurus,</span> 
     </span>
     <span class='ocr_line' id='line_1_39' title="bbox 374 3963 1612 4038; baseline -0.002 -15"><span class='ocrx_word' id='word_1_335' title='bbox 374 3965 537 4023; x_wconf 85' lang='lat' dir='ltr'>subdiaconi</span> <span class='ocrx_word' id='word_1_336' title='bbox 556 3967 697 4038; x_wconf 86' lang='lat' dir='ltr'>Zupanus,</span> <span class='ocrx_word' id='word_1_337' title='bbox 725 3965 845 4030; x_wconf 86' lang='lat' dir='ltr'>Marcus,</span> <span class='ocrx_word' id='word_1_338' title='bbox 869 3966 995 4022; x_wconf 88' lang='lat' dir='ltr'>Joannas</span> <span class='ocrx_word' id='word_1_339' title='bbox 1017 3971 1045 4022; x_wconf 92' lang='lat' dir='ltr'>et</span> <span class='ocrx_word' id='word_1_340' title='bbox 1061 3965 1187 4021; x_wconf 87' lang='lat' dir='ltr'>Joanncs</span> <span class='ocrx_word' id='word_1_341' title='bbox 1211 3964 1246 4020; x_wconf 90' lang='lat' dir='ltr'>de</span> <span class='ocrx_word' id='word_1_342' title='bbox 1271 3965 1410 4031; x_wconf 84' lang='lat' dir='ltr'>Castrcca,</span> <span class='ocrx_word' id='word_1_343' title='bbox 1437 3965 1527 4021; x_wconf 86' lang='lat' dir='ltr'>elerici</span> <span class='ocrx_word' id='word_1_344' title='bbox 1545 3963 1612 4020; x_wconf 90' lang='lat' dir='ltr'>Bar·</span> 
     </span>
     <span class='ocr_line' id='line_1_40' title="bbox 373 4051 1614 4122; baseline -0.005 -11"><span class='ocrx_word' id='word_1_345' title='bbox 373 4053 554 4120; x_wconf 87' lang='lat' dir='ltr'>tholomaeus,</span> <span class='ocrx_word' id='word_1_346' title='bbox 575 4053 695 4122; x_wconf 87' lang='lat' dir='ltr'>Sergius,</span> <span class='ocrx_word' id='word_1_347' title='bbox 715 4051 887 4122; x_wconf 88' lang='lat' dir='ltr'>Dominious‚</span> <span class='ocrx_word' id='word_1_348' title='bbox 907 4051 1023 4120; x_wconf 86' lang='lat' dir='ltr'>Gerdus,</span> <span class='ocrx_word' id='word_1_349' title='bbox 1042 4053 1176 4108; x_wconf 89' lang='lat' dir='ltr'>Nicolaus</span> <span class='ocrx_word' id='word_1_350' title='bbox 1194 4051 1333 4120; x_wconf 85' lang='lat' dir='ltr'>Velootts,</span> <span class='ocrx_word' id='word_1_351' title='bbox 1359 4051 1488 4120; x_wconf 82' lang='lat' dir='ltr'>Quiricus</span> <span class='ocrx_word' id='word_1_352' title='bbox 1508 4051 1614 4120; x_wconf 72' lang='lat' dir='ltr'>honus,</span> 
     </span>
     <span class='ocr_line' id='line_1_41' title="bbox 375 4137 1615 4212; baseline -0.004 -14"><span class='ocrx_word' id='word_1_353' title='bbox 375 4149 402 4198; x_wconf 90' lang='lat' dir='ltr'>ct</span> <span class='ocrx_word' id='word_1_354' title='bbox 420 4141 455 4196; x_wconf 92' lang='lat' dir='ltr'>de</span> <span class='ocrx_word' id='word_1_355' title='bbox 472 4141 585 4212; x_wconf 87' lang='lat' dir='ltr'>capellis</span> <span class='ocrx_word' id='word_1_356' title='bbox 604 4139 757 4212; x_wconf 87' lang='lat' dir='ltr'>presbyteri</span> <span class='ocrx_word' id='word_1_357' title='bbox 776 4139 890 4206; x_wconf 86' lang='lat' dir='ltr'>Mesius,</span> <span class='ocrx_word' id='word_1_358' title='bbox 915 4139 1034 4208; x_wconf 86' lang='lat' dir='ltr'>Marcus,</span> <span class='ocrx_word' id='word_1_359' title='bbox 1061 4139 1195 4208; x_wconf 86' lang='lat' dir='ltr'>Marinus,</span> <span class='ocrx_word' id='word_1_360' title='bbox 1220 4139 1354 4194; x_wconf 85' lang='lat' dir='ltr'>diaconus</span> <span class='ocrx_word' id='word_1_361' title='bbox 1373 4139 1474 4206; x_wconf 89' lang='lat' dir='ltr'>Zanus,</span> <span class='ocrx_word' id='word_1_362' title='bbox 1501 4137 1615 4193; x_wconf 88' lang='lat' dir='ltr'>subdia·</span> 
     </span>
     <span class='ocr_line' id='line_1_42' title="bbox 375 4225 1613 4297; baseline -0.004 -11"><span class='ocrx_word' id='word_1_363' title='bbox 375 4245 461 4286; x_wconf 89' lang='lat' dir='ltr'>conns</span> <span class='ocrx_word' id='word_1_364' title='bbox 472 4229 578 4296; x_wconf 80' lang='lat' dir='ltr'>Brutos,</span> <span class='ocrx_word' id='word_1_365' title='bbox 596 4228 789 4284; x_wconf 80' lang='lat' dir='ltr'>clerieiZanus</span> <span class='ocrx_word' id='word_1_366' title='bbox 801 4225 836 4282; x_wconf 89' lang='lat' dir='ltr'>de</span> <span class='ocrx_word' id='word_1_367' title='bbox 847 4225 920 4295; x_wconf 88' lang='lat' dir='ltr'>Slav,</span> <span class='ocrx_word' id='word_1_368' title='bbox 940 4227 1085 4294; x_wconf 89' lang='lat' dir='ltr'>Martinus,</span> <span class='ocrx_word' id='word_1_369' title='bbox 1104 4227 1236 4294; x_wconf 85' lang='lat' dir='ltr'>Marinus,</span> <span class='ocrx_word' id='word_1_370' title='bbox 1250 4226 1416 4297; x_wconf 86' lang='lat' dir='ltr'>Stephanus,</span> <span class='ocrx_word' id='word_1_371' title='bbox 1436 4225 1613 4293; x_wconf 86' lang='lat' dir='ltr'>Laurentius,</span> 
     </span>
     <span class='ocr_line' id='line_1_43' title="bbox 376 4313 1612 4388; baseline -0.004 -15"><span class='ocrx_word' id='word_1_372' title='bbox 376 4319 482 4384; x_wconf 87' lang='lat' dir='ltr'>Petrus,</span> <span class='ocrx_word' id='word_1_373' title='bbox 502 4316 630 4384; x_wconf 87' lang='lat' dir='ltr'>Dcssina,</span> <span class='ocrx_word' id='word_1_374' title='bbox 649 4315 793 4388; x_wconf 88' lang='lat' dir='ltr'>presbyter</span> <span class='ocrx_word' id='word_1_375' title='bbox 806 4313 876 4385; x_wconf 91' lang='lat' dir='ltr'>Syri,</span> <span class='ocrx_word' id='word_1_376' title='bbox 895 4313 1027 4370; x_wconf 86' lang='lat' dir='ltr'>diaconus</span> <span class='ocrx_word' id='word_1_377' title='bbox 1038 4316 1142 4384; x_wconf 85' lang='lat' dir='ltr'>Sterni,</span> <span class='ocrx_word' id='word_1_378' title='bbox 1161 4313 1348 4370; x_wconf 87' lang='lat' dir='ltr'>subdiaconus</span> <span class='ocrx_word' id='word_1_379' title='bbox 1365 4313 1540 4384; x_wconf 88' lang='lat' dir='ltr'>Dominicus,</span> <span class='ocrx_word' id='word_1_380' title='bbox 1558 4313 1612 4368; x_wconf 90' lang='lat' dir='ltr'>ole-</span> 
     </span>
     <span class='ocr_line' id='line_1_44' title="bbox 375 4399 1610 4472; baseline -0.005 -12"><span class='ocrx_word' id='word_1_381' title='bbox 375 4405 423 4460; x_wconf 89' lang='lat' dir='ltr'>rici</span> <span class='ocrx_word' id='word_1_382' title='bbox 440 4403 538 4470; x_wconf 79' lang='lat' dir='ltr'>Hisce,</span> <span class='ocrx_word' id='word_1_383' title='bbox 556 4403 659 4470; x_wconf 82' lang='lat' dir='ltr'>Zanes,</span> <span class='ocrx_word' id='word_1_384' title='bbox 677 4401 849 4469; x_wconf 90' lang='lat' dir='ltr'>Vincentius,</span> <span class='ocrx_word' id='word_1_385' title='bbox 869 4400 952 4470; x_wconf 83' lang='lat' dir='ltr'>Bilra,</span> <span class='ocrx_word' id='word_1_386' title='bbox 976 4400 1092 4469; x_wconf 86' lang='lat' dir='ltr'>Drasoo,</span> <span class='ocrx_word' id='word_1_387' title='bbox 1118 4408 1146 4458; x_wconf 90' lang='lat' dir='ltr'>et</span> <span class='ocrx_word' id='word_1_388' title='bbox 1163 4399 1306 4469; x_wconf 85' lang='lat' dir='ltr'>Beroldus,</span> <span class='ocrx_word' id='word_1_389' title='bbox 1332 4405 1359 4456; x_wconf 87' lang='lat' dir='ltr'>et</span> <span class='ocrx_word' id='word_1_390' title='bbox 1377 4417 1426 4472; x_wconf 92' lang='lat' dir='ltr'>per</span> <span class='ocrx_word' id='word_1_391' title='bbox 1444 4417 1610 4456; x_wconf 87' lang='lat' dir='ltr'>consensum</span> 
     </span>
     <span class='ocr_line' id='line_1_45' title="bbox 375 4485 1614 4562; baseline -0.005 -14"><span class='ocrx_word' id='word_1_392' title='bbox 375 4491 460 4548; x_wconf 86' lang='lat' dir='ltr'>totius</span> <span class='ocrx_word' id='word_1_393' title='bbox 484 4491 605 4562; x_wconf 87' lang='lat' dir='ltr'>capituli,</span> <span class='ocrx_word' id='word_1_394' title='bbox 630 4496 659 4547; x_wconf 91' lang='lat' dir='ltr'>et</span> <span class='ocrx_word' id='word_1_395' title='bbox 683 4507 732 4562; x_wconf 89' lang='lat' dir='ltr'>per</span> <span class='ocrx_word' id='word_1_396' title='bbox 756 4493 958 4546; x_wconf 86' lang='lat' dir='ltr'>sacramentum</span> <span class='ocrx_word' id='word_1_397' title='bbox 976 4505 1012 4545; x_wconf 90' lang='lat' dir='ltr'>ss.</span> <span class='ocrx_word' id='word_1_398' title='bbox 1030 4489 1084 4546; x_wconf 91' lang='lat' dir='ltr'>Dei</span> <span class='ocrx_word' id='word_1_399' title='bbox 1103 4490 1238 4561; x_wconf 84' lang='lat' dir='ltr'>evangelii</span> <span class='ocrx_word' id='word_1_400' title='bbox 1262 4488 1299 4543; x_wconf 92' lang='lat' dir='ltr'>ab</span> <span class='ocrx_word' id='word_1_401' title='bbox 1317 4487 1445 4544; x_wconf 90' lang='lat' dir='ltr'>omnibus</span> <span class='ocrx_word' id='word_1_402' title='bbox 1465 4485 1614 4560; x_wconf 87' lang='lat' dir='ltr'>praedictis</span> 
     </span>
     <span class='ocr_line' id='line_1_46' title="bbox 375 4577 1612 4649; baseline -0.004 -14"><span class='ocrx_word' id='word_1_403' title='bbox 375 4579 557 4635; x_wconf 86' lang='lat' dir='ltr'>communiter</span> <span class='ocrx_word' id='word_1_404' title='bbox 579 4579 684 4635; x_wconf 71' lang='lat' dir='ltr'>fadum</span> <span class='ocrx_word' id='word_1_405' title='bbox 702 4582 730 4634; x_wconf 95' lang='lat' dir='ltr'>et</span> <span class='ocrx_word' id='word_1_406' title='bbox 747 4577 934 4646; x_wconf 88' lang='lat' dir='ltr'>commissum,</span> <span class='ocrx_word' id='word_1_407' title='bbox 950 4577 1074 4633; x_wconf 83' lang='lat' dir='ltr'>venerint</span> <span class='ocrx_word' id='word_1_408' title='bbox 1099 4577 1134 4634; x_wconf 91' lang='lat' dir='ltr'>ad</span> <span class='ocrx_word' id='word_1_409' title='bbox 1160 4579 1303 4649; x_wconf 88' lang='lat' dir='ltr'>antiquam</span> <span class='ocrx_word' id='word_1_410' title='bbox 1326 4581 1442 4632; x_wconf 85' lang='lat' dir='ltr'>matrem</span> <span class='ocrx_word' id='word_1_411' title='bbox 1466 4581 1494 4630; x_wconf 86' lang='lat' dir='ltr'>et</span> <span class='ocrx_word' id='word_1_412' title='bbox 1511 4581 1612 4631; x_wconf 88' lang='lat' dir='ltr'>metro·</span> 
     </span>
     <span class='ocr_line' id='line_1_47' title="bbox 375 4663 1613 4740; baseline -0.002 -19"><span class='ocrx_word' id='word_1_413' title='bbox 375 4667 528 4740; x_wconf 86' lang='lat' dir='ltr'>politanam</span> <span class='ocrx_word' id='word_1_414' title='bbox 552 4666 697 4722; x_wconf 86' lang='lat' dir='ltr'>eeclesiam</span> <span class='ocrx_word' id='word_1_415' title='bbox 714 4665 937 4736; x_wconf 85' lang='lat' dir='ltr'>Ragusinensem</span> <span class='ocrx_word' id='word_1_416' title='bbox 955 4669 984 4721; x_wconf 91' lang='lat' dir='ltr'>et</span> <span class='ocrx_word' id='word_1_417' title='bbox 1000 4664 1202 4736; x_wconf 85' lang='lat' dir='ltr'>inquisiverunt</span> <span class='ocrx_word' id='word_1_418' title='bbox 1219 4671 1247 4721; x_wconf 92' lang='lat' dir='ltr'>et</span> <span class='ocrx_word' id='word_1_419' title='bbox 1265 4663 1323 4720; x_wconf 86' lang='lat' dir='ltr'>suis</span> <span class='ocrx_word' id='word_1_420' title='bbox 1347 4663 1434 4719; x_wconf 88' lang='lat' dir='ltr'>oculis</span> <span class='ocrx_word' id='word_1_421' title='bbox 1459 4679 1613 4735; x_wconf 85' lang='lat' dir='ltr'>prospexe-</span> 
     </span>
     <span class='ocr_line' id='line_1_48' title="bbox 375 4751 1610 4827; baseline -0.002 -15"><span class='ocrx_word' id='word_1_422' title='bbox 375 4761 448 4826; x_wconf 90' lang='lat' dir='ltr'>runt,</span> <span class='ocrx_word' id='word_1_423' title='bbox 466 4753 649 4827; x_wconf 87' lang='lat' dir='ltr'>manibusque</span> <span class='ocrx_word' id='word_1_424' title='bbox 669 4755 726 4810; x_wconf 90' lang='lat' dir='ltr'>suis</span> <span class='ocrx_word' id='word_1_425' title='bbox 744 4759 892 4811; x_wconf 89' lang='lat' dir='ltr'>tenuerunt</span> <span class='ocrx_word' id='word_1_426' title='bbox 909 4753 997 4808; x_wconf 88' lang='lat' dir='ltr'>multa</span> <span class='ocrx_word' id='word_1_427' title='bbox 1009 4753 1123 4826; x_wconf 91' lang='lat' dir='ltr'>antiqua</span> <span class='ocrx_word' id='word_1_428' title='bbox 1135 4759 1163 4810; x_wconf 94' lang='lat' dir='ltr'>et</span> <span class='ocrx_word' id='word_1_429' title='bbox 1174 4769 1246 4810; x_wconf 80' lang='lat' dir='ltr'>nova</span> <span class='ocrx_word' id='word_1_430' title='bbox 1259 4751 1401 4824; x_wconf 76' lang='lat' dir='ltr'>privilegia</span> <span class='ocrx_word' id='word_1_431' title='bbox 1414 4769 1432 4806; x_wconf 92' lang='lat' dir='ltr'>a</span> <span class='ocrx_word' id='word_1_432' title='bbox 1444 4767 1480 4808; x_wconf 89' lang='lat' dir='ltr'>se.</span> <span class='ocrx_word' id='word_1_433' title='bbox 1494 4767 1610 4809; x_wconf 85' lang='lat' dir='ltr'>romana</span> 
     </span>
    </p>
   </div>
   <div class='ocr_carea' id='block_1_10' title="bbox 0 0 1746 5382">
    <p class='ocr_par' dir='ltr' id='par_1_13' title="bbox 0 0 1746 5382">
     <span class='ocr_line' id='line_1_49' title="bbox 0 0 1746 5382; baseline 0 0"><span class='ocrx_word' id='word_1_434' title='bbox 0 0 1746 5382; x_wconf 95' lang='lat' dir='ltr'> </span> 
     </span>
    </p>
   </div>
  </div>
 </body>
</html>
