3376 5350
650 359 797 404 assueri.
1285 351 1351 420 423

99 555 152 610 per
174 539 290 596 Jadram
309 539 344 594 ad
366 537 488 608 Regem,
513 542 638 594 mittatur
662 539 784 611 galeotta
808 541 962 596 communis
986 542 1056 597 bene
1081 559 1113 597 ac
1137 542 1282 614 diligenter
1305 561 1352 616 ap-

98 633 168 694 tata,
187 629 214 682 iu
233 645 289 698 qua
307 627 408 681 vadant
430 639 550 698 quatuor
568 627 602 682 de
620 628 801 682 nobilioribus
820 629 938 684 civitatis
956 637 984 684 ct
1002 631 1026 684 ci
1045 647 1095 700 per
1107 631 1263 700 praedictos
1275 649 1352 702 prae·

98 721 245 770 sententur
262 715 294 770 O.
313 714 432 782 castrati,
452 722 480 769 et
498 715 529 769 0.
549 716 670 786 galettae
689 716 744 770 vini
762 716 891 784 melioris,
915 723 943 772 et
961 717 1036 788 quod
1054 717 1210 772 vendantur
1222 717 1253 772 0.
1267 719 1352 772 modii

98 802 137 855 de
155 801 239 856 ordeo
260 803 422 856 communia.

154 888 250 956 Fejer:
271 889 336 944 Cod.
356 889 423 960 dipl.
448 890 477 943 Τ.
496 889 548 943 IV.
568 889 619 943 vol.
638 891 661 944 I.
682 907 709 961 p.
730 891 788 944 185.

156 1045 375 1101 MODLXXIV.
394 1047 540 1118 ¹l'rupurii.
561 1049 635 1101 1291.
656 1051 697 1100 18.
718 1047 890 1117 Septembris.
911 1077 944 1086 -
961 1049 1004 1100 26.
1028 1047 1161 1102 Octobris.
1181 1048 1214 1103 In
1233 1049 1351 1104 consilio

97 1136 307 1190 communitatis
326 1135 439 1205 Tragur.
454 1139 589 1188 statutum
615 1139 657 1188 est
675 1133 719 1188 die
738 1135 779 1186 18.
799 1132 977 1202 Septembris.
998 1133 1070 1188 Cum
1092 1142 1180 1190 mater
1198 1137 1272 1207 regis
1293 1137 1352 1192 Un-

97 1224 196 1293 gariae
213 1223 360 1277 transitum
378 1221 470 1276 facere
487 1220 606 1276 intendit
624 1237 673 1291 per
690 1220 805 1274 Jadrsm
824 1219 859 1274 ad
878 1237 979 1291 regem,
998 1221 1124 1277 mittatur
1142 1223 1264 1292 galeotta
1277 1240 1352 1278 com·

98 1311 194 1364 munis
222 1310 291 1364 bene
310 1315 339 1364 et
357 1309 504 1380 diligenter
527 1315 629 1378 aptata,
647 1309 676 1362 in
695 1324 751 1378 qua
768 1307 871 1362 vadant
893 1315 1012 1378 quatuor
1029 1308 1064 1362 de
1082 1310 1264 1366 nobilioribus
1288 1311 1352 1365 civi·

97 1398 176 1462 tatis,
196 1403 223 1450 et
241 1397 266 1450 ei
285 1411 335 1466 per
353 1395 509 1465 praedictos
521 1401 730 1466 praesententur
747 1396 860 1450 nomine
881 1397 1037 1450 communis
1056 1397 1108 1452 100
1125 1399 1235 1454 castrati
1254 1405 1282 1453 et
1300 1399 1352 1453 100

98 1484 205 1554 galette
228 1483 285 1537 vini
310 1483 439 1550 melioris,
465 1489 492 1538 et
514 1481 589 1553 quod
613 1482 767 1538 vendantur
790 1484 843 1538 100
869 1483 954 1538 modii
973 1483 1008 1538 de
1026 1484 1110 1539 ordeo
1136 1487 1298 1540 communis.
1316 1515 1352 1526 --

100 1572 158 1624 Die
177 1571 217 1624 26.
236 1569 374 1626 Octobris.
393 1571 500 1625 Nuntio
518 1571 566 1640 qui
584 1569 648 1624 tulit
675 1570 779 1624 litteras
803 1571 876 1640 regis
900 1569 1077 1641 provideatur
1100 1571 1134 1626 de
1158 1590 1215 1628 una
1238 1573 1352 1628 marcha

98 1659 208 1730 argenti
229 1657 263 1712 de
274 1658 362 1712 'avere
380 1659 541 1712 communis.

154 1745 278 1800 maus.-
296 1746 379 1800 Mem.
399 1746 430 1798 di
450 1745 534 1800 Trou.
550 1762 580 1814 p.
593 1749 653 1799 131.

156 1903 360 1960 MCDLXXV.
379 1907 455 1960 1291.
474 1907 499 1958 9.
522 1905 654 1960 Octobris.
681 1903 808 1960 Andreas
831 1904 884 1960 111.
908 1921 957 1960 rex
983 1905 1129 1960 confirmat
1145 1903 1268 1962 Johanni
1293 1907 1350 1964 ulio

99 1994 212 2048 comitis
230 1992 391 2046 Bachiensis
409 1993 582 2062 privilegium
601 1991 722 2046 Ladislai
742 1993 814 2062 regia
832 1993 861 2046 in
880 2009 935 2063 quo
952 1993 1053 2048 exemit
1069 1993 1189 2063 populos
1201 1993 1262 2048 eius
1279 1996 1352 2050 inter

99 2081 204 2135 Savam
223 2087 251 2135 et
268 2079 342 2134 Basa
360 2081 510 2134 existentes
522 2097 539 2134 a
551 2080 667 2136 collecta
678 2080 840 2134 victualium
859 2087 887 2134 et
905 2082 1127 2135 marturinarum.
1146 2080 1223 2135 Inter
1241 2083 1351 2137 servitia

100 2167 194 2222 eidem
213 2168 271 2237 regi
290 2165 421 2221 Andreae
439 2167 562 2222 exhibita
581 2168 678 2222 recitat
701 2167 774 2221 inter
797 2173 913 2234 caetera,
939 2167 1014 2237 quod
1040 2185 1103 2222 cum
1128 2177 1226 2223 contra
1251 2167 1349 2225 ducem

99 2256 232 2310 Austrias
251 2253 359 2310 elevato
384 2255 508 2309 exercitu
524 2254 654 2324 generali,
673 2270 724 2324 pro
743 2253 903 2324 repellenda
921 2255 1020 2310 iniuria
1039 2255 1090 2310 sibi
1117 2261 1146 2310 et
1163 2273 1248 2328 regno
1268 2257 1350 2324 iacta,

101 2344 283 2414 processisset
302 2349 330 2397 et
347 2343 467 2413 plurima
485 2349 575 2396 castra
594 2342 672 2396 ducis
690 2342 843 2412 expugnari
863 2349 891 2396 et
910 2341 981 2396 dirui
999 2342 1117 2411 iecisset,
1131 2342 1205 2398 idem
1218 2345 1351 2414 magister

98 2431 119 2486 J
122 2430 244 2484 ohannes
262 2432 291 2484 in
309 2430 562 2500 expugnationibus
581 2429 717 2484 dictorum
737 2435 890 2484 castrorum
909 2429 1028 2484 maxime
1048 2431 1100 2485 sub
1114 2436 1205 2485 castro
1224 2429 1351 2486 Viennae

100 2533 168 2572 cum
186 2517 247 2572 aliis
265 2516 394 2572 fidelibus
413 2517 567 2571 laudabiles
586 2517 711 2572 exhibuit
729 2515 889 2582 famulatus,
908 2517 955 2570 ubi
974 2533 1029 2571 non
1055 2519 1114 2590 sine
1133 2517 1268 2573 effusione
1288 2534 1350 2574 san·

101 2605 193 2674 gvinis
211 2605 254 2658 sui
273 2605 360 2659 evasit
377 2603 534 2673 aliqualiter
551 2621 646 2658 casum
659 2605 763 2658 mortis.
784 2604 890 2659 Datum
903 2621 951 2674 per
964 2621 1062 2659 manus
1074 2606 1198 2684 magistri
1211 2605 1350 2661 Theodori

100 2691 234 2746 Albensis
252 2691 401 2762 praepositi
419 2689 500 2744 aulae
518 2691 742 2770 vicecancellarii.

156 2779 254 2846 cher:
276 2778 340 2834 uod.
360 2777 429 2848 mpt.
452 2779 481 2832 Τ.
505 2779 553 2832 VI.
572 2779 622 2831 ool.
641 2779 666 2833 I.
685 2797 712 2848 p.
732 2781 790 2833 128,
811 2778 933 2832 Wcrszel:
953 2778 1023 2832 XII.
1037 2796 1065 2850 p.
1081 2781 1139 2832 509.

158 2937 379 2992 MODLXXVI.
397 2936 489 3007 Prope
512 2938 620 2990 Nouum
645 2938 790 2990 ciuitatem.
815 2939 891 2990 1291.
914 2940 958 2990 21.
986 2937 1117 2991 Octobris.
1142 2937 1269 2992 Andreas
1296 2937 1348 2994 ΙΙΙ.

104 3042 154 3080 rex
172 3025 247 3081 fideli
266 3041 317 3080 suo
336 3025 469 3094 magistro
486 3023 504 3078 J
507 3024 607 3078 ohanni
625 3023 682 3078 filio
701 3017 809 3078 Nicolai
829 3025 892 3078 bani
912 3023 1034 3090 mandat,
1047 3023 1122 3094 quod
1135 3039 1199 3078 cum
1218 3025 1350 3095 magister

106 3112 276 3168 Harbordus
294 3113 368 3166 iilius
387 3111 528 3166 Herbordi
548 3113 572 3164 ei
591 3119 759 3180 conquestus
778 3112 821 3176 sit,
841 3111 916 3180 quod
935 3111 1138 3180 possessionem
1151 3113 1211 3165 eius
1223 3111 1350 3168 Ilmcuch

102 3200 227 3255 indebite
247 3205 410 3270 occupatam
430 3197 572 3264 detineret,
590 3203 621 3251 ut
645 3193 748 3250 dictam
767 3198 969 3266 possessionem
993 3197 1069 3252 dicto
1093 3199 1226 3268 magistro
1251 3199 1349 3254 reddat

103 3286 189 3358 pleno
205 3287 268 3358 jure
286 3292 369 3358 prout
387 3286 475 3356 ipsius
494 3285 578 3340 fuisse
597 3283 751 3339 dinoscitur
768 3286 803 3338 ab
821 3286 935 3355 antiquo
949 3291 976 3339 et
989 3285 1023 3340 de
1037 3285 1143 3339 damnis
1157 3285 1247 3341 eidem
1266 3286 1349 3341 illatis

97 3374 226 3444 justitiae
245 3371 329 3428 facist
347 3373 581 3444 complimentum.

162 3459 286 3514 Wenrel:
308 3460 372 3514 Ood.
392 3459 461 3530 dipl.
481 3461 549 3529 Arp.
573 3459 604 3514 V.
622 3462 665 3514 29.

157 3616 488 3672 MODLXXVH.1?91.
511 3620 553 3668 20.
582 3617 714 3670 Octobris.
739 3615 866 3670 Andreas
890 3615 943 3669 111.
968 3633 1015 3668 rex
1043 3622 1139 3670 notum
1169 3615 1244 3683 iacit,
1273 3617 1348 3686 quod

105 3721 198 3761 comes
217 3705 363 3760 Ladislaus
377 3705 450 3758 iilius
469 3704 615 3758 Servusdei
643 3703 769 3758 exhibuit
789 3703 963 3773 privilegium
986 3702 1099 3772 capituli
1121 3703 1187 3756 eccl.
1207 3702 1349 3772 Quinque·

103 3793 278 3849 ecclosiensis
297 3809 381 3862 super
399 3792 546 3846 collatione
564 3791 746 3861 possessionis
765 3790 857 3860 Oryva
870 3789 1001 3860 (Orljava)
1016 3797 1043 3844 et
1056 3789 1123 3844 catri
1135 3789 1163 3842 in
1176 3789 1273 3844 eadem
1284 3805 1348 3843 con·

104 3881 202 3934 structi
228 3897 277 3950 per
301 3879 468 3949 Gregoriunr
492 3879 581 3932 fihurn
604 3878 685 3947 Olety
710 3876 838 3932 dondnae
861 3878 934 3932 filiae
958 3894 1024 3932 suae
1048 3878 1126 3932 uxori
1150 3893 1215 3930 vero
1240 3877 1348 3930 comitis

101 3967 226 4024 Ladislai
245 3967 325 4036 iacta,
346 3973 442 4038 petens
461 3975 492 4021 ut
510 3983 571 4020 eam
585 3965 746 4020 confirmare
761 3965 927 4036 dignaretur.
942 3965 1028 4018 Cuius
1041 3964 1167 4034 petitioni
1180 3980 1229 4017 rex
1241 3964 1346 4017 annuit.

101 4087 136 4097 -
156 4057 200 4110 Ex
217 4055 317 4109 litteris
336 4054 449 4125 capituli
468 4070 563 4108 mense
588 4053 753 4107 Novembris
771 4070 796 4106 a.
815 4051 892 4106 1290.
911 4051 1061 4106 extrudaris
1079 4057 1163 4122 patet,
1183 4050 1258 4121 quod
1276 4049 1348 4104 illud

101 4143 284 4198 transmiserit
302 4159 384 4196 suum
403 4143 567 4196 canonicum
586 4139 746 4210 Philippum
765 4140 801 4193 ad
820 4139 985 4208 Gregorium
1004 4146 1072 4193 tunc
1091 4139 1281 4209 podagricum,
1300 4139 1348 4207 qui

102 4233 209 4286 scilicet
228 4234 256 4286 in
275 4231 333 4285 suis
352 4230 461 4301 petibus
481 4229 584 4298 patitur
610 4227 753 4297 podagras
778 4229 813 4280 ab
837 4227 960 4296 antiquo,
985 4233 1012 4280 ct
1037 4225 1112 4296 quod
1137 4225 1197 4294 ipse
1221 4223 1347 4278 infirmus

101 4337 226 4391 corpore,
244 4327 337 4374 mente
349 4335 432 4372 santis
444 4323 589 4388 praesente
602 4317 659 4369 filia
670 4315 688 4370 J
690 4316 783 4370 olanta
796 4314 939 4369 confessus
952 4315 987 4368 ait
1000 4313 1034 4367 de
1048 4311 1269 4383 possessionibus
1282 4309 1346 4365 bae·

100 4410 236 4464 reditariis
255 4407 417 4461 divisionem
435 4406 506 4458 inter
522 4405 652 4458 comitem
670 4402 830 4457 Ladislaum
848 4408 876 4455 et
895 4401 1056 4470 magistrum
1071 4399 1232 4468 Philippum
1246 4397 1344 4452 iratres

101 4496 228 4552 eiusdem
246 4493 370 4548 carnales
390 4499 417 4546 et
435 4493 506 4546 iuter
525 4493 616 4562 ipsum
636 4491 802 4560 Gregorium
821 4489 923 4542 factam
942 4487 1027 4541 fuisse
1045 4487 1080 4540 ab
1099 4487 1214 4556 antiquo
1239 4485 1273 4538 de
1295 4485 1346 4538 sibi

103 4583 241 4638 devolutis
251 4580 473 4652 possessionibus
487 4579 587 4645 Krdoa,
600 4579 694 4648 Apaty
707 4575 805 4647 Oryva
819 4576 925 4646 (mapa,
936 4580 1026 4628 castro
1036 4571 1178 4641 Kuorogb,
1191 4572 1219 4624 in
1232 4571 1349 4652 Lyppov

102 4673 130 4725 in
149 4669 254 4740 Zeerya
273 4670 302 4722 in
320 4668 394 4723 Zavu
412 4667 515 4738 legavit
532 4667 582 4720 has
601 4681 696 4720 omues
716 4663 928 4734 consanguineis
941 4661 998 4716 auis
1011 4667 1038 4715 et
1051 4660 1191 4714 fratribus.
1211 4655 1348 4728 Oryavam

1244 4767 1257 4797 1
