3376 5350
670 415 815 460 sanusne.
1302 408 1341 472 41
1355 409 1361 470 1

117 613 201 666 quam
221 603 249 652 et
266 595 380 650 clericos
398 593 480 650 villae
499 595 689 666 Tragurienais
712 613 745 651 ex
770 603 847 666 parte
871 595 932 666 ejus
957 597 1141 668 peremptorie
1160 598 1247 650 citare
1271 605 1368 652 curent

115 691 149 739 ut
166 683 237 738 inira
255 700 303 738 serr
321 683 457 736 mensium
476 684 597 754 spatium
616 699 679 738 cum
698 683 827 738 omnibus
844 685 914 738 actis
933 691 959 740 et
979 685 1156 740 munimentis
1169 685 1323 755 apostolico
1337 703 1367 742 sc

116 773 278 842 conspectui
297 777 509 842 repraesentent.

169 857 300 914 Farlati:
318 858 394 928 illyr
412 874 480 912 saer.
505 859 533 912 T.
553 859 604 913 IV.
621 875 650 926 p.
669 861 729 914 ato.

170 982 362 1038 ncoxxiv.
383 985 457 1038 1288.
477 985 519 1036 30.
540 982 713 1050 Septembris.
734 979 896 1051 Capitulum
917 982 1049 1037 ecclesiae
1075 983 1154 1054 Zagr.
1174 991 1272 1038 notam
1291 984 1366 1051 iacit,

117 1071 193 1142 quod
213 1087 277 1126 cum
296 1069 366 1124 duos
386 1070 587 1124 concanonicos
605 1070 640 1123 ad
660 1071 818 1124 instantiam
838 1069 963 1122 Miroalai
982 1069 1031 1123 filii
1051 1069 1185 1124 Herchulr
1204 1077 1271 1126 tuno
1293 1073 1366 1126 infir-

113 1159 211 1213 mitate
230 1157 390 1228 praepediti,
410 1157 468 1210 sani
488 1165 579 1212 tamen
599 1165 698 1222 mente,
718 1173 768 1211 nec
787 1175 842 1210 non
861 1156 976 1211 fratnrm
995 1157 1110 1211 Firmini
1127 1159 1226 1228 prioris
1245 1165 1272 1213 et
1290 1159 1364 1213 Petri

114 1246 301 1316 procuratoris
325 1245 531 1298 Heremitarum
559 1243 658 1298 domus
677 1245 707 1298 B.
728 1244 853 1313 Virginis
872 1261 958 1314 prope
977 1243 1150 1315 Zagrabiam,
1169 1247 1308 1300 misissent
1330 1247 1365 1300 ad

113 1333 242 1388 eundem.
260 1331 338 1386 Idem
358 1332 506 1384 lliiroslaus
525 1331 759 1386 consentientibus
778 1331 884 1386 llicula
902 1331 959 1384 lilio
979 1347 1038 1398 suo,
1057 1349 1089 1385 ac
1107 1331 1188 1386 Jelen
1208 1333 1264 1386 lilio
1284 1333 1366 1387 Wros

113 1427 182 1474 tunc
195 1421 291 1474 maiori
304 1420 385 1474 villae
396 1417 561 1473 Grechensis
572 1435 621 1488 pro
632 1419 743 1472 domina
754 1425 880 1472 consorte
890 1435 940 1472 sua
952 1417 1128 1488 Margaretha
1140 1427 1223 1490 nepte
1233 1419 1299 1474 dicti
1312 1419 1365 1474 Mi·

113 1508 208 1573 rozlai‚
227 1507 389 1578 particulam
409 1513 497 1562 terrae
516 1507 550 1560 da
570 1507 681 1575 Blyzna
698 1505 860 1560 Orathkidol
881 1513 1007 1560 vocatam
1018 1513 1046 1560 et
1058 1507 1141 1560 aliam
1155 1508 1180 1561 ai
1193 1507 1364 1563 adiacentem

114 1595 230 1650 donavit
242 1594 338 1648 domui
351 1595 497 1648 conventui
510 1593 725 1648 Herenritarum.
739 1593 862 1659 Quarum
877 1600 951 1647 nreta
963 1595 1052 1664 prima
1065 1595 1161 1664 incipit
1173 1595 1209 1648 ab
1222 1603 1285 1648 ort-n
1299 1595 1365 1648 solis

113 1683 194 1736 iuxta
207 1683 279 1736 viam
297 1697 426 1750 magnam
446 1687 473 1736 et
491 1699 540 1751 per
552 1682 668 1736 eandem
681 1697 776 1736 versus
791 1677 962 1735 occidentem
975 1681 1050 1735 venit
1062 1681 1097 1734 ad
1111 1687 1197 1736 terras
1210 1689 1364 1736 castrenses

114 1769 211 1824 Rados
229 1769 277 1824 filii
297 1768 449 1836 Gardeslrh,
468 1777 496 1824 et
509 1770 647 1824 Gerdizlai
661 1769 709 1822 lilii
724 1769 878 1824 Gerdoalai.
892 1768 962 1822 lade
974 1785 1069 1822 versus
1083 1769 1224 1825 meridiem
1243 1785 1292 1839 per
1310 1769 1364 1822 los-

113 1865 205 1910 aatum
224 1858 370 1926 antiquum
383 1857 463 1910 -venit
481 1855 515 1910 ad
535 1857 640 1910 vineam
660 1855 722 1910 Gan
741 1857 831 1910 Latini
852 1863 879 1908 et
898 1856 1074 1924 pervenitad
1093 1857 1166 1910 viam
1184 1863 1303 1912 veterem
1329 1856 1364 1912 ad

113 1944 236 2014 lapidem
255 1945 349 1998 album
368 1951 396 1998 et
414 1945 569 2014 pervarias
588 1950 676 1998 metas
696 1945 769 1998 venit
787 1943 822 1998 ad
841 1944 968 2014 priorem.

171 2031 299 2086 l'kalc't'o':
316 2033 395 2086 Mau
415 2033 488 2086 eiecit.
508 2031 628 2101 anrab.
648 2031 672 2084 l.
688 2049 717 2100 p.
736 2035 778 2084 61.

167 2153 345 2208 Mcoxxv.
364 2155 467 2210 Reate
487 2157 561 2207 12⁸8.
581 2158 605 2206 1.
629 2155 760 2208 (latebris.
780 2153 914 2208 Nicolaus
932 2155 982 2210 IV.
1003 2173 1075 2226 papa
1095 2157 1219 2222 audiens,
1239 2156 1313 2226 quod
1334 2157 1361 2210 in

112 2242 224 2296 civitate
243 2241 377 2296 Paduaua
394 2241 529 2311 quaedam
543 2241 688 2312 nephanda
701 2249 729 2296 et
741 2241 877 2296 horrenda
889 2247 993 2297 statuta
1006 2249 1102 2296 contra
1120 2244 1224 2297 olerum
1243 2245 1362 2298 civitatis

112 2337 142 2384 et
161 2329 294 2384 dioecesis
312 2329 463 2384 Padnanae
482 2330 587 2384 sancita
606 2331 668 2396 sint,
688 2331 788 2400 quibus
807 2330 979 2384 multimodis
999 2333 1118 2398 offensis,
1132 2331 1247 2402 injuriis,
1267 2340 1363 2386 contu-

113 2417 204 2472 meliis
223 2423 252 2471 et
269 2417 399 2487 periculis
417 2419 514 2470 monis
532 2418 688 2487 exponitur,
707 2417 821 2472 mandat
838 2418 1049 2489 archiepiscopo
1062 2419 1205 2490 Ragusino
1225 2425 1362 2490 quatenus

112 2504 149 2558 ad
174 2505 312 2559 civitatem
337 2503 504 2574 praedictam
530 2521 559 2558 se
578 2505 701 2560 conferat
725 2512 753 2560 et
780 2513 945 2576 potestatem
965 2523 997 2561 ac
1016 2509 1242 2562 communitatem
1268 2509 1362 2562 stricte

113 2599 227 2647 moneat
245 2599 276 2646 ut
293 2591 431 2646 mandatis
449 2609 498 2662 per
516 2593 621 2647 litteras
640 2593 713 2648 sedis
732 2593 901 2663 apostolicae
920 2596 1050 2664 acceptis,
1070 2595 1248 2650 satisfaciant.

168 2680 215 2734 Ea
233 2679 365 2734 Baliaris
384 2680 530 2750 capasiae
549 2681 603 2733 Ma.
619 2697 650 2748 p.
669 2684 710 2734 311.

167 2799 361 2856 MCDXXVI.
379 2801 524 2874 Traani'a
544 2805 620 2856 1258.
639 2807 678 2856 18.
697 2803 828 2858 Octobris.
842 2804 952 2858 Nobilis
967 2804 1046 2858 miles
1058 2803 1228 2858 Racinaldus
1241 2803 1360 2873 Georgei

114 2889 149 2944 de
168 2891 279 2944 civitate
298 2890 435 2956 Firmana,
455 2885 578 2961 potestas
597 2891 715 2944 civitatis
728 2891 925 2960 Traguriensis‚
946 2891 980 2944 de
999 2907 1134 2944 consensu
1147 2890 1283 2961 generalis
1296 2909 1360 2946 con-

110 2977 166 3032 silii
192 2978 310 3032 civitatis
333 2977 459 3047 Tragurii
484 2977 511 3031 in
536 2978 640 3048 palatio
665 2979 797 3044 civitatis,
822 2994 890 3032 voce
914 2978 1041 3048 preconia
1065 2985 1092 3030 et
1117 2995 1186 3031 sono
1210 2995 1360 3048 campanae

111 3065 280 3134 congregati,
300 3063 495 3120 ordinaverunt
512 3065 630 3120 Dessaru
646 3065 783 3120 vitnrblasii
804 3064 948 3135 syndicum
967 3065 1003 3118 ad
1022 3064 1226 3119 fideiussionem
1246 3072 1273 3119 et
1291 3067 1359 3120 obli·

112 3152 254 3220 gationem
273 3151 446 3206 statuendam
467 3151 500 3206 de
519 3153 641 3222 quinque
661 3153 783 3206 millibus
801 3152 932 3206 librarum
952 3151 1126 3206 denariorum
1139 3169 1286 3222 parvorum
1305 3153 1360 3208 Ve-

112 3239 266 3292 neticorum
285 3255 335 3308 pro
354 3245 431 3308 parte
451 3240 524 3293 dicto
543 3241 682 3294 communi
703 3241 870 3310 contingenti
891 3239 924 3293 de
943 3239 1081 3292 sexcentis
1099 3239 1176 3292 libris
1198 3239 1272 3294 illius
1294 3243 1359 3295 anni

113 3343 170 3396 quo
180 3327 303 3394 contigat
312 3326 475 3380 Almissium
486 3329 560 3381 exire
570 3327 622 3380 sub
635 3326 758 3380 dominio
768 3335 794 3380 et
805 3326 838 3380 de
852 3327 974 3380 dominio
987 3343 1019 3380 ac
1033 3332 1170 3397 potestate
1184 3327 1358 3382 dominorum

112 3413 193 3467 Pauli
212 3414 285 3480 bani,
305 3415 437 3468 comitum
457 3415 575 3484 Georgei
595 3421 622 3468 et
640 3414 772 3478 Mladeni‚
791 3421 818 3467 et
836 3413 984 3466 haeredum
1005 3431 1100 3468 eornm
1120 3431 1170 3484 pro
1189 3416 1250 3485 ipso
1268 3415 1359 3470 Paulo

111 3507 140 3556 et
159 3499 240 3556 dictis
259 3502 414 3568 comitibus,
434 3501 537 3556 Giliolo
557 3502 590 3556 de
610 3501 733 3556 Sannino
752 3503 867 3568 notario,
892 3501 998 3556 sindico
1023 3510 1050 3556 et
1078 3507 1255 3572 procuratore
1280 3503 1359 3557 ducis

111 3595 139 3642 et
159 3589 313 3642 communis
332 3589 511 3643 Venetianun
531 3590 675 3658 stipulanti
695 3597 722 3644 et
740 3591 881 3659 recipienti
901 3607 951 3660 pro
976 3589 1051 3643 dicto
1076 3592 1215 3644 communi
1241 3591 1358 3658 Veneto,
1429 3627 1430 3630 =

111 3676 188 3748 quod
215 3676 348 3746 praedicti
376 3675 481 3730 Paulus
508 3677 605 3740 banus,
634 3679 749 3732 comites
774 3677 916 3745 Georgeus
942 3683 970 3730 et
994 3675 1141 3730 blladenus
1165 3678 1308 3732 attendent
1331 3687 1358 3733 et

111 3763 297 3818 observabunt
321 3780 418 3833 pacem
443 3771 470 3817 ct
494 3771 575 3833 pacta
604 3764 678 3818 facta
702 3781 765 3818 cunr
790 3763 865 3817 dicto
890 3763 1005 3834 syndico
1031 3763 1056 3816 d.
1082 3764 1161 3818 <laicis
1189 3764 1241 3818 sub
1268 3782 1358 3836 pirena

111 3853 234 3922 quinque
253 3852 369 3906 millium
389 3852 520 3906 librarum
540 3851 713 3906 denariorum
733 3852 902 3906 Venetorum
922 3867 1068 3921 parvorum
1088 3853 1161 3904 etin
1180 3852 1357 3922 dictaquan·

110 3940 190 3994 titate
208 3939 387 4008 obligandum
406 3939 511 3992 dictum
530 3955 677 3993 commune
695 3947 723 3992 ct
743 3939 815 3992 cives
840 3938 929 3992 dictae
954 3939 1081 4004 civitatis,
1100 3945 1128 3991 et
1146 3955 1201 3991 non
1221 3940 1299 4005 ultra,
1325 3957 1358 3993 ac

110 4026 194 4080 etiarn
213 4025 248 4078 ad
267 4025 456 4094 stipulandum
476 4033 504 4079 et
521 4025 708 4095 recipiendum
729 4027 839 4080 nomine
858 4027 1012 4080 communis
1032 4025 1225 4094 stipulationes
1243 4033 1270 4078 et
1289 4027 1356 4078 obli·

110 4113 237 4183 gationes
255 4129 271 4164 a
284 4112 431 4182 praedictis
445 4113 533 4166 Paulo
547 4115 618 4168 bano
632 4121 659 4168 ct
672 4114 818 4168 comitibus
832 4113 960 4182 Georgeo
973 4118 1000 4166 ct
1014 4111 1145 4166 Mladeno
1158 4119 1185 4166 et
1198 4113 1357 4168 hominibus

111 4201 147 4254 de
171 4200 312 4266 Almissio‚
337 4200 412 4269 quod
436 4200 488 4270 ipsi
507 4201 535 4253 in
555 4200 675 4254 solidum
695 4201 897 4256 conservabunt
916 4201 989 4254 omni
1015 4207 1139 4270 tempore
1159 4200 1263 4254 dictum
1283 4217 1356 4254 corn·

111 4303 196 4346 mune
214 4287 340 4356 Tragurii
364 4305 381 4340 a
405 4287 475 4342 clarae
500 4295 527 4342 et
551 4289 689 4342 communi
714 4289 894 4343 Venetiariun
920 4288 954 4340 de
979 4286 1060 4340 dictis
1087 4287 1304 4357 obligationibus
1329 4295 1356 4342 et

111 4375 323 4446 quibuscunque
341 4374 403 4428 aliia
421 4375 502 4428 lactis

163 4461 285 4515 Lucius.-
303 4462 385 4516 Mem.
405 4461 436 4514 di
459 4463 533 4514 Trou
547 4479 578 4531 p.
598 4467 656 4514 121.

163 4565 372 4620 Mooxxvn.
390 4567 536 4622 Anconae.
557 4570 693 4621 121121).
717 4569 848 4622 Octobris.
868 4567 984 4622 Pactum
1003 4567 1107 4620 lactum
1133 4568 1203 4620 inter
1228 4566 1355 4621 homines

110 4655 145 4710 de
166 4657 281 4707 Ancona
299 4661 326 4707 ct
345 4653 379 4707 de
403 4653 490 4708 Jadra
513 4672 561 4724 per
586 4655 706 4708 nobilcra
733 4654 897 4710 Michaelem
917 4654 1056 4720 bliohusii,
1076 4655 1162 4708 civem
1181 4651 1355 4720 Jadrensem,

111 4741 248 4797 sindicum
267 4740 333 4794 dicti
352 4743 506 4794 communis
525 4743 635 4796 nomine
653 4743 749 4812 ipsius,
763 4751 790 4796 et
808 4759 857 4812 per
876 4742 1053 4796 Vincentium
1069 4759 1088 4794 s.
1104 4741 1208 4796 Mariae
1221 4743 1352 4796 clericum

112 4837 141 4890 et
159 4827 262 4886 Jadrae
279 4829 426 4896 notarium,
445 4845 480 4884 ex
498 4845 553 4884 uua
577 4835 655 4900 parte
679 4845 712 4884 ac
736 4829 762 4884 d.
787 4829 963 4899 Bonagiunta
982 4827 1105 4883 Vitulem
1124 4829 1302 4882 camerarium
1327 4835 1355 4882 et
