3480 5356
312 487 376 551 302
813 512 833 552 1.
854 499 1050 564 summensis,

311 674 378 732 ximi
396 673 540 746 presbyter
558 673 648 730 Nioba
666 679 694 731 et
711 674 795 746 Tripe
814 679 863 729 aut
880 674 1028 746 participes
1051 674 1200 730 eccclesiae
1219 691 1241 730 s.
1260 675 1362 730 Lucae.
1382 673 1465 730 Unde
1487 674 1558 730 Voi·

310 763 405 817 slavus
422 762 488 817 fecit
505 767 684 834 praeceptum
703 763 775 832 regis
794 761 951 833 (publicari)
969 767 998 816 st
1016 761 1137 832 pulsarit
1159 777 1324 832 campanam
1349 761 1443 828 semei,
1462 760 1506 816 bis
1524 769 1553 816 et

311 853 353 904 ter
371 854 399 903 et
418 849 525 904 vocavit
544 849 643 904 ambos
667 848 756 904 dictos
768 847 915 920 episcopos
935 853 962 902 et
980 853 1069 904 totum
1081 847 1235 918 capitulum
1248 853 1275 902 et
1288 847 1395 902 nobiles
1408 853 1436 903 et
1449 847 1553 919 probos

311 936 384 990 siros
413 936 531 990 civitatis
560 941 588 991 et
614 935 792 992 adduxerunt
819 935 925 1004 iignum
953 933 1079 1002 Domini,
1104 935 1199 990 icones
1228 939 1256 988 et
1286 935 1416 1004 reliquias
1444 951 1467 989 s.
1489 935 1556 1008 Try·

311 1022 420 1094 phocis,
446 1027 474 1077 et
498 1039 533 1078 ex
557 1029 689 1094 precepto
718 1023 790 1092 regis
816 1025 1002 1092 provocarunt
1029 1021 1153 1092 episcopi
1180 1021 1243 1076 illos
1269 1027 1301 1076 ut
1327 1020 1422 1076 dicant
1449 1023 1472 1082 si
1499 1023 1555 1078 sint

310 1110 512 1180 consanguinei
532 1109 633 1165 Mauro
662 1108 824 1181 praesbyter
847 1107 941 1164 Micha
965 1113 993 1163 et
1016 1107 1107 1178 Tripe,
1131 1113 1159 1163 et
1182 1106 1336 1180 supradicti
1362 1124 1460 1164 omnes
1480 1109 1556 1178 jura·

310 1202 416 1263 verunt,
436 1196 511 1267 quod
536 1197 664 1253 nesciunt
687 1197 972 1266 cunsanguineitatem
998 1209 1102 1262 eorum,
1130 1199 1158 1249 et
1184 1194 1259 1266 quod
1288 1200 1381 1250 essent
1408 1197 1556 1267 participes

310 1283 444 1338 acclesiae
472 1299 494 1339 s.
522 1283 625 1338 Lucas.
653 1283 751 1338 Testes
770 1283 895 1338 fuerunt:
921 1281 1065 1354 presbyter
1090 1279 1265 1350 Valentinus,
1293 1280 1438 1352 presbyter
1462 1282 1556 1336 Micha

311 1371 427 1444 sacrista
445 1372 504 1426 soti.
522 1370 689 1441 Tryphonis,
717 1369 808 1440 presb.
834 1370 974 1434 Petriana,
998 1367 1090 1439 presb.
1116 1367 1249 1439 Tryphon
1274 1368 1383 1436 Dissae,
1412 1368 1555 1440 presbyter

310 1458 444 1513 Nicoinus
463 1456 631 1524 Grubessee,
650 1455 784 1513 diaconus
810 1455 904 1511 Micba
921 1456 1007 1526 Bigae
1026 1461 1054 1510 et
1071 1454 1207 1512 diaeonus
1229 1455 1376 1522 Crescens,
1395 1455 1500 1510 Paulus
1518 1455 1554 1510 ds

309 1543 391 1598 Biare
405 1543 497 1614 judex
515 1543 642 1610 civitatis,
661 1543 817 1598 Demianus
835 1543 943 1610 Jacobi,
963 1542 1058 1598 Micha
1075 1543 1188 1610 Buohia,
1216 1541 1319 1598 Juuius
1347 1543 1476 1598 Gimana.
1499 1543 1554 1597 Per
1573 1613 1576 1621 .

312 1646 413 1685 manus
430 1629 542 1686 diaconi
559 1629 671 1685 Michae
688 1630 774 1700 Bigae
792 1630 999 1686 communitatis
1016 1630 1124 1686 notarii.

365 1735 496 1792 Ruricii:
514 1735 597 1810 lupa
618 1751 689 1792 sacr.
710 1736 739 1792 T.
757 1735 805 1791 Vr.
823 1752 851 1806 p.
871 1738 929 1790 442.

363 1891 462 1946 mxu.
486 1891 658 1964 zaptabiae.
683 1895 803 1946 1270.1.
823 1889 996 1961 Septembris.
1021 1891 1124 1947 Hodue
1150 1906 1243 1946 comes
1262 1889 1457 1960 Zagrabiensia
1469 1891 1553 1960 signi·

311 1980 384 2047 ficet,
402 1978 479 2050 quod
497 1995 561 2034 oum
591 1980 700 2048 questio
725 1984 799 2034 esset
821 1978 936 2034 suborta
963 1979 1034 2033 inter
1060 1978 1237 2034 Timotheum
1261 1979 1425 2048 episcopum
1450 1977 1554 2046 Zegre—

311 2065 435 2122 biennem
454 2082 489 2121 ea
507 2081 564 2120 una
581 2071 660 2137 parte
679 2071 707 2121 et
724 2066 831 2122 Abram
848 2067 978 2122 comitem
995 2065 1030 2122 de
1049 2065 1212 2132 Morouohn,
1228 2065 1395 2136 jobagiones
1414 2066 1496 2120 castri
1525 2071 1554 2119 et

309 2159 464 2210 cssbemes
482 2152 517 2207 do
536 2151 696 2220 Giarnicha,
715 2153 843 2208 videlicet
865 2153 995 2223 Boriwey,
1019 2151 1122 2220 Nersd,
1147 2151 1244 2223 Myho,
1269 2151 1361 2218 Sosiis,
1388 2151 1551 2220 Wiironlou,

310 2239 572 2311 Zlobyea,Pau1us,
600 2240 716 2311 Joseph,
744 2241 869 2309 Drogan,
894 2239 1031 2308 Wiohiua,
1055 2239 1235 2306 Wechenlow,
1263 2237 1368 2308 Surge,
1396 2239 1553 2308 Prenoneg,

309 2329 437 2395 Paulum,
456 2325 582 2394 uranio,
602 2326 784 2397 Stephanum,
801 2325 918 2397 Boryeb,
938 2325 1086 2393 Maiheieo,
1114 2325 1216 2390 Paveo,
1245 2325 1393 2396 Zovidrng,
1419 2325 1552 2396 Ooporta,

309 2416 434 2484 Petrum,
460 2414 600 2480 Vulohilo,
624 2413 759 2483 Ziobyna
783 2413 892 2482 Petrus,
917 2413 1020 2468 Martin
1044 2413 1132 2468 filium
1155 2413 1297 2483 Dragchin
1321 2420 1350 2468 et
1371 2411 1552 2484 Zlohyaiaum

311 2519 347 2558 ex
366 2503 453 2558 alters
471 2505 550 2572 parte
568 2515 652 2570 super
669 2507 742 2555 terra
760 2501 875 2556 Pserich
893 2500 1009 2569 (Psesz)
1027 2505 1133 2568 vocata,
1159 2517 1244 2570 quam
1268 2501 1418 2572 episcopus
1442 2498 1554 2554 dicebat

310 2605 373 2644 esse
391 2593 556 2658 occupatam
576 2603 626 2656 por
645 2587 750 2642 Abram
768 2588 907 2657 comitem,
916 2587 1083 2658 jobagiones
1096 2588 1178 2642 castri
1197 2594 1225 2642 et
1243 2593 1397 2642 castrenses
1415 2587 1450 2642 de
1469 2586 1552 2642 Glev-

310 2676 409 2746 nycha,
428 2673 542 2728 ethaeo
560 2674 688 2742 quaestio
706 2675 776 2729 inter
795 2680 888 2746 partes
910 2674 1015 2729 dicbus
1039 2674 1139 2730 suisset
1157 2674 1296 2728 ventilata.
1315 2673 1440 2729 Tandem
1459 2680 1552 2744 partes

309 2779 344 2818 ex
363 2759 543 2833 permissione
569 2760 678 2816 comitis
696 2776 760 2816 cum
778 2760 892 2817 arbitrio
920 2760 1073 2832 proborum
1088 2761 1209 2816 viromm
1226 2760 1291 2816 binc
1309 2761 1373 2815 inde
1399 2761 1549 2817 electorum

310 2849 414 2904 scilicet
432 2847 566 2902 Gabriani
584 2847 693 2902 comitis
712 2852 739 2902 et
756 2847 832 2902 Petri
860 2846 985 2919 Capitosi
1003 2863 1038 2902 ex
1056 2853 1135 2918 parte
1159 2847 1292 2918 episcopi,
1311 2853 1338 2902 et
1356 2848 1426 2902 Ivan
1444 2848 1552 2903 comitis

312 2935 361 2990 filii
385 2934 476 2990 Irislai
495 2951 529 2988 cx
548 2937 626 3004 parte
651 2931 754 2987 Abram
783 2934 900 3002 comitis,
922 2933 1164 3004 jobagionumque
1192 2939 1220 2988 et
1247 2935 1439 3001 cernensium,
1467 2933 1551 2988 talem

311 3022 587 3093 compromissionem
605 3020 750 3088 iniverunt,
769 3027 800 3075 ut
818 3037 852 3076 ex
871 3027 950 3092 parte
968 3022 1090 3092 episcopi
1105 3020 1225 3078 debeant
1239 3021 1323 3077 statui
1335 3027 1399 3077 octo
1412 3037 1547 3092 personae

309 3111 344 3165 de
363 3109 494 3180 capitulo,
514 3123 529 3164 e
549 3106 651 3178 quibus
670 3113 789 3178 quatuor
807 3107 927 3163 debeant
939 3109 1073 3164 assummi
1085 3107 1121 3164 sd
1135 3115 1338 3166 sacramentum
1351 3107 1548 3180 praestandum

308 3211 358 3268 per
384 3194 489 3250 dictum
515 3195 644 3251 comitem
669 3195 774 3249 Abram
800 3201 828 3250 st
855 3195 946 3250 socios
972 3194 1048 3265 quod
1073 3201 1146 3250 terra
1171 3195 1312 3266 praedicta
1336 3211 1446 3266 semper
1466 3195 1550 3248 fuerit

308 3283 441 3355 episcopi.
469 3282 549 3350 Quae
578 3280 690 3352 quidem
714 3282 731 3336 4
755 3297 898 3351 personae,
916 3282 1036 3336 scilicet:
1055 3283 1187 3352 magister
1216 3283 1316 3338 Petrus
1340 3281 1551 3337 archidiaconus

309 3369 512 3441 Zagrabiensis,
543 3368 664 3423 Michael
692 3369 868 3440 praepositus
893 3367 1081 3437 Ohasmensis,
1107 3369 1264 3441 Stephanus
1282 3368 1493 3424 archidiaconus
1515 3366 1551 3422 de

309 3458 446 3525 Guerche,
466 3463 494 3512 et
512 3455 685 3511 Obrechinus
705 3463 801 3510 cantor
813 3456 880 3511 eccl.
892 3455 1010 3526 Zagrab.
1024 3457 1105 3512 tertio
1118 3457 1162 3511 die
1175 3462 1239 3528 post
1254 3457 1356 3511 sestam
1375 3473 1396 3512 s.
1416 3453 1551 3525 Stephani

308 3559 402 3600 coram
420 3543 580 3599 hominibus
599 3544 707 3598 comitis
721 3542 836 3613 Zagrab.
850 3545 933 3600 Petro
947 3545 1005 3600 filio
1017 3544 1179 3616 Bogdaslov
1191 3551 1219 3601 et
1230 3544 1353 3616 Laatych
1366 3544 1422 3598 filio
1435 3541 1551 3613 Dragsn

304 3631 476 3701 jnraverimt.
495 3628 598 3684 Oomes
616 3629 710 3699 itaque
729 3629 776 3684 tali
792 3629 952 3700 juramento
970 3637 1092 3702 recepto,
1111 3631 1282 3686 nominatam
1294 3637 1397 3687 terram
1416 3631 1550 3702 episcopo

308 3717 380 3773 tradi
399 3723 427 3772 et
443 3715 611 3772 reambulari
630 3717 695 3771 fecit
708 3733 756 3785 per
768 3715 858 3773 dictos
875 3717 990 3773 Petrum
1007 3724 1035 3772 et
1052 3718 1173 3790 Laatych
1201 3717 1364 3789 pristaldum
1384 3721 1550 3787 terrestrem,

307 3820 372 3859 oum
389 3804 473 3858 Petro
491 3803 592 3858 comite
618 3801 675 3858 filio
698 3803 801 3860 Petrilo
826 3810 1033 3876 praeceptorem
1057 3803 1093 3860 de
1119 3805 1147 3861 S.
1173 3806 1293 3862 Martino
1319 3822 1369 3876 pro
1393 3805 1551 3861 testimonio

308 3889 460 3945 destinatis.
481 3889 570 3944 Cuius
588 3895 677 3946 terrae
693 3891 783 3962 prima
794 3899 869 3947 meta
881 3893 977 3963 incipit
989 3892 1037 3947 ubi
1049 3893 1150 3947 fluvius
1162 3891 1284 3964 Paerych
1297 3893 1393 3948 defluit
1404 3893 1433 3947 in
1445 3891 1551 3947 sontem

308 3978 400 4032 Zshre.
420 3975 544 4031 Indead
564 3981 677 4048 pontem
696 3994 781 4050 super
798 3979 918 4035 eundem
943 3979 1058 4035 fluvium
1077 3985 1104 4035 et
1122 3996 1171 4050 per
1190 3980 1279 4036 varias
1303 3985 1392 4035 metas
1411 3979 1445 4034 ad
1467 3995 1551 4036 unam

308 4065 381 4119 viam
399 4067 427 4118 et
445 4063 480 4118 ad
499 4069 601 4119 terram
620 4064 751 4136 episcopi.

363 4169 489 4226 Tkoldid:
509 4171 582 4254 Mon.
602 4167 667 4224 ter.
687 4171 714 4224 Τ.
735 4171 804 4239 Lp.
825 4175 883 4226 154.

360 4308 476 4364 MXIII.
495 4310 667 4381 Zaprabias.
686 4313 763 4365 1470.
785 4314 808 4364 A
827 4309 1001 4380 Septembris.
1029 4311 1193 4366 Joachimus
1223 4311 1311 4366 banus
1339 4312 1424 4367 totius
1453 4311 1550 4367 Siaso-

308 4394 370 4449 niae
396 4393 432 4449 ad
451 4411 546 4465 preces
568 4396 706 4451 Timothei
730 4397 854 4468 episcopi
878 4397 995 4467 Zagrab.
1020 4399 1166 4453 confirmat
1189 4399 1354 4454 sententiam
1378 4398 1482 4453 Hodus
1505 4415 1550 4452 co-

307 4481 382 4534 mitis
399 4481 518 4551 Zagrab.
536 4483 565 4536 in
583 4499 668 4538 cauas
686 4483 758 4539 inter
776 4484 939 4554 episcopum
964 4501 998 4539 ex
1022 4501 1079 4540 uns
1096 4490 1174 4555 parte
1196 4491 1223 4540 et
1245 4485 1349 4540 Abram
1368 4487 1495 4540 comitem
1514 4485 1550 4539 de

308 4567 649 4638 Mororoha,:jobagiones
667 4572 750 4624 castri
769 4577 797 4624 et
814 4577 969 4626 castrenses
988 4572 1022 4626 de
1041 4571 1195 4627 Glsvnioba
1213 4590 1247 4628 ex
1266 4573 1352 4627 altera
1370 4579 1448 4644 parte
1467 4587 1550 4642 super

308 4659 380 4708 terra
398 4654 528 4724 Pserych.

363 4758 490 4813 sserere-
510 4759 584 4815 uon.
601 4760 664 4814 aar.
686 4764 713 4814 r.
733 4763 756 4816 r.
773 4778 802 4828 p.
822 4765 879 4817 155.
