3488 5380
343 398 403 464 190
843 424 865 465 1.
881 409 1077 482 nummo,

391 585 584 643 DGXXXVI.
613 591 691 644 1252.
718 589 901 662 Temporibus
919 587 1075 645 innocentii
1094 585 1146 643 IV.
1165 602 1263 660 papae,
1282 592 1310 642 et
1326 587 1411 644 Belse
1428 584 1481 644 1v.
1498 589 1579 660 regie

341 673 416 742 Quia
432 674 461 729 in
479 674 605 746 partibus
632 676 789 732 Dalmatiae
816 677 1022 734 consuetudinis
1049 692 1139 747 usque
1166 676 1295 746 longaevi
1321 677 1472 733 auctoritas
1497 693 1581 749 quam

338 761 458 816 maxime
476 779 527 833 pro
539 761 601 832 lege
613 767 768 830 veneratur,
786 762 887 820 ideirco
900 763 1066 820 Stanimirus
1084 761 1298 834 archipresbiter
1315 779 1447 820 unacum
1466 765 1579 832 Tolous,

342 847 453 906 Joanns
471 854 500 904 et
517 848 674 920 Grisogono
702 851 809 906 clericis
837 851 920 922 plsno
947 849 1078 906 mandato
1105 850 1226 906 universi
1253 850 1319 906 cleri
1339 849 1526 908 Sibenicensis
1544 851 1580 908 ud

345 935 539 1009 spalatensem
548 937 700 1007 occlusum,
719 945 862 1010 tamquam
873 937 911 994 ed
922 945 1007 1012 ceput
1020 938 1270 1011 metropolitanum,
1289 937 1460 1009 aecedentes,
1478 939 1581 995 ibidem

339 1039 434 1080 coram
451 1024 560 1080 Thomu
587 1025 781 1082 achidiacono
799 1032 827 1082 et
843 1027 966 1098 capitulo
984 1043 1007 1083 s.
1024 1026 1138 1082 Domnii
1166 1024 1295 1082 dixerunt
1313 1031 1342 1084 st
1358 1033 1580 1100 recognoverunt

340 1112 529 1168 omnimodam
547 1113 748 1184 subjectionem
770 1113 871 1171 debere
895 1115 1043 1186 Tregnano
1061 1114 1192 1186 episcopo
1211 1113 1397 1184 Traguriensi,
1418 1115 1490 1171 sicut
1507 1116 1580 1187 petri

222 1201 227 1214 ¹
340 1205 368 1255 et
385 1197 550 1257 dioecesano
569 1219 629 1271 suo,
642 1209 670 1258 et
681 1203 742 1258 eius
756 1201 971 1269 successoribus,
990 1201 1209 1273 promittuntque
1221 1201 1350 1272 antiquas
1367 1201 1581 1258 consuetudinee

338 1295 474 1360 perpetuo
492 1289 647 1346 observare.
666 1290 701 1345 In
718 1291 874 1362 praesentia
892 1289 984 1344 fratris
1003 1289 1103 1360 Magri,
1123 1288 1156 1344 ir.
1174 1287 1251 1356 Jose,
1270 1287 1329 1344 ord.
1347 1288 1446 1346 Praed.
1467 1289 1581 1346 Michee

339 1385 368 1437 et
394 1377 478 1434 Bivee
505 1376 743 1448 presbyterorum,
772 1377 836 1433 nob.
864 1377 914 1432 riri
942 1375 1087 1432 Michaelis
1113 1375 1222 1432 comitis
1248 1376 1391 1432 castellani
1417 1376 1453 1432 de
1478 1376 1579 1444 Olisea,

341 1468 465 1540 Thomas
492 1463 686 1532 archidiaconi.
712 1463 842 1533 hodani,
870 1463 976 1522 sacerd.
1003 1462 1128 1530 Petroni,
1156 1461 1280 1532 Radosii,
1305 1463 1415 1520 Nicolai
1440 1465 1580 1532 eacnstae,

337 1553 456 1612 Joannis
475 1551 580 1619 earini,
598 1551 699 1608 Jacobi
718 1557 746 1608 et
762 1552 824 1608 aliis
842 1551 877 1608 de
896 1551 1027 1624 capitulo.

393 1641 514 1698 Lucius:
531 1640 666 1696 usmete
683 1639 715 1695 cli
735 1641 812 1696 llari
826 1656 857 1710 p.
876 1644 918 1696 73.
937 1639 1072 1696 Fcrlutr':
1089 1639 1171 1711 liter.
1189 1655 1260 1696 sacr.
1280 1639 1330 1695 IV.
1349 1642 1412 1696 eie.

384 1779 595 1837 Doxxxvn.
631 1784 709 1838 1252.
744 1780 908 1852 Capitulum
939 1779 1072 1836 ecclesiae
1103 1779 1299 1850 Zagrabiensis
1329 1779 1468 1846 notificat,
1501 1778 1580 1850 quod

340 1869 462 1925 Thomas
489 1868 563 1924 filius
590 1867 709 1924 Josnnis
727 1867 762 1924 de
780 1868 923 1939 provincis
941 1869 1053 1923 Zotmar
1070 1867 1216 1924 consessus
1235 1869 1280 1937 sit,
1298 1883 1328 1924 se
1346 1865 1452 1938 praedii
1470 1866 1514 1921 sui
1529 1883 1579 1922 no-

338 1958 411 2012 mine
430 1956 546 2028 Symjen
569 1955 640 2011 inter
662 1956 772 2012 Tisaam
789 1961 817 2012 st
840 1955 946 2011 Zomus
970 1955 1112 2011 constituti
1136 1957 1245 2012 tertiam
1272 1959 1378 2026 partem
1396 1952 1508 2010 dedisse
1526 1954 1580 2010 lui-

338 2044 429 2100 chaeli
447 2044 541 2100 comiti
559 2043 617 2099 filio
636 2043 712 2100 Obul
731 2049 758 2099 et
776 2043 852 2098 fratri
871 2060 923 2098 suo
942 2043 1052 2114 Egilio,
1071 2061 1086 2099 e
1104 2060 1240 2101 converso
1258 2041 1380 2098 Michael
1402 2057 1497 2096 comes
1514 2057 1581 2096 con·

338 2132 438 2200 iesous,
457 2148 487 2187 ss
508 2130 663 2186 reddidisse
690 2129 832 2202 praedicto
859 2131 984 2187 Thomae
1012 2148 1123 2187 servum
1149 2147 1232 2187 suum
1257 2129 1348 2186 Janue
1375 2146 1440 2186 oum
1466 2129 1581 2186 duobus

338 2219 403 2276 filiis
421 2224 449 2275 et
467 2235 524 2274 una
542 2218 599 2274 lilia
617 2235 650 2274 ec
668 2219 752 2274 rebus
771 2220 839 2286 suis,
857 2219 981 2290 capitulo
1008 2219 1103 2288 itaque
1126 2233 1157 2273 se
1175 2217 1356 2274 intromittere
1379 2222 1525 2273 recusante
1542 2216 1580 2274 de

338 2306 411 2363 iacto
430 2307 556 2378 parcium
573 2307 730 2376 ignotarum
748 2311 777 2362 st
794 2311 873 2362 extra
890 2306 1022 2362 terminos
1041 2322 1109 2362 suos
1127 2305 1306 2362 existentium
1329 2304 1490 2362 Alexandro
1507 2305 1580 2362 vice-

338 2393 412 2450 bano
431 2399 459 2450 et
476 2393 589 2466 Ompud
607 2395 708 2450 comite
726 2393 761 2450 de
780 2395 867 2450 ie...
885 2393 1069 2448 referentibus
1087 2393 1211 2450 constitit
1228 2393 1263 2449 de
1279 2393 1384 2449 eisdem
1402 2397 1430 2448 et
1448 2392 1524 2466 quod
1541 2391 1580 2448 ad

338 2482 432 2538 locum
449 2481 648 2538 dioecesanum
665 2481 754 2538 redire
772 2499 829 2537 non
847 2481 1013 2554 potuissent,
1032 2480 1108 2552 quod
1126 2487 1241 2553 uterque
1260 2497 1355 2537 eorum
1368 2480 1503 2554 Stephani
1515 2480 1582 2536 bani

343 2569 443 2626 fuisset
460 2570 583 2626 serviciis
601 2575 762 2641 occupatus.

393 2658 491 2727 Frjcr:
511 2659 577 2716 ooo.
595 2657 666 2728 dipl.
685 2664 705 2716 t.
724 2657 776 2714 IV.
793 2658 844 2714 eol.
864 2661 903 2712 11.
918 2674 949 2728 p.
969 2662 1031 2712 169.

391 2797 616 2856 DOXXXVIII.
635 2804 711 2856 1252.
731 2799 893 2871 Capitulum
906 2799 1039 2855 ecclesiae
1051 2798 1246 2870 Zagrabisnsis
1262 2799 1394 2864 notificat,
1407 2797 1484 2868 quod
1496 2797 1581 2854 inter

345 2885 502 2942 Richardus
526 2885 652 2942 oesseriue
678 2887 810 2943 ecclesiae
834 2886 869 2944 de
895 2887 1011 2958 Toplice
1038 2904 1088 2958 pro
1115 2903 1153 2954 se,
1180 2885 1281 2942 abbate
1308 2891 1336 2941 et
1353 2891 1414 2940 toto
1440 2889 1580 2942 conventu

340 2971 377 3028 ab
395 2991 459 3042 una,
478 2973 515 3029 ab
533 2973 588 3028 alia
604 2979 699 3029 autem
716 2980 794 3046 parte
812 2975 875 3030 ch
892 2974 968 3030 filius
986 2973 1119 3046 Zybialay
1132 2979 1159 3030 et
1175 2974 1247 3030 Jaco
1259 2991 1310 3045 pro
1323 2991 1353 3029 sc
1365 2977 1393 3029 et
1405 2974 1583 3044 generatione

344 3076 396 3116 sua
413 3061 564 3129 retulerint,
584 3059 741 3134 quodcum
759 3061 847 3117 abbas
865 3067 894 3117 et
911 3057 1064 3118 conventus
1087 3061 1125 3117 ab
1148 3061 1202 3116 illis
1220 3077 1314 3116 coram
1332 3059 1492 3118 Alexandro
1511 3061 1583 3118 rios·

342 3147 417 3205 bano
435 3155 536 3206 terram
553 3149 701 3220 Incoychy
719 3149 903 3221 requissiseet,
922 3148 997 3220 quod
1019 3149 1067 3205 illa
1091 3149 1196 3207 scilieet
1213 3147 1249 3204 ed
1267 3153 1422 3204 cestrenses
1446 3147 1582 3204 eeclesiae

341 3243 369 3292 et
386 3235 422 3292 ad
441 3236 601 3308 Grengiam‚
620 3254 692 3308 quae
710 3242 826 3294 vocatur
843 3237 980 3292 Broohine
997 3237 1152 3308 pertineret,
1171 3254 1222 3309 pro
1240 3237 1314 3292 bono
1332 3236 1408 3308 pacis
1426 3235 1499 3292 idem
1518 3235 1581 3294 ch

343 3329 372 3380 et
401 3330 461 3380 tote
486 3325 627 3396 generatio
652 3325 813 3395 reliquerint
834 3329 935 3380 terram
958 3323 1099 3394 ecclesiae,
1123 3339 1195 3396 quae
1217 3324 1279 3380 illos
1302 3324 1331 3378 iu
1356 3341 1422 3380 euos
1446 3323 1581 3398 speciales

338 3411 488 3468 familiares
506 3413 617 3484 recepit.

394 3499 521 3556 Tkellic':
539 3502 614 3556 llos.
631 3499 696 3556 tet.
714 3501 795 3570 epiro.
813 3517 889 3572 capr.
908 3504 931 3565 1,
951 3506 992 3557 et.

389 3639 585 3697 DGXXXIX.
612 3644 688 3698 1252.
718 3641 878 3697 Alexander
901 3642 1033 3712 magister
1057 3642 1208 3698 vicebanue
1227 3647 1255 3697 et
1272 3657 1365 3698 comes
1383 3639 1578 3712 Zagrabiensie

336 3729 467 3795 insinuat,
486 3727 563 3800 quod
581 3728 669 3784 abbas
683 3728 718 3784 de
730 3730 847 3802 'l'oplica
859 3734 887 3785 et
899 3734 975 3786 totus
993 3737 1146 3786 conventus
1158 3729 1292 3798 eiusdem,
1310 3733 1426 3800 eccepto
1444 3726 1578 3800 pristaldo

337 3815 463 3872 rioebani
480 3815 612 3871 Gemaine
630 3815 689 3872 tilio
708 3817 807 3885 Raths,
827 3817 971 3872 citaverint
989 3817 1134 3872 Wloonem
1143 3817 1231 3872 filium
1249 3815 1380 3888 Zybislsy
1398 3822 1426 3871 et
1443 3815 1579 3872 Jeconem

337 3920 370 3959 ac
387 3908 476 3960 totam
494 3905 700 3975 generationem
719 3903 878 3972 eorundem,
900 3903 1072 3974 requirentes
1089 3903 1126 3960 ab
1143 3903 1249 3972 iisdem,
1268 3909 1300 3959 ut
1319 3903 1459 3960 fateantur
1478 3907 1580 3959 terrem

337 3991 486 4062 Lacoychy
503 3990 540 4046 ad
558 4007 626 4048 suos
643 3998 798 4048 castrenses
823 3997 851 4048 et
868 3991 904 4048 ad
923 3992 1067 4064 grangiam
1084 3992 1234 4062 pertinere;
1260 3991 1323 4047 Wlo
1348 3995 1444 4048 autem
1461 3995 1490 4047 et
1505 3990 1578 4047 Jeco

336 4083 364 4135 et
381 4085 440 4136 tote
458 4095 555 4134 eorum
573 4080 718 4150 generacio
736 4096 798 4135 esse
817 4097 898 4135 suam
915 4079 1086 4148 asserebant,
1104 4079 1256 4134 adiudicati
1283 4082 1349 4134 sunt
1366 4083 1452 4135 testes
1470 4083 1498 4135 et
1516 4095 1579 4150 pro·

337 4167 414 4224 ducti
432 4183 481 4238 per
499 4166 596 4222 ambse
614 4173 720 4238 partes;
738 4167 827 4223 ebbes
840 4173 933 4224 tamen
951 4174 979 4224 et
997 4173 1150 4224 conventus
1167 4165 1332 4223 dimiserunt
1349 4183 1464 4222 oausam
1482 4165 1518 4221 nd
1537 4183 1579 4222 se·

336 4261 507 4312 crementum
529 4255 654 4311 Wloonie
672 4261 700 4310 st
718 4257 842 4328 quinque
865 4263 1046 4327 cognatorum
1071 4271 1200 4322 suorum;
1225 4253 1261 4310 ad
1280 4253 1356 4326 quod
1377 4253 1445 4310 wll
1463 4259 1491 4309 et
1508 4252 1580 4309 Jaoo

337 4348 365 4398 et
381 4349 441 4399 tota
458 4341 601 4414 generatio
620 4342 730 4412 reliquit
747 4347 849 4399 terram
867 4344 1000 4399 ecclesiae
1022 4347 1198 4399 memoratae.
1225 4342 1333 4398 Motae:
1359 4357 1445 4414 penea
1465 4339 1579 4396 arbores

338 4429 406 4486 ursh
424 4437 453 4485 et
467 4429 564 4501 jablan
582 4428 611 4484 id
629 4436 672 4485 est
695 4432 849 4501 pomerium
856 4431 891 4502 (i)
913 4431 949 4487 ad
972 4431 1082 4500 Mache,
1101 4431 1165 4486 inde
1183 4429 1220 4486 ed
1246 4430 1335 4486 rivum
1353 4429 1479 4498 Broeina,
1497 4433 1526 4483 et
1542 4427 1579 4483 ad

337 4515 442 4571 iontem
460 4517 656 4573 (iheresneuoh
668 4559 696 4574 ..
720 4517 784 4574 inde
809 4535 858 4590 per
883 4519 1061 4591 supercilium
1079 4519 1182 4576 montis
1199 4517 1235 4574 ed
1254 4516 1325 4572 duas
1350 4531 1469 4587 quercue
1487 4509 1580 4585 cosel;

336 4600 401 4658 inde
417 4601 454 4658 ad
472 4602 593 4660 braetot
610 4619 751 4676 quercum,
769 4605 818 4660 ubi
830 4607 958 4678 suspensi
970 4605 1085 4662 luerunt
1101 4610 1157 4662 tres
1174 4605 1311 4674 latrones3
1329 4603 1394 4660 inde
1412 4603 1573 4676 pervellem

336 4687 374 4746 ad
391 4687 496 4748 iontem
513 4691 629 4763 Strasny
647 4691 807 4763 studenech,
830 4693 895 4750 iude
918 4694 997 4752 iuxta
1018 4693 1134 4752 arbores
1152 4692 1238 4750 ureclr
1256 4693 1267 4750 i
1284 4709 1309 4750 e.
1329 4709 1389 4749 nux
1406 4709 1468 4765 yvo,
1485 4690 1576 4748 idest
