3464 5382
311 280 353 342 92
812 299 833 337 1.
857 284 1055 351 nnnnrnuvrc,

310 478 414 534 sponsa
444 463 480 517 ad
506 461 649 518 ecclesiam
673 466 701 514 et
722 461 760 514 ibi
783 461 873 514 iacere
898 475 1042 530 expensas,
1070 459 1144 528 quod
1170 459 1288 530 amplius
1312 475 1368 512 non
1393 459 1449 512 fiat.
1479 459 1551 512 Item

308 551 336 604 in
355 551 458 604 annulo
477 567 596 622 sponsae
614 566 669 603 non
688 555 808 618 ponatur
827 552 907 618 pasta
924 547 1023 612 levata,
1042 563 1094 600 nec
1116 556 1186 612 ruta,
1207 563 1258 602 uec
1276 563 1339 600 cum
1357 545 1433 600 vadit
1450 545 1485 599 ad
1504 545 1552 600 do-

311 654 387 690 mum
406 637 457 690 viri
474 636 554 690 detur
570 636 594 690 ei
607 653 672 689 enez
691 634 726 688 ad
745 633 978 699 manducandum,
992 639 1019 688 et
1031 634 1058 686 in
1072 639 1182 704 pectore
1195 634 1244 686 viri
1256 650 1313 688 non
1326 641 1445 703 ponatur
1464 639 1551 704 pasta,

310 723 353 776 vel
371 728 434 776 ruta
452 723 578 792 amplius.
603 721 674 774 Item
697 721 799 790 galleta
821 721 904 791 plena
928 737 1001 788 aqua
1019 727 1047 773 (1
1064 719 1195 774 cathedra
1212 721 1307 785 ferrea,
1333 727 1360 774 et
1378 720 1457 790 pellis
1475 737 1552 774 mon·

310 815 393 864 tanea
412 809 530 879 amplius
550 809 608 862 fieri
627 825 683 862 non
702 807 829 862 debeant.
855 807 927 860 Item
946 807 1078 878 orphana,
1098 823 1169 876 quae
1188 823 1244 860 101
1262 806 1347 860 habet
1364 807 1470 873 fratres,
1489 823 1553 860 cum

312 896 387 949 omni
406 910 456 949 aua
475 894 651 966 possessione
669 892 763 960 nubat,
783 899 811 947 et
829 894 926 947 mulier
944 893 1028 947 vidua
1045 910 1110 948 cum
1128 893 1203 946 omni
1221 893 1286 948 dote
1299 909 1350 947 sua
1362 900 1464 948 etcum
1477 894 1553 946 omni

309 1000 350 1048 eo,
370 981 444 1052 quod
464 981 540 1035 dedit
558 981 583 1034 ei
601 982 642 1035 vir
659 981 813 1034 defunctae.
838 980 875 1034 Et
893 981 916 1033 si
934 980 1018 1034 habet
1036 986 1150 1050 patrem,
1180 981 1223 1033 vei
1248 985 1365 1034 matrem
1385 980 1428 1033 vel
1446 979 1552 1046 iratres,

310 1069 376 1122 nihil
396 1069 516 1137 amplius
534 1068 615 1122 detur
633 1069 666 1121 ei
696 1068 862 1136 Quicunque
886 1067 1003 1120 voluerit
1027 1068 1151 1137 accipere
1175 1071 1218 1120 vel
1243 1065 1309 1120 dare
1332 1083 1448 1120 uxorem
1475 1073 1553 1120 extre.

310 1156 456 1220 civitatem,
482 1154 525 1208 vel
543 1155 598 1209 alio
616 1154 700 1208 modo
719 1155 924 1208 matrimonium
942 1153 1111 1218 contrahere,
1139 1171 1195 1208 uon
1214 1159 1339 1207 teneatur
1357 1153 1392 1206 ad
1412 1152 1554 1223 praedicta

309 1239 359 1295 sed
377 1241 460 1294 faciat
477 1240 552 1309 quod
572 1241 670 1294 melius
690 1245 788 1310 potest.
809 1241 845 1294 Et
863 1240 1021 1308 quicunque
1039 1246 1134 1293 contra
1153 1239 1293 1310 praedicta
1317 1241 1418 1304 fecerit,
1438 1241 1474 1294 sit
1493 1257 1553 1311 per·

306 1327 388 1397 jurus
413 1333 440 1380 et
463 1327 566 1382 incidat
589 1329 617 1380 in
642 1328 962 1392 excommunicationem,
987 1343 1060 1394 quae
1085 1327 1158 1380 facta
1181 1332 1223 1380 est
1248 1343 1297 1396 per
1315 1327 1350 1379 D.
1369 1328 1553 1395 Arangerium

309 1413 547 1484 archiepiscopum
566 1421 593 1468 et
612 1414 727 1468 abbates
751 1415 856 1468 Desam
880 1414 915 1468 de
940 1413 1115 1468 Lacromono
1139 1419 1167 1468 et
1189 1414 1327 1468 Joannem
1351 1412 1386 1467 de
1406 1413 1508 1466 Meleta
1526 1419 1553 1466 et

309 1499 461 1568 Georgium
479 1500 514 1554 de
532 1501 560 1556 S.
579 1501 687 1556 Jacobo
705 1501 740 1556 de
758 1501 914 1571 Viscgniza,
934 1507 962 1554 et
980 1517 1029 1570 per
1047 1500 1184 1569 quosdam
1202 1501 1352 1556 monachos
1366 1505 1393 1553 et
1405 1500 1553 1554 canonicos

309 1587 338 1642 S.
358 1588 471 1653 Mariae,
496 1587 623 1642 videlicet
647 1588 837 1657 presbyterum
861 1588 1010 1641 Petronam
1038 1587 1126 1641 filium
1153 1587 1299 1654 Theodori,
1324 1587 1471 1641 diaconum
1493 1587 1552 1639 Ma·

308 1674 422 1728 thaeum
440 1674 527 1727 filium
546 1674 722 1742 Theophilee,
752 1691 801 1743 per
824 1675 937 1728 clericos
958 1675 1100 1728 Marinum
1121 1674 1208 1728 filium
1227 1673 1351 1730 Sabatini
1369 1679 1397 1727 et
1414 1673 1551 1727 Stantium

310 1760 397 1814 filiurn
422 1760 567 1824 Simeonis,
601 1759 802 1828 praesbiterum
832 1759 995 1814 Paschalem
1024 1761 1111 1814 filium
1138 1761 1220 1826 Petri,
1252 1759 1443 1830 praesentibus
1470 1759 1553 1812 fratre

309 1848 391 1901 Xisto
416 1853 482 1900 tunc
506 1846 638 1915 temporis
663 1846 691 1898 in
715 1845 856 1900 Dalmatia
879 1847 994 1900 fratrum
1020 1848 1158 1901 minorum
1176 1847 1309 1912 ministro,
1337 1847 1421 1899 fratre
1440 1845 1551 1900 Andrea

309 1933 435 2000 diacono,
460 1934 507 2002 qui
527 1939 591 1986 sunt
609 1932 644 1986 de
662 1933 796 2000 Venetiis,
820 1934 903 1987 fratre
920 1934 939 1987 J
941 1951 1038 2000 oanne,
1063 1935 1110 2003 qui
1130 1934 1181 1988 fuit
1199 1933 1234 1988 de
1252 1935 1415 2004 episcopatu
1433 1933 1550 1998 Brixiae,

312 2021 415 2074 scilicet
432 2020 468 2074 de
488 2021 609 2074 Minizno
628 2021 694 2074 etin
709 2027 860 2090 conspectu
872 2022 993 2074 virorum
1011 2027 1039 2075 et
1057 2021 1202 2075 mulierum
1221 2022 1248 2074 in
1268 2021 1382 2074 ecclesia
1395 2020 1423 2074 S.
1437 2021 1551 2074 Mariae.

308 2137 341 2145 -
359 2106 396 2159 Et
407 2106 460 2160 hoe
473 2112 607 2160 statutum
619 2113 647 2161 et
659 2109 912 2163 excommunicatio
929 2126 993 2162 cum
1006 2109 1066 2162 aliie
1080 2109 1236 2162 memoratis
1256 2107 1351 2177 poenis
1370 2105 1453 2160 durat
1471 2122 1550 2174 usqu,

308 2192 343 2246 ad
362 2193 458 2262 viginti
477 2210 576 2248 novem
594 2211 682 2247 annos
702 2201 729 2248 et
746 2212 803 2249 non
823 2197 910 2266 possit
934 2197 1034 2250 mutari
1053 2213 1103 2250 nec
1123 2212 1172 2266 per
1190 2195 1338 2250 consilium
1357 2211 1480 2264 parvum,
1508 2195 1550 2248 vel

309 2295 441 2348 magnum
459 2280 503 2334 vel
522 2297 571 2350 per
589 2279 693 2336 iudices
712 2283 754 2336 vel
773 2283 828 2336 alio
847 2283 937 2338 modo.

359 2367 490 2422 Fariuti:
509 2368 589 2436 illyr.
609 2368 688 2424 Socr.
710 2369 738 2423 Τ.
763 2370 808 2426 VI.
825 2386 854 2438 p.
877 2375 919 2422 96.

378 2506 518 2562 GGGXX.
545 2508 719 2579 1111110111.
739 2511 859 2578 ricperti
877 2515 952 2566 1235.
981 2509 1165 2580 Temporibus
1188 2509 1314 2578 Gregorii
1334 2525 1424 2578 papae
1442 2513 1469 2560 et
1487 2507 1552 2562 Fre·

308 2594 391 2648 derici
409 2595 589 2664 imperatoris.
608 2595 771 2650 Theodorus
785 2596 872 2650 Greaii
884 2603 912 2650 et
925 2599 1024 2651 Petrus
1049 2597 1214 2650 Ballielavae
1238 2595 1411 2649 vicecomites
1435 2593 1551 2663 Rugusii

308 2697 372 2734 cnm
390 2681 552 2734 consiliariis
571 2687 598 2734 et
616 2697 701 2751 parvo
720 2689 748 2735 et
766 2699 866 2752 magno
886 2684 1000 2738 consilio
1019 2683 1164 2737 conferunt
1181 2682 1337 2736 libertatem
1350 2681 1478 2734 omnibus
1492 2697 1551 2750 per-

309 2767 384 2821 sonis
403 2767 519 2820 civitatis
538 2767 705 2822 Riminensis
723 2769 850 2823 veniendi
860 2775 887 2822 et
899 2769 1019 2823 abeundi
1038 2769 1073 2823 de
1092 2769 1201 2823 civitate
1219 2767 1371 2823 secundum
1391 2784 1485 2821 eorum
1503 2784 1550 2820 vo-

308 2853 450 2907 luntatem
476 2855 586 2908 Testes:
604 2854 730 2909 Joannes
750 2855 875 2924 Bogdani
891 2856 978 2926 judex
1001 2857 1118 2926 juratus,
1137 2856 1251 2910 Velciue
1276 2855 1392 2910 Joannis
1411 2853 1551 2908 Bladimiri

306 2939 404 3009 judex,
431 2941 545 2995 Binzola
563 2941 696 2996 Bobetiae
715 2942 808 3010 judex,
837 2943 963 2996 Andreas
982 2943 1131 2996 Balliaiava
1146 2943 1233 3012 judex
1252 2947 1279 2996 et
1296 2943 1398 2995 missus
1425 2941 1549 2995 civitatis.

308 3027 407 3080 Petrus
426 3027 547 3081 Pascalis
567 3027 660 3081 Zonus
679 3029 804 3082 notarius
824 3029 941 3082 civitatis
961 3029 1082 3098 Ragusii

366 3113 484 3167 Wenael:
505 3114 570 3168 Ood.
589 3115 665 3182 Dipl.
685 3115 793 3184 Arpod.
809 3118 868 3184 XI,
883 3133 913 3184 p.
926 3119 986 3169 280.
1006 3116 1121 3182 Ip'ubic':
1139 3115 1317 3172 &laumerid
1328 3115 1405 3169 Moru
1418 3117 1449 3182 1.,
1466 3131 1495 3182 p.
1506 3117 1549 3167 52.

360 3270 515 3324 GGGXXI.
534 3271 659 3342 Perusii,
678 3275 722 3324 23.
741 3273 817 3326 Jazii
834 3276 910 3328 1235.
941 3273 1092 3342 Gregorius
1111 3273 1154 3326 IX
1173 3289 1246 3342 papa
1265 3272 1418 3326 Golomano
1442 3271 1500 3339 regi
1521 3277 1548 3324 et

307 3356 372 3410 duci
391 3356 537 3410 Slavoniae
556 3359 762 3413 concessionem
780 3359 919 3414 redituum
942 3360 976 3414 de
1000 3364 1073 3415 terra
1092 3359 1192 3422 Bosna,
1211 3375 1228 3411 a
1246 3374 1311 3426 rege
1336 3358 1448 3412 Andrea
1472 3362 1550 3427 patre

307 3443 368 3512 ejus
387 3443 411 3496 ei
430 3443 541 3508 factam,
561 3445 722 3500 auctoritate
741 3448 892 3517 apostolica
910 3447 1055 3501 confirmat

360 3528 490 3584 Theiner:
512 3532 584 3583 Mon.
608 3530 664 3585 Vct.
684 3533 779 3601 Huop.
798 3537 828 3600 Ι.,
847 3551 874 3601 p.
894 3539 953 3587 133.

359 3666 529 3721 OCCXXII.
554 3671 588 3722 A.
608 3673 682 3724 1235.
707 3671 833 3724 Andreas
851 3671 881 3724 11
899 3688 956 3738 rex,
975 3671 1140 3727 donat'onea
1165 3672 1288 3742 priorum
1303 3687 1400 3740 regum
1418 3671 1549 3726 ecclesiae

308 3753 592 3823 quinqueecelesiensi
621 3755 708 3808 iactas
726 3773 872 3810 recensens
900 3765 927 3810 et
955 3760 1127 3826 confirmans,
1156 3757 1315 3812 manifestat
1336 3759 1406 3812 inter
1424 3765 1548 3812 caetera:

309 3839 391 3906 Quod
410 3841 479 3894 aliae
498 3841 582 3896 etiam
600 3847 687 3896 metae
706 3850 733 3896 et
751 3843 859 3906 limites,
879 3844 980 3913 quibus
994 3845 1179 3913 zagrabiensie
1192 3846 1308 3899 ecclesia
1330 3850 1495 3898 commetata
1508 3851 1549 3898 est

308 3927 597 3996 Quinqueecclerienei
615 3929 746 3983 ecclcsiae
765 3947 781 3983 a
800 3931 972 3985 sanctissimo
992 3948 1055 4000 rege
1074 3931 1205 3986 Ladislao
1234 3933 1409 4002 progenitore
1428 3947 1479 3985 suo
1498 3929 1548 3986 du-

307 4014 378 4067 xerit
395 4013 564 4080 inserendas,
583 4015 636 4070 hoc
654 4015 754 4070 modo:
774 4017 908 4084 Quoniam
928 4019 1000 4071 ultra
1012 4017 1122 4072 Drarae
1135 4019 1248 4073 fluvium
1260 4020 1339 4074 limes
1353 4037 1402 4074 seu
1415 4019 1547 4074 terminus

308 4101 604 4170 quinqueecclcsiensis
623 4103 753 4157 ecciesiae
772 4104 895 4159 nondum
915 4106 1004 4159 fuerat
1022 4106 1168 4172 stabilitus,
1187 4123 1251 4160 cum
1270 4113 1381 4160 sanctus
1401 4107 1547 4162 Ladielaus

308 4204 355 4241 rex
375 4188 480 4256 primus
498 4189 662 4242 transiverat
680 4189 790 4244 Dravae
808 4191 929 4258 fluvium,
949 4199 977 4246 et
995 4199 1087 4261 partes
1106 4193 1157 4247 sibi
1177 4194 1299 4249 Slavicae
1324 4213 1409 4264 regno
1428 4195 1546 4265 primunr

309 4283 499 4344 occupaverat,
511 4275 639 4342 adducto,
650 4277 698 4330 ubi
707 4283 734 4332 et
744 4278 838 4332 sedem
854 4278 979 4332 fundavit
991 4280 1183 4350 episcopalem,
1195 4282 1320 4336 videlicet
1332 4283 1546 4351 zagrabiensem,

307 4361 385 4412 cuius
406 4360 479 4414 sedis
497 4361 629 4416 diocesim
648 4381 665 4416 a
683 4363 748 4418 sede
767 4366 1047 4434 quinqueecciesieusi
1066 4383 1149 4436 super
1162 4369 1297 4438 Lysnicbe
1310 4370 1451 4434 fluentum,
1471 4369 1546 4438 quod

306 4445 360 4498 ulio
379 4448 489 4500 nomine
500 4447 600 4502 Wolko
619 4457 740 4516 vocatur,
754 4452 916 4518 terminavit,
937 4451 1037 4506 abinde
1059 4470 1109 4522 per
1122 4454 1224 4508 Zavam
1239 4455 1449 4522 descendendo;
1468 4456 1546 4525 quid-

307 4531 373 4602 quid
400 4539 492 4586 autem
511 4535 601 4589 Zavae
620 4536 758 4590 concludit
776 4537 882 4604 fluvius,
908 4537 943 4592 ad
969 4539 1011 4594 iue
1030 4538 1226 4596 dioecesanum
1245 4549 1272 4598 et
1292 4544 1394 4598 iustam
1411 4543 1546 4599 decimam
