3480 5356
661 405 807 450 suemus.
1278 384 1340 452 367

97 566 181 640 quod
200 566 293 624 dictae
310 568 346 625 20
361 581 473 624 meroes
490 568 580 624 eidem
604 569 733 628 dominae
751 585 801 642 per
818 569 924 626 dIctum
941 569 1027 626 Belus
1043 569 1201 642 persolutae
1219 571 1285 642 sint,
1303 587 1351 628 ex·

98 657 193 712 misso
214 661 308 712 nmen
326 655 434 711 Ihoma
451 656 596 714 sacerdote
613 657 691 713 chori
707 656 744 712 ad
762 656 865 713 dictam
882 657 1023 712 dominam
1046 657 1175 714 confesse
1199 664 1251 729 sat,
1275 657 1351 730 quod

95 759 150 814 per
176 742 286 799 dictum
310 744 394 798 Belus
419 744 575 816 privignum
592 761 675 800 suum
696 745 852 817 praedictas
877 746 913 802 20
937 762 1045 802 marcas
1069 763 1105 801 ex
1126 747 1234 818 integro
1258 761 1351 818 paroc·

94 832 184 903 perit,
205 847 292 902 super
309 831 383 888 facto
401 837 495 888 eutem
513 831 633 888 duorum
650 831 795 888 monilium
813 831 889 902 quod
902 831 954 888 sibi
967 832 1185 890 satisfactionem
1198 849 1351 905 congruam

95 919 288 1063 “mxxi
308 1007 373 1064 cos
392 1008 461 1079 dipl.
480 1009 591 1079 Arpod.
611 1009 689 1066 cont.
709 1009 758 1064 IV.
775 1025 805 1078 p.
825 1012 886 1065 204.

134 1145 306 1204 mccmx.
331 1150 366 1203 Io
383 1148 551 1206 Wsrsuohe
571 1153 649 1205 1279.
667 1153 712 1204 28.
731 1149 839 1205 Martii.
864 1146 1013 1204 Ladislaus
1031 1147 1083 1205 IV.
1102 1165 1153 1205 rex
1169 1148 1238 1204 dnm
1255 1149 1351 1206 comiti

93 1233 212 1290 Hudus
233 1240 261 1290 et
278 1235 340 1306 ejus
356 1233 487 1292 iratribus
505 1237 697 1308 possessiones
718 1235 842 1306 Laugvei
866 1235 916 1290 filii
934 1235 1096 1307 Woyvodee
1118 1237 1230 1308 cognati
1254 1253 1351 1294 eorum

94 1323 160 1378 siue
189 1321 314 1378 haerede
336 1321 504 1392 decedentis,
531 1323 660 1392 Abream,
685 1323 773 1378 Botur
796 1327 825 1378 st
841 1323 1041 1394 Kysa-Beturd
1063 1329 1186 1392 vocatas,
1210 1322 1352 1393 denunt,

94 1409 299 1466 enumerando
317 1426 413 1466 eorum
431 1409 525 1468 fidelia
543 1411 662 1478 servitia,
679 1417 877 1466 commemoret
892 1410 1048 1482 specialiter
1060 1427 1101 1480 ee,
1114 1410 1228 1482 quaudo
1240 1409 1354 1468 eosdem

95 1497 128 1552 in
147 1498 290 1554 societate
307 1498 431 1569 magistri
449 1497 578 1554 Joachim
595 1499 707 1570 cognati
726 1515 831 1566 eorum,
849 1503 946 1554 contre
958 1497 1133 1570 Stephanum
1145 1505 1173 1556 st
1189 1497 1353 1556 Ladisleum

97 1586 178 1640 filios
198 1585 338 1656 Stephani
355 1584 482 1642 infideles
500 1602 574 1654 suos,
594 1587 642 1658 qui
666 1585 702 1642 sd
727 1585 926 1642 destruendum
951 1587 1096 1643 universos
1120 1586 1229 1644 nobiles
1253 1593 1282 1643 et
1305 1603 1355 1660 po-

97 1674 187 1745 pulos
208 1689 280 1728 suos
307 1673 360 1728 sub
378 1672 483 1729 benetu
501 1675 579 1745 regni
603 1675 648 1728 sui
673 1675 847 1740 constitutos,
872 1673 1052 1746 quamplures
1075 1674 1230 1732 conductos
1253 1674 1355 1730 Teuto-

97 1763 182 1818 nicos
203 1761 242 1817 da
260 1760 353 1832 Styria
370 1777 465 1818 secum
491 1759 673 1830 adduxerant,
691 1777 755 1816 oum
773 1759 877 1816 eisdem
900 1761 1013 1816 miserat
1036 1767 1219 1833 pugnaturos,
1242 1763 1291 1834 qui
1314 1762 1354 1818 vi·

98 1849 207 1905 delicet
236 1864 331 1905 comes
357 1848 465 1904 Hudus
492 1849 670 1906 amissionem
694 1849 821 1903 sinistrae
843 1864 951 1916 manus,
976 1849 1118 1920 praefatus
1144 1865 1210 1906 sero
1234 1849 1355 1906 Briotius

101 1937 156 1993 tria
175 1935 294 1992 sulucm
312 1935 420 1992 lastelie
438 1941 466 1992 et
484 1936 701 1992 emutilationam
720 1935 799 2008 digiti
820 1933 934 1992 dahac
947 1951 1047 1992 manns
1064 1935 1168 1994 ibidem
1185 1937 1262 2010 pessi
1280 1941 1354 1994 sunt

99 2023 229 2080 Enarret
246 2040 331 2095 porro
349 2024 491 2096 praeclara
509 2039 606 2081 eorum
624 2028 704 2094 geste
721 2024 750 2078 in
768 2023 842 2080 hollo
860 2027 957 2078 contra
974 2039 1068 2094 regem
1085 2024 1224 2081 Boemiae.

160 2111 288 2168 Wcseal:
309 2111 374 2168 Occi.
394 2111 464 2182 dipl.
482 2111 592 2181 Arped.
612 2112 690 2168 Ooot.
710 2111 763 2166 IV.
781 2115 841 2166 177.

159 2233 312 2292 Mooux.
329 2233 462 2308 lispnsii.
481 2238 557 2292 1279.
577 2238 601 2291 5.
620 2235 713 2290 Josis'.
731 2233 845 2290 hlarcus
863 2233 944 2289 (leno
963 2233 998 2290 ds
1016 2233 1149 2290 mandato
1167 2232 1246 2290 duois
1263 2233 1355 2292 Vene-

105 2326 210 2380 tiarnm
230 2339 324 2380 comcs
349 2321 466 2393 Ragusii
484 2339 548 2378 oum
567 2321 709 2377 voluntate
732 2321 844 2376 maioris
871 2325 899 2375 et
925 2321 1040 2378 minoris
1066 2321 1175 2377 consilii
1201 2326 1230 2378 et
1255 2321 1353 2394 populi

104 2411 255 2483 Regusini‚
275 2415 338 2482 post
355 2410 458 2465 multos
477 2414 505 2465 et
521 2410 613 2465 varios
630 2413 764 2466 uectatus
791 2409 826 2465 sd
849 2410 967 2466 invicem
989 2409 1101 2466 habitos
1123 2425 1188 2465 cnm
1214 2409 1355 2466 nobilibus

105 2501 173 2556 viris
190 2498 334 2570 'Irtphcne
352 2497 545 2553 archidiacono
565 2496 717 2566 Oetarensi‚
736 2497 844 2553 Thema
860 2497 965 2568 Drago,
992 2495 1098 2552 Calisto
1115 2496 1282 2568 Poveugeui,
1306 2496 1357 2554 Jo-

104 2589 199 2644 hanue
218 2586 254 2642 ds
272 2585 355 2653 Pribi‚
385 2584 525 2640 Mertholo
552 2585 684 2654 Pescelis,
709 2585 804 2642 Micha
831 2585 905 2640 Petri
933 2583 1027 2640 Diuus
1053 2589 1081 2640 et
1106 2583 1236 2640 Johanne
1263 2583 1355 2640 Beleni

104 2677 200 2732 missis
218 2679 247 2731 st
264 2671 514 2730 ambasciatoribus
537 2673 691 2728 communis
713 2671 808 2728 Ceteri
825 2672 861 2727 sd
879 2671 1056 2728 concordiem
1081 2677 1214 2728 venerunt
1231 2672 1260 2726 in
1277 2671 1353 2728 hunc

106 2761 240 2820 modum:
262 2765 286 2818 1.
305 2759 389 2830 Quod
406 2760 478 2816 inter
495 2759 593 2815 ambas
611 2759 735 2816 civitates
753 2760 832 2814 firme
850 2776 907 2830 pax
924 2758 1027 2814 debeat
1039 2775 1199 2831 permanere
1216 2765 1245 2814 et
1262 2759 1286 2813 si
1303 2774 1353 2814 rex

106 2853 226 2908 itassies
244 2867 308 2907 cum
326 2853 408 2920 gente
427 2865 478 2904 sua
495 2847 614 2904 voluerit
631 2846 697 2902 dare
722 2846 862 2902 communi
886 2846 1047 2917 Ragusinee
1064 2861 1201 2916 guerram,
1226 2845 1353 2902 homines

109 2940 217 2996 Catari
236 2933 383 2994 teneantur
401 2939 461 2992 toto
479 2951 563 3006 posse
581 2951 632 2990 suo
650 2933 762 2990 turbere
779 2933 882 2992 dictam
904 2949 1041 3005 guerram,
1060 2933 1083 2988 si
1102 2937 1195 2989 antem
1212 2944 1269 2989 non
1287 2949 1351 3006 pos-

108 3033 178 3096 sent,
200 3031 328 3084 teneatur
347 3041 412 3096 pers
430 3024 517 3080 altera
535 3021 615 3078 alteri
632 3021 758 3078 diffidere
776 3027 926 3092 autequam
946 3021 1030 3076 iaciat
1041 3037 1178 3092 guerram.
1190 3021 1263 3076 Item
1275 3019 1353 3092 quod

108 3115 236 3172 homines
257 3113 362 3169 Gattsri
380 3111 490 3184 possint
507 3110 638 3180 navigare
656 3126 720 3166 cum
736 3109 819 3180 lignis
836 3108 1043 3179 Ragusinorum
1058 3113 1086 3164 st
1096 3107 1188 3164 iecere
1205 3108 1352 3164 societates

108 3209 136 3259 et
153 3202 360 3259 mussitationes
378 3199 415 3255 ed
433 3199 558 3254 invicem.
577 3199 649 3254 Item
667 3197 742 3269 quod
761 3197 855 3254 omnia
873 3195 999 3268 deposita
1018 3196 1076 3252 eise
1094 3196 1189 3252 debite
1200 3196 1274 3252 iacta
1285 3201 1353 3252 tem·

109 3306 178 3362 pore
196 3283 275 3362 pacis
292 3289 321 3344 in
339 3287 453 3343 Oattsro
481 3292 509 3342 et
531 3286 590 3342 eius
617 3285 789 3358 pertiuentiis
817 3300 866 3356 per
892 3284 1019 3341 homiues
1045 3284 1205 3356 Bagusinos
1232 3283 1354 3340 debeant

109 3394 171 3434 essa
190 3378 268 3436 salvs
285 3381 343 3432 tam
362 3393 379 3430 a
397 3373 522 3446 quolibet
533 3373 647 3430 domiuo
666 3372 812 3430 Slavonise
834 3373 892 3428 sive
914 3388 980 3444 rege
1001 3388 1087 3442 quarn
1110 3388 1128 3426 e
1150 3371 1275 3443 quolibet
1299 3371 1352 3428 Oe·

109 3467 201 3522 tarino
219 3481 304 3537 quam
321 3463 465 3520 forestisro
483 3469 511 3518 et
528 3462 603 3518 idem
620 3461 703 3518 debet
721 3460 780 3516 fieri
797 3459 833 3516 de
851 3458 986 3532 depositis
1004 3465 1034 3516 ct
1049 3458 1151 3515 debitis
1163 3459 1244 3516 scotis
1256 3459 1285 3514 in
1297 3457 1353 3514 Re·

109 3555 191 3626 gusio
210 3571 264 3626 per
278 3553 404 3609 homines
429 3550 583 3608 Ceteriuos.
606 3550 679 3606 Item
701 3555 826 3621 tempore
850 3563 967 3618 guerrae
991 3548 1046 3602 siut
1068 3547 1187 3604 inuicem
1210 3547 1280 3602 salvi
1304 3563 1354 3618 per

109 3659 187 3698 mars
203 3641 233 3696 in
251 3641 368 3697 termino
386 3639 505 3696 duorum
532 3638 679 3694 mensium.
702 3638 775 3693 Item
801 3651 948 3692 commune
977 3634 1071 3690 Ceteri
1096 3633 1217 3690 dimittet
1243 3650 1353 3691 omnem

109 3729 232 3802 donnum
250 3729 409 3800 impositam
428 3743 512 3798 super
527 3726 653 3782 homiues
665 3725 825 3795 ngnsiuos
843 3725 871 3778 in
889 3723 1000 3780 civitate
1017 3728 1046 3779 et
1063 3728 1148 3778 extra
1167 3721 1238 3778 Item
1256 3722 1353 3778 civitas

111 3818 217 3874 Oettari
235 3833 300 3874 nom
318 3815 401 3872 faciet
417 3814 532 3886 aliquod
551 3819 686 3870 statutum
704 3818 800 3868 contre
817 3827 964 3868 commune
983 3815 1011 3866 et
1027 3809 1154 3866 homines
1172 3809 1297 3880 Regusii‚
1310 3810 1352 3867 sic

110 3907 195 3960 etism
213 3905 319 3960 vicisim
336 3903 472 3975 Ragusini
491 3907 587 3958 contra
600 3901 756 3956 Getarinoe.
768 3898 940 3954 Patrimonia
952 3897 1053 3954 civium
1066 3897 1122 3952 sint
1135 3897 1255 3952 vicissim
1267 3898 1352 3955 salva

110 3993 183 4048 Item
202 3992 295 4048 Catari
314 4009 370 4047 non
389 3989 515 4046 nitebunt
532 3989 692 4060 Ragusinos
715 4003 767 4042 neo
785 4003 836 4058 pro
847 3986 942 4057 alique
953 4001 983 4040 re
998 4000 1091 4040 ocrem
1110 4001 1175 4055 rege
1192 3989 1242 4042 eut
1258 3986 1353 4056 aliquo

110 4079 225 4136 domino
238 4086 288 4136 eut
300 4078 413 4136 officiali
431 4077 588 4145 Slavoniee,
603 4075 652 4132 scd
669 4075 779 4132 venient
798 4079 846 4129 aut
862 4073 972 4128 mittent
989 4071 1144 4143 Bagnsium
1156 4070 1191 4126 ad
1205 4069 1354 4142 petendam

111 4168 247 4224 radonem
265 4173 316 4223 etc.
334 4166 459 4237 Triphon
478 4165 551 4221 Petri
568 4163 676 4220 comitis
692 4163 803 4234 juratus
821 4166 878 4216 not
897 4160 1014 4232 scripsit.

167 4255 243 4325 oric.
254 4271 314 4311 cum
327 4253 433 4310 ductos
445 4253 547 4324 sigillis
559 4253 591 4308 to
603 4251 715 4308 archivo
728 4249 821 4306 cetico
835 4245 1130 4304 vindobonensem.
1142 4245 1248 4302 Ootoro
1261 4249 1353 4312 1⁶3l5·

165 4374 737 4450 moonx1.spalsti.127a10.Jonss.
759 4371 903 4428 Johauues
928 4369 1154 4441 archiepiscopus
1180 4368 1352 4440 spalatensis
1373 4443 1376 4448 Ι

114 4464 257 4535 significat,
270 4464 345 4536 quod
359 4463 504 4536 pecuniam
515 4467 638 4518 taxatam
652 4465 819 4533 perpetrem
832 4458 993 4531 Philippum
1006 4455 1178 4511 Iirmsnssm
1190 4455 1353 4527 episcopum

113 4549 192 4608 Sedis
210 4553 380 4624 spostolicae
397 4553 522 4621 legatum
540 4566 558 4605 a
575 4548 697 4620 capitulo
715 4553 743 4604 et
760 4565 777 4602 a
795 4545 968 4601 monasteriis
981 4543 1017 4599 de
1029 4542 1155 4614 Spalato,
1167 4543 1203 4598 de
1220 4541 1353 4598 mandato

114 4637 200 4710 ipsius
218 4641 302 4712 legati
320 4640 454 4712 receperit
471 4644 499 4693 et
516 4636 642 4708 quidem:
661 4653 679 4691 a
695 4634 819 4708 capitolo
836 4635 878 4690 30.
897 4633 983 4688 libres
1000 4630 1178 4688 denariorum
1197 4645 1353 4702 parvorum,

114 4729 319 4786 emonastsrio
337 4746 359 4785 s.
378 4725 511 4800 Stephani
538 4725 573 4781 12
598 4723 691 4791 libres,
716 4739 734 4778 a
757 4721 924 4778 monasterio
948 4737 970 4776 s.
996 4719 1138 4778 Benedicti
1164 4721 1197 4776 12
1222 4717 1310 4778 libras
1336 4733 1357 4776 a

1232 4827 1247 4858 1
