3376 5350
383 435 449 501 452
880 445 899 490 1.
918 433 1131 500 xuxuraavrd,

439 623 592 680 MDXOII.
612 623 698 693 Apud
723 624 818 678 Vastus
837 627 878 678 13.
896 625 1008 692 Aprilis
1026 628 1101 680 1297.
1121 625 1266 696 Regname
1285 623 1392 680 Karulo
1411 623 1448 680 11.
1469 643 1538 696 rege
1559 627 1636 682 Jeru-

386 713 481 778 salem,
500 711 619 778 Siciliae,
639 711 757 766 ducatus
775 711 895 782 Apuliae
913 717 964 767 etc.
983 711 1085 768 Samus
1103 711 1138 767 de
1156 711 1184 768 S.
1203 711 1316 767 Andrea
1333 712 1485 768 Venturum
1500 714 1596 784 judex
1615 729 1637 768 u

389 801 511 856 Fuficius
531 801 620 855 dictae
639 807 727 854 terrae
744 800 877 866 nummus,
891 815 955 854 cum
967 799 1081 854 castoris
1094 799 1213 854 testibus
1225 806 1254 854 et
1264 799 1468 854 habitatoribus
1485 800 1524 856 de
1543 802 1638 856 eadem

388 891 508 944 terrain
528 905 614 944 uuum
634 888 794 958 congregati
816 887 1019 942 exaudiremus
1042 887 1182 958 Angelum
1207 887 1242 942 ds
1259 887 1409 942 Vincentio
1432 895 1461 942 et
1478 887 1638 943 Jobannem

387 976 422 1031 de
442 975 543 1046 Rugio,
562 976 727 1031 constitutos
740 975 807 1030 olim
822 973 945 1030 sindicos
963 990 1029 1028 suos
1047 975 1083 1029 ad
1102 973 1283 1030 ordinandam
1296 990 1394 1046 pacem
1412 981 1440 1029 et
1458 975 1637 1030 concordiam

389 1065 461 1118 iuter
478 1064 605 1118 homines
624 1064 743 1119 civitatis
760 1062 913 1118 Vestarum
932 1069 960 1116 et
978 1077 1124 1118 commune
1143 1069 1171 1117 et
1188 1061 1314 1118 homines
1332 1063 1469 1131 Tragurii,
1481 1062 1559 1117 inter
1571 1079 1638 1132 quos

389 1151 547 1212 vertebatur
565 1149 703 1206 discordia
721 1156 750 1206 et
766 1167 865 1220 guerra
888 1166 939 1221 pro
963 1165 1005 1215 eo,
1031 1149 1107 1220 quod
1124 1149 1227 1205 mutas
1246 1150 1410 1206 offensiones
1429 1155 1458 1204 et.
1476 1148 1586 1204 damna
1604 1168 1641 1204 re

387 1245 519 1310 ceperunt
537 1255 553 1293 a
570 1225 667 1310 piratis
685 1255 734 1293 seu
753 1238 883 1292 cursoriis
908 1236 1070 1304 Dalmatiae,
1089 1237 1161 1292 inter
1185 1253 1255 1307 quos
1278 1237 1531 1308 praesumebantur
1555 1237 1640 1291 fuisse

384 1326 511 1382 homines
529 1326 564 1382 de
582 1326 724 1397 Tragurio
744 1325 799 1394 Qui
818 1325 917 1381 sindioi
935 1333 1125 1396 exposuerunt
1150 1324 1225 1396 quod
1249 1323 1351 1380 dictam
1370 1341 1468 1395 pacem
1486 1341 1555 1379 cum
1577 1327 1640 1380 Tra·

386 1415 494 1485 gurinis
512 1413 634 1484 feceriut,
654 1421 681 1469 et
699 1413 775 1484 quod
794 1413 927 1468 Nicolaus
945 1413 1068 1468 sindicus
1093 1429 1189 1467 eorum
1208 1411 1236 1466 in
1255 1411 1369 1466 consilio
1381 1411 1508 1482 generali
1527 1414 1641 1466 nomine

386 1502 511 1558 omnium
542 1502 642 1556 civium
664 1501 821 1573 promiserit
845 1499 925 1554 dictis
949 1499 1059 1570 Angelo
1082 1506 1109 1554 et
1133 1497 1256 1554 Johanni
1281 1497 1393 1553 sindicis
1418 1514 1518 1569 pacem
1544 1515 1642 1570 perpe

385 1597 471 1658 tuam,
490 1589 564 1644 sicru
581 1590 616 1644 ab
635 1590 750 1659 antiquo
769 1588 829 1656 fult,
848 1588 957 1642 servari.

437 1677 558 1730 Lucius:
577 1677 658 1731 Mera.
678 1676 709 1729 dl
730 1677 814 1730 Trou.
833 1693 860 1747 p.
880 1679 940 1730 135.

444 1835 610 1892 MDXOIII.
628 1837 772 1894 voemiis.
800 1839 878 1890 1297.
895 1840 921 1890 2.
941 1836 1024 1889 dicii.
1049 1835 1149 1890 Petrus
1174 1835 1342 1902 Gredonico,
1367 1834 1424 1888 dux
1441 1834 1641 1895 venetiarum.

391 1926 506 1982 mandat
523 1925 621 1980 Marco
639 1923 778 1993 Michaeli,
798 1925 891 1979 comiti
917 1924 1044 1990 Arbeusi,
1062 1929 1090 1978 et
1107 1924 1279 1978 universitati
1306 1923 1430 1990 civitatis,
1451 1939 1517 1978 cum
1545 1935 1643 1978 conus

387 2014 543 2069 Januenses
568 2019 648 2082 purat
665 2016 765 2082 potens
793 2012 936 2078 extolium,
955 2019 986 2066 ut
1003 2012 1038 2066 50
1061 2009 1187 2066 homines
1211 2009 1247 2064 ad
1271 2027 1337 2064 suas
1359 2027 1496 2080 expensas
1526 2017 1557 2066 et
1580 2015 1642 2065 resi-

386 2101 473 2156 duum
494 2100 639 2155 hominum
658 2115 708 2169 pro
727 2099 930 2169 complemento
954 2097 1079 2153 armandi
1105 2114 1189 2152 unam
1207 2098 1315 2169 galeam
1335 2097 1371 2152 ad
1389 2113 1529 2168 expensas
1549 2099 1643 2154 Vene

385 2194 437 2254 tas,
456 2187 491 2242 ad
510 2189 563 2242 180
580 2187 705 2240 homines
725 2201 774 2256 pro
787 2181 875 2256 galea,
888 2193 1055 2256 praeparant
1068 2185 1151 2239 armis
1163 2190 1192 2238 et
1203 2185 1331 2240 omnibus
1344 2185 1516 2253 necessariis,
1535 2186 1643 2242 habent

388 2291 500 2346 quoque
518 2276 628 2329 mittere
646 2289 734 2328 sinum
752 2273 874 2327 nobilem
893 2290 943 2343 pro
961 2272 1145 2342 supracomite
1165 2287 1216 2342 pro
1235 2273 1321 2341 galea.

438 2362 549 2430 Ljuba'c‘,
569 2363 648 2416 Mora.
669 2363 692 2416 Ι.
709 2378 738 2430 p.
758 2365 817 2415 189.

441 2520 606 2576 MDXCIV.
626 2522 746 2577 Manae
765 2523 842 2573 1297.
861 2523 903 2572 15.
922 2519 1006 2573 Mola
1026 2519 1185 2576 Bonisacius
1198 2519 1278 2574 VIII.
1292 2536 1373 2590 papa,
1386 2535 1450 2574 cum
1464 2517 1644 2591 spalatensi,-

387 2609 504 2663 ecclesia
522 2607 629 2662 dudum
651 2607 764 2662 viduata
789 2613 908 2677 pastore,
933 2607 998 2661 licet
1024 2608 1052 2662 in
1080 2624 1113 2661 ea
1141 2607 1175 2661 de
1198 2607 1307 2662 Jacobs
1331 2606 1529 2662 archidiacono
1554 2609 1645 2678 ipsius

387 2697 520 2752 ecclesiae
539 2697 638 2751 electio
660 2695 743 2750 fuerit
770 2695 914 2762 celebrata,
940 2695 1005 2765 quia
1028 2703 1120 2750 mmen
1144 2694 1216 2750 inira
1238 2701 1349 2766 tempus
1372 2713 1389 2749 a
1412 2695 1476 2764 jure
1501 2701 1645 2750 statutum

390 2784 453 2838 dem
472 2783 682 2838 archidiaconus
704 2801 760 2838 non
779 2783 832 2836 suit
850 2783 994 2852 negotium
1013 2783 1154 2837 electionis
1179 2788 1352 2854 prosecutus,
1378 2782 1452 2836 dicta
1473 2782 1582 2838 electio
1600 2785 1645 2852 ju·

388 2872 464 2926 ribus
490 2872 582 2925 extitit
605 2877 722 2924 vacuata
749 2877 776 2924 et
799 2868 874 2924 idem
898 2869 1109 2925 archidiaconus
1133 2870 1167 2924 de
1192 2869 1323 2925 mandato
1348 2869 1488 2940 pontilicis
1517 2873 1645 2940 resigna-

388 2959 493 3013 tionem
504 2973 582 3012 suam
593 2957 704 3028 recepit,
714 2955 846 3028 praefecit
857 2957 943 3027 igitur
952 2974 1025 3028 papa
1034 2958 1062 3011 io
1073 2957 1311 3028 archiepiscopum
1321 2956 1514 3028 spalatensem
1526 2956 1645 3014 fratrem

389 3046 448 3101 ord.
468 3044 608 3099 Minorum
628 3045 751 3112 Petrum,
770 3043 943 3114 capellanum
962 3043 1067 3099 Mariae
1088 3045 1212 3115 Reginae
1230 3044 1349 3101 Siciliae.

441 3133 570 3188 Forloti:
589 3131 672 3202 mgr.
692 3131 772 3187 Saea.
798 3132 826 3185 T.
845 3131 907 3185 III.
923 3147 952 3200 p.
970 3133 1030 3186 295.

445 3291 597 3346 MDXOV.
616 3290 703 3360 Apnad
720 3290 813 3344 urbem
832 3297 943 3345 oeterni
962 3295 1002 3344 18.
1022 3291 1107 3344 Jrsaii
1126 3295 1202 3346 1297.
1216 3292 1376 3346 Bonifatius
1394 3289 1473 3346 VIII.
1486 3308 1568 3362 papa
1583 3311 1645 3347 cum

390 3379 535 3434 Jadrensis
554 3378 670 3433 ecclesia
688 3395 737 3448 per
754 3378 961 3432 translationem
980 3378 1179 3449 archiepiscopi
1191 3377 1354 3434 Joaunisad
1366 3379 1538 3434 ‘Itaneuoem
1552 3382 1644 3434 eccle

391 3469 460 3524 siam
479 3473 590 3538 pastore
608 3482 659 3520 suo
677 3465 809 3520 destituta
823 3465 928 3534 luisset,
941 3465 1066 3520 nominat
1082 3468 1110 3520 in
1129 3465 1367 3538 archiepiscopum
1380 3465 1550 3521 ledrensem
1565 3468 1645 3522 Hen-

390 3556 461 3610 rium
481 3555 515 3609 de
533 3554 665 3619 Tuderto,
684 3553 795 3608 fratrem
815 3552 920 3608 ordinis
938 3554 1084 3620 minorum,
1104 3553 1178 3624 quod
1198 3554 1221 3607 ei
1241 3569 1290 3624 per
1309 3553 1414 3610 liberas
1433 3569 1499 3608 suas
1519 3555 1643 3610 intimat.

442 3641 572 3696 Forlati:
591 3639 677 3709 Illyr.
696 3639 774 3694 Saea
798 3641 826 3695 T.
851 3641 880 3695 V.
899 3658 926 3711 p.
944 3645 986 3692 aa.

442 3799 608 3856 MDXOVI.
627 3801 768 3872 rosanae.
786 3805 811 3854 1.
831 3801 996 3869 Septembris
1023 3805 1098 3855 1297.
1119 3801 1248 3868 Michael,
1267 3803 1415 3872 episcopus
1432 3799 1644 3870 Zegrabiensis.

391 3888 494 3943 domini
523 3889 659 3943 Albertini
684 3889 773 3943 Ducis
798 3888 945 3944 Slavoniae
969 3890 1149 3944 cancellarius
1173 3896 1201 3943 et
1226 3905 1318 3944 comes
1338 3889 1372 3944 de
1394 3888 1513 3958 Garygh
1538 3897 1644 3944 notum

390 3976 465 4039 facit,
484 3975 641 4046 quodcum
667 3976 841 4046 praepositus
860 3983 887 4030 et
905 3983 1057 4031 conventus
1075 3977 1191 4030 fratrum
1210 3975 1238 4030 S.
1258 3976 1416 4046 Augustini,
1441 3978 1646 4032 canonicorum

389 4062 558 4134 regularium
586 4062 620 4117 de
648 4062 731 4118 domo
755 4065 782 4118 in
802 4063 911 4130 Wasca,
938 4065 1141 4133 possessionem
1166 4081 1244 4118 suam
1267 4063 1384 4129 Tobios,
1402 4065 1581 4135 possessioni
1614 4066 1646 4117 de

390 4149 493 4204 Wasca
510 4149 680 4204 adiacentem
712 4150 856 4205 commode
878 4167 1025 4221 procurare
1049 4169 1104 4206 non
1127 4158 1249 4222 possent,
1276 4150 1311 4204 ad
1337 4151 1448 4205 illorum
1475 4153 1645 4221 quaerulam

391 4237 552 4292 relationem
572 4236 684 4292 donavit
703 4240 741 4292 eis
760 4237 924 4308 particulam
942 4246 1030 4292 terrae
1049 4239 1129 4293 villae
1151 4256 1217 4293 suae
1242 4239 1277 4293 de
1303 4238 1415 4304 Waska,
1439 4254 1490 4309 pro
1519 4255 1581 4309 qua
1608 4257 1647 4293 re·

391 4326 464 4395 cepit
492 4325 745 4394 supranominatam
769 4331 870 4378 terram
893 4325 1009 4380 Tubina.
1035 4325 1134 4380 Dictae
1157 4326 1309 4396 particulae
1333 4331 1422 4380 terrae
1447 4333 1539 4381 metae
1571 4330 1645 4382 siem

390 4413 544 4467 retulerunt
573 4412 719 4482 Olyverius
746 4411 872 4466 officialis
899 4413 1064 4484 episcopalis
1092 4414 1126 4467 de
1150 4413 1259 4478 Wasca,
1287 4413 1411 4468 Gurethe
1441 4419 1469 4469 et
1492 4415 1646 4470 Teodorus

391 4499 539 4570 praedialis
561 4516 594 4554 ac
619 4499 758 4553 Adrianus
777 4498 912 4570 plebanus
936 4499 970 4552 de
995 4501 1091 4554 eodem
1114 4501 1184 4568 loco,
1203 4501 1336 4571 incipite
1354 4501 1525 4572 quibusdam
1548 4501 1646 4556 dumis

391 4586 577 4641 avellanarum
595 4588 673 4640 iuxta
695 4587 794 4652 lacum,
819 4594 847 4640 et
870 4603 982 4641 currens
1007 4605 1055 4657 per
1081 4590 1168 4642 varias
1190 4596 1277 4643 metas
1302 4589 1438 4657 arboreas,
1462 4589 1541 4644 vadit
1571 4593 1646 4644 circs

391 4691 519 4744 magnam
538 4676 610 4728 viam
636 4674 782 4728 ducentem
807 4676 835 4728 in
860 4674 1025 4740 Zalntbnuk,
1050 4675 1114 4730 inde
1138 4677 1238 4730 iterum
1262 4693 1311 4746 per
1335 4677 1423 4730 varias
1447 4684 1537 4732 metas
1564 4679 1647 4731 arbo

392 4777 453 4816 reas
479 4761 515 4815 ad
539 4762 684 4816 ecclesiam
711 4759 738 4814 S.
764 4759 876 4832 Georgii
901 4761 937 4815 ad
961 4762 1132 4818 occidentem
1159 4765 1188 4817 in
1210 4765 1300 4818 vicino
1327 4768 1416 4818 terrae
1440 4763 1584 4820 nobilium
1613 4767 1645 4818 ds
