3544 5344
1734 331 1752 366 i,

458 435 501 503 20
950 456 972 496 1.
995 443 1196 512 sunmerso,
1718 485 1736 514 4

459 643 545 682 uxore
562 629 589 681 et
606 623 669 679 filiis
687 629 715 678 et
732 622 835 676 familia
852 627 880 675 et
897 619 1026 676 omuibus
1044 619 1124 675 bouis
1147 620 1205 674 suis
1229 635 1396 690 quocunque
1414 619 1466 674 sibi
1485 621 1620 692 placuerit
1637 628 1690 677 eat.
1732 621 1750 654 ⁴

458 711 538 768 Haec
556 712 648 767 omnia
665 711 724 764 siue
741 707 838 762 tande
856 713 884 763 et
900 707 1011 777 iugenio
1029 705 1194 761 observabit

516 799 650 854 Venari:
675 799 748 852 llos.
771 796 865 866 Hesp.
887 794 1027 850 historica
1049 793 1140 848 Godana
1157 793 1349 863 modionas.
1374 797 1405 863 I,
1427 812 1456 866 p
1477 801 1518 852 93.
1542 797 1691 869 &paetum
1726 779 1746 816 ⁴

458 901 545 943 aureo
562 885 648 941 bediu.
665 885 714 941 Eo
731 883 801 939 libro
817 882 1024 952 pecuariorum
1041 881 1247 936 communitatis
1264 879 1440 938 alamannos.
1459 883 1543 940 MSO.

510 1026 646 1082 LXVIII.
668 1027 703 1080 Δ.
727 1027 811 1094 1208,
838 1027 879 1081 21.
906 1022 1017 1078 Martii.
1044 1022 1180 1094 Tempore
1201 1021 1413 1092 perturbationis
1432 1029 1460 1080 et
1485 1024 1583 1080 diebus
1606 1027 1692 1082 malo·

459 1132 528 1181 rum,
553 1115 581 1168 in
608 1111 708 1183 quibus
738 1111 832 1166 civitas
855 1108 999 1165 Jadertina
1017 1109 1156 1164 solotenus
1176 1115 1312 1179 prostrata
1330 1115 1380 1178 est,
1395 1115 1558 1169 necessitate
1576 1122 1692 1185 cogente
1721 1091 1737 1124 ⁴

459 1201 494 1258 ad
512 1200 646 1272 capellam
670 1199 698 1256 S.
721 1199 795 1254 Petri
819 1197 937 1268 apostoli
955 1195 1099 1251 fundatam
1117 1196 1145 1250 iu
1163 1194 1225 1250 loco
1245 1196 1371 1264 Bubiani,
1391 1215 1463 1268 quae
1481 1199 1621 1269 quondam
1639 1201 1692 1256 fuit
1732 1227 1756 1264 ι,

459 1288 616 1344 monasterii
635 1286 663 1344 S.
682 1286 808 1352 Dimitrii,
827 1285 855 1338 in
874 1302 930 1354 quo
948 1299 1049 1355 parvus
1067 1299 1134 1353 grex
1152 1283 1332 1354 (monialium)
1344 1284 1406 1342 Deo
1418 1286 1611 1357 famulabatur,
1627 1307 1692 1344 con-

458 1375 589 1446 fugerunt
605 1373 740 1444 Dragasa,
759 1371 852 1439 Girds,
870 1371 1000 1426 Premilla
1015 1377 1042 1426 ct
1053 1369 1182 1424 Dabrona
1193 1370 1327 1426 moniales
1339 1377 1367 1427 et
1378 1373 1515 1442 quaedam
1527 1376 1606 1444 aliae,
1619 1393 1692 1446 quae
1732 1378 1754 1410 ‘³

455 1463 515 1534 jam
541 1463 629 1516 caruis
657 1461 729 1516 viam
755 1461 894 1532 ingressae
921 1464 993 1524 suut,
1020 1457 1144 1514 volentes
1170 1457 1199 1511 iu
1225 1455 1323 1512 eodem
1342 1459 1403 1514 loco
1422 1459 1532 1516 Christo
1550 1464 1691 1518 servitium

459 1549 595 1616 salibara,
615 1548 663 1604 sed
687 1554 800 1620 propter
823 1548 928 1602 instans
953 1545 1079 1612 schisma,
1097 1543 1172 1614 quod
1196 1549 1287 1600 ortum
1305 1552 1348 1600 eat
1364 1546 1435 1602 iuter
1452 1553 1579 1619 potentes
1597 1549 1692 1606 Slavo
1739 1529 1756 1554 *

458 1639 529 1705 niae,
547 1636 634 1690 multa
661 1641 688 1690 et
714 1635 809 1705 gravia
834 1632 1009 1688 incommoda
1035 1631 1071 1686 ab
1098 1631 1227 1686 omnibus
1253 1631 1376 1702 quotidie
1403 1651 1550 1706 perpessae
1571 1636 1692 1692 fuerunt.
1721 1683 1735 1712 e

459 1725 546 1779 Erant
562 1729 629 1778 ωηο
647 1723 706 1776 sine
723 1727 836 1788 rectore,
855 1725 883 1774 et
899 1736 988 1789 usque
1005 1718 1041 1773 ad
1059 1735 1145 1772 unum
1169 1735 1225 1773 non
1251 1727 1317 1786 orat,
1335 1721 1383 1790 qui
1401 1721 1440 1775 eis
1458 1721 1561 1778 iaceret
1578 1723 1690 1780 bouum.

459 1813 643 1866 Accesserunt
668 1815 734 1864 ωηο
758 1807 792 1862 ad
818 1813 922 1878 patrem
947 1805 1124 1860 Dominieum
1150 1805 1280 1860 abbatem
1304 1807 1332 1862 S.
1350 1807 1479 1863 Damiaui
1497 1809 1533 1864 de
1550 1811 1646 1867 Monte
1664 1819 1693 1866 ct
1737 1823 1757 1852 ⁴

458 1897 558 1954 fratrea
579 1895 702 1952 musdem
728 1894 894 1960 monasterii,
918 1899 1047 1961 rogantes
1071 1898 1103 1946 ut
1126 1893 1167 1948 eis
1190 1893 1354 1962 subvenitet,
1379 1895 1427 1966 qui
1455 1897 1549 1952 habito
1575 1898 1691 1954 fratrum

459 1984 575 2040 consilio
596 1983 718 2053 suscepit
743 1982 805 2036 illas
827 1981 856 2036 iu
880 1980 1047 2035 consortium
1073 1979 1249 2036 fraternitatis
1272 1997 1347 2048 suae,
1372 1982 1504 2053 pollicens
1523 1985 1570 2052 eis,
1588 1991 1645 2040 tam
1663 1988 1692 2040 in
1736 1984 1749 2004 ¹

460 2070 622 2127 vlotualibus
646 2087 729 2140 quam
756 2074 784 2124 et
800 2067 967 2124 indumentis
985 2073 1013 2122 et
1031 2067 1159 2122 omuibus
1177 2069 1347 2135 necessariis,
1366 2077 1449 2140 prout
1466 2072 1608 2128 sororibus
1626 2075 1691 2140 suis,

460 2157 616 2230 providem
628 2155 746 2225 ideoque
758 2154 793 2210 de
805 2155 944 2210 communi
956 2154 1096 2208 voluntate
1106 2152 1283 2208 fundatorum
1293 2154 1417 2224 ejrmdem
1430 2158 1560 2215 ecclesiae
1579 2176 1599 2214 s.
1609 2161 1692 2227 Petri,

460 2245 562 2300 scilicet
579 2243 717 2300 Sloviniaa
735 2247 763 2297 et
781 2241 939 2296 Grubessee
956 2241 1075 2294 filiorum
1093 2240 1200 2306 Ruricii,
1225 2241 1375 2297 Radoslavi
1396 2249 1424 2298 et
1440 2245 1606 2314 Dragoslavi
1623 2249 1693 2302 lilio-
1741 2285 1748 2316 ·.

460 2349 521 2388 rum
539 2331 681 2402 Stephani,
700 2328 789 2385 Gracc
806 2327 915 2383 Binboli
934 2328 982 2382 filii
1000 2327 1214 2402 Polisstlurgii
1234 2328 1282 2382 lilii
1299 2329 1423 2398 Radoati,
1441 2330 1557 2387 Nicolae
1581 2339 1609 2386 et
1625 2334 1693 2388 Pro-

459 2419 549 2475 dsniui
580 2418 699 2474 liliorum
725 2415 863 2472 Dominici
889 2413 1061 2470 tradiderunt
1087 2415 1177 2484 ipsam
1207 2415 1349 2470 ecclesiam
1374 2433 1395 2470 s·
1422 2418 1495 2472 Petri
1523 2420 1692 2476 munasterio
1730 2415 1755 2464 4

460 2523 482 2561 s.
500 2505 629 2560 Damiani
647 2505 674 2558 iu
699 2508 871 2574 perpetuum.
898 2501 1108 2556 Praesentibus:
1126 2501 1338 2558 Bartholomueo
1356 2505 1486 2576 episcopo
1505 2505 1691 2574 scardonensi,

460 2595 554 2660 Mirco,
573 2591 738 2660 Desidrugo,
757 2589 887 2660 Stoyano,
906 2587 1028 2658 Negoso,
1047 2589 1214 2658 Dragovauo
1230 2590 1422 2662 praesbyteris,
1439 2593 1551 2664 Duymo
1563 2595 1693 2666 Mogore·
1723 2599 1730 2604 ”

460 2681 542 2748 vilrio,
561 2681 676 2736 Tartaro
695 2678 873 2744 Ohlevniano,
892 2675 1051 2732 Chodimiro
1064 2677 1173 2744 Oacieli,
1186 2677 1311 2746 flamoso,
1327 2684 1355 2733 et
1367 2677 1521 2736 Slavomiro
1534 2681 1693 2754 Lisuieilrig,

459 2770 573 2824 Privoso
597 2773 625 2822 et
648 2766 768 2821 Trebeso
792 2765 942 2835 Virevikig‚
967 2765 1091 2835 Stroyco,
1110 2765 1316 2838 Dalmoaaymo,
1336 2774 1364 2822 et
1381 2769 1450 2824 Uste
1469 2768 1691 2840 Ouddomiriki0;

460 2857 590 2927 scriptum
608 2873 626 2909 a
642 2853 735 2909 Vitale
753 2869 774 2907 s.
793 2853 866 2906 Petri
883 2852 982 2908 vetar'n
1000 2851 1119 2923 plebano
1138 2857 1165 2906 et
1179 2851 1303 2924 jadrensi
1321 2855 1436 2911 notario.

511 2943 640 3000 Forlata':
658 2941 740 3012 Itlyr.
758 2940 836 2996 fiacr.
858 2939 885 2994 Τ.
911 2941 938 2994 V.
953 2956 986 3010 p.
1007 2943 1050 2993 70.
1077 2939 1119 3009 Of.
1137 2955 1226 3009 capro
1242 2958 1286 2998 ar.
1304 2942 1402 2998 LXII.

512 3083 618 3138 LXIX.
634 3083 773 3152 Rivoalti,
785 3097 873 3136 mense
884 3081 988 3136 martio
1001 3085 1080 3137 1208,
1091 3081 1221 3148 Roberto,
1234 3083 1323 3150 Petro,
1332 3083 1455 3140 Johauni
1470 3091 1553 3156 atque
1564 3085 1693 3140 Andreae
1724 3051 1739 3076 Ἰ

461 3173 576 3228 filiorum
595 3170 707 3239 ltogerii
725 3169 901 3234 Manroceuo‚
921 3165 1061 3237 quondam
1076 3168 1182 3223 comitis
1196 3169 1357 3236 absarensis,
1370 3171 1530 3227 conceditur
1542 3189 1558 3226 s
1570 3172 1692 3228 dominio
1739 3181 1758 3218 τ’

461 3259 639 3314 venetiarum
663 3261 739 3310 carta
762 3255 947 3310 concessionis
972 3253 1006 3309 de
1030 3255 1161 3309 comitatu
1186 3255 1284 3310 Absari
1309 3271 1371 3310 cum
1389 3258 1480 3318 insula
1497 3259 1646 3330 Leporaria
1665 3267 1694 3316 ct

460 3347 574 3402 Auriola
597 3349 624 3398 et
650 3343 795 3408 Saracena,
820 3359 883 3396 cum
906 3341 1034 3396 omuibus
1059 3341 1211 3397 redditibus
1234 3349 1262 3397 at
1288 3343 1501 3399 honorificentiis
1525 3347 1559 3400 ad
1588 3346 1693 3401 dictum
1739 3339 1771 3404 f

460 3435 619 3489 comitatum
636 3429 843 3502 pertinentibus.
868 3430 892 3484 E
910 3445 1042 3484 converso
1066 3430 1190 3500 obligant
1208 3447 1237 3484 sc
1255 3429 1392 3485 Robertus
1411 3437 1438 3485 et
1455 3433 1561 3500 Petrus,
1580 3435 1693 3488 comita·
1740 3449 1771 3512 ‚l

459 3527 519 3576 tum
537 3527 564 3574 et
581 3519 684 3574 insulas
702 3534 803 3587 regere,
823 3533 984 3572 conservare
1003 3523 1030 3571 et
1047 3517 1191 3572 defensare
1209 3516 1245 3572 ad
1263 3518 1407 3572 utilitatem
1433 3517 1547 3574 dominii
1565 3521 1692 3576 Venetici
1770 3549 1771 3620 p

460 3610 519 3664 sine
537 3608 596 3662 eius
615 3605 724 3672 auxilio,
743 3609 839 3659 contra
857 3619 961 3670 omnes,
980 3605 1102 3674 exceptis
1120 3605 1256 3659 coronatis
1269 3605 1392 3676 personis
1411 3611 1551 3660 eteorum
1570 3608 1693 3662 exercitu
1723 3639 1744 3662 s

460 3694 613 3750 manifesto.
633 3693 750 3762 Insuper
768 3691 875 3746 solvent
893 3691 968 3745 omni
986 3709 1059 3746 anno
1072 3692 1210 3746 communi
1222 3691 1403 3746 Venetiarum
1414 3691 1498 3746 libras
1517 3691 1692 3748 denariorum
1770 3683 1771 3698 ¹

460 3783 645 3837 veneticorum
663 3781 714 3834 400
741 3777 785 3832 Ad
803 3778 871 3833 haec
890 3777 1209 3850 observandapraestitit
1223 3797 1273 3849 pro
1291 3783 1357 3833 tunc
1370 3785 1571 3834 sacramentum
1582 3781 1693 3848 Petrus,

461 3868 548 3924 donec
566 3867 649 3922 sruter
666 3867 726 3920 cius
750 3865 888 3920 Robertus
907 3866 1010 3920 venerit
1034 3867 1061 3919 in
1081 3865 1253 3920 Sclavoniam
1278 3865 1319 3919 vel
1339 3865 1365 3919 in
1384 3866 1530 3922 Venetiam
1547 3867 1618 3922 iufra
1635 3873 1693 3922 tres

460 3971 568 4011 menses
594 3953 629 4008 de
656 3953 789 4020 custodia,
817 3971 873 4022 qua
898 3959 1014 4007 tenetur.
1044 3953 1114 4006 Cum
1142 3950 1197 4006 duo
1221 3951 1345 4021 juniores
1372 3953 1470 4008 fratres
1496 3955 1637 4010 Johnnnes
1665 3961 1694 4010 et
1739 3938 1753 3965 ²

460 4041 585 4098 Andreas
604 4059 659 4096 non
671 4039 825 4094 habuerant
837 4039 927 4094 adhuc
939 4040 1089 4109 legitimam
1101 4045 1227 4107 aetatem,
1246 4046 1406 4110 receperunt
1418 4041 1578 4096 comitatum
1591 4043 1693 4098 solum·
1740 4091 1753 4104 ,

460 4129 543 4185 modo
561 4128 626 4184 dicti
643 4127 699 4183 duo
718 4127 848 4182 seniores.
866 4127 964 4182 Petrus
977 4127 1146 4180 Mauroceuo
1158 4143 1221 4180 cum
1240 4127 1357 4181 scribere
1369 4129 1492 4195 nesciret,
1506 4147 1556 4199 pro
1569 4147 1598 4184 se
1611 4129 1692 4184 scribi

460 4224 488 4272 et
506 4219 614 4287 signum
632 4215 721 4270 facere
738 4216 852 4285 rogavit.
871 4215 984 4269 Testes:
1002 4213 1126 4270 Joaunas
1143 4213 1248 4269 Juliani
1266 4221 1294 4270 et
1312 4214 1470 4270 Stebhauus
1488 4217 1573 4272 Euzo.
1725 4225 1736 4272 t

512 4303 626 4372 Ia'abid:
645 4303 721 4358 Mon.
739 4303 803 4358 bist.
821 4302 896 4358 Slao.
914 4303 939 4357 I.
955 4319 984 4372 p.
1004 4306 1046 4357 24.

1740 2133 1760 2164 η

1734 2567 1758 2606 Α

512 4444 602 4500 LXX.
629 4445 760 4512 nometi,
787 4460 876 4500 menae
903 4445 977 4500 maio
1004 4447 1084 4497 1203.
1109 4443 1190 4498 Cives
1215 4442 1329 4498 Moliicti
1353 4443 1469 4498 civitatis
1494 4443 1698 4499 concordarunt

460 4539 584 4588 mutuam
602 4531 774 4587 dilectionem
793 4539 821 4588 et
838 4533 1120 4602 consanguineitatem
1138 4549 1200 4586 cum
1219 4530 1323 4586 civibus
1343 4531 1472 4600 Ragusii;
1490 4539 1517 4586 et
1530 4539 1695 4600 statuerunt,
1744 4544 1747 4556 ·

461 4620 534 4690 qnod
552 4636 603 4673 nec
621 4620 754 4689 Ragusini
772 4621 798 4673 iu
818 4620 942 4674 Mollicta
965 4620 1072 4691 plazam
1089 4619 1240 4674 tribuerent
1263 4617 1306 4672 vel
1328 4619 1494 4686 scalaticam,
1519 4637 1569 4674 nec
1587 4619 1695 4674 Mollic-

460 4715 551 4763 teuses
570 4707 683 4776 Ragusii
702 4710 808 4778 plaaam
820 4708 863 4762 vel
876 4709 1044 4776 scalaticum,
1057 4715 1084 4764 et
1097 4707 1227 4763 familiam
1239 4705 1282 4760 vel
1300 4709 1493 4762 ancoraticnm.
1516 4708 1694 4777 Privilegium
1743 4699 1749 4714 '
