3464 5382
394 439 454 499 100
890 455 909 494 r.
930 441 1128 516 ammanus,

444 619 618 675 CCCXLVI.
637 619 760 689 Spalati,
781 623 822 671 10.
836 617 919 674 ιΙιιιιιῖ
931 620 1012 672 1237.
1030 618 1213 690 Temporibus
1223 615 1350 672 Guneelli
1360 617 1559 687 archiepiscopi
1569 633 1631 686 spa·

389 708 510 774 latensis,
530 707 617 761 Marci
635 706 750 770 comitis,
769 705 843 759 Petri
861 705 961 760 Pinose
979 706 1079 762 vicarii.
1108 705 1233 758 Marinus
1253 705 1377 758 arbensis
1395 703 1468 758 filius
1489 703 1630 757 Laurentii

391 795 497 864 positus
515 795 543 847 in
562 793 678 864 Spalato
706 793 851 847 confitetur
869 807 899 845 se
920 791 1023 868 debere·
1043 793 1126 846 Petro
1151 792 1207 845 filio
1230 791 1330 846 Jacobi
1354 790 1464 846 Sabacii
1489 791 1522 844 17
1547 791 1630 844 libras

387 879 561 934 denariorum
580 896 735 950 parvorum,
755 893 826 948 quos
845 878 996 948 obligatae
1015 880 1120 933 solvere
1145 893 1233 946 usque
1251 877 1287 931 ad
1304 878 1324 931 J
1326 878 1412 932 ulium
1430 893 1554 932 mensem
1583 877 1628 930 Fi·

388 966 514 1021 deiussor
531 967 584 1020 suit
602 965 757 1021 Germanus
770 967 879 1020 Pumos
891 965 964 1018 filins
977 965 1088 1019 Sabatii.
1108 969 1132 1018 Α
1147 965 1238 1018 Malle.
1258 965 1368 1018 Testes:
1382 963 1532 1033 Gregorius
1552 963 1631 1016 Zam-

388 1053 461 1120 boni,
480 1052 575 1108 Micba
593 1053 665 1107 filius
684 1052 776 1108 Sabae
795 1051 899 1107 Guseli.
921 1051 1064 1106 Cumanus
1083 1052 1198 1106 clericus
1217 1058 1244 1106 et
1262 1053 1386 1106 notarius
1404 1051 1522 1121 scripsit.

439 1139 477 1194 In
494 1140 606 1194 arctico
624 1140 796 1194 Montanum
819 1137 846 1194 S.
865 1139 978 1192 Marino
995 1139 1125 1193 Jaderae.

440 1245 634 1298 CCCXLVII.
653 1246 687 1300 ln
705 1245 808 1309 Sabus,
828 1247 872 1297 24.
885 1243 968 1298 «lunii
978 1247 1056 1298 1237.
1076 1243 1143 1297 Bela
1152 1242 1195 1295 IV
1205 1259 1253 1296 rex
1264 1243 1451 1296 transmittens
1464 1249 1630 1296 conventum

387 1331 490 1386 ordinis
510 1331 699 1386 cisterciensis
712 1330 747 1384 de
760 1331 930 1384 Mouasterio
942 1330 1165 1400 Triumpontium
1177 1329 1212 1383 de
1226 1329 1388 1398 Campagna
1400 1328 1429 1380 in
1442 1328 1628 1396 Hungariam,

386 1418 503 1472 contulit
520 1418 545 1472 ei
563 1418 655 1472 locum
673 1416 772 1472 Ulrurd
791 1417 826 1470 ad
846 1416 1065 1472 aedificationem
1077 1417 1244 1482 monasterii,
1263 1433 1327 1470 eum
1340 1414 1508 1484 quibusdam
1520 1431 1630 1484 posses-

387 1503 518 1558 sionibus.
547 1505 583 1558 Et
609 1502 721 1573 quidem
748 1504 776 1557 in
804 1504 937 1557 comitatu
964 1503 1114 1572 syrimensi
1142 1503 1176 1556 de
1195 1502 1417 1573 possessionibus
1440 1500 1630 1556 haereditariis

386 1591 459 1644 Petri
469 1590 516 1644 filii
527 1589 653 1658 Curvvey,
673 1607 752 1660 quae,
771 1590 1050 1659 qniacrimenlaesae
1068 1591 1227 1656 maiestatis,
1245 1595 1360 1644 matrem
1378 1589 1452 1658 regis
1463 1587 1548 1642 Belae
1560 1590 1629 1643 oeci-

385 1675 486 1741 dcndo,
503 1677 656 1742 comiserat,
674 1675 709 1730 ad
728 1692 827 1730 manus
844 1677 934 1745 regias
954 1677 1065 1730 suerunt
1081 1676 1242 1742 devolutae;
1260 1677 1393 1747 imprimis
1410 1677 1503 1730 locum
1521 1675 1630 1740 Ulrurd‚

386 1762 432 1830 qui
451 1761 535 1816 modo
553 1761 683 1816 Belasons
702 1762 865 1832 appellatur,
884 1779 947 1816 cnm
966 1762 1093 1816 omnibus
1112 1763 1291 1833 pertinentiis,
1316 1780 1379 1816 oum
1403 1768 1482 1832 parte
1505 1762 1629 1816 Danubii

385 1847 495 1901 fluentis
519 1863 603 1917 snper
627 1853 728 1901 terram
751 1848 826 1901 illam
851 1854 879 1901 et
901 1865 965 1902 eum
992 1849 1087 1917 viginti
1106 1849 1228 1918 quinque
1246 1849 1317 1902 villis
1335 1848 1387 1902 sub
1406 1865 1462 1902 una
1479 1855 1553 1902 meta
1572 1849 1630 1903 exi-

385 1933 529 1998 eicotibus,
549 1934 665 1987 scilicet:
687 1933 752 1986 villa
771 1933 913 1990 Comonch
932 1936 1132 2004 (Kamenical),
1156 1935 1263 2001 Cbuda‚
1282 1935 1387 1999 Acbad,
1415 1935 1479 1988 villa
1498 1935 1629 1988 Teutoni·

385 2035 488 2085 corum,
507 2019 748 2085 Bratach,1ncud,
767 2020 863 2086 Lazar,
882 2020 990 2087 Ulrurd,
1009 2019 1081 2075 duae
1099 2021 1180 2076 villae
1204 2023 1365 2086 Monorous‚
1385 2022 1522 2086 Losemer,
1541 2020 1627 2084 Luaz,

386 2105 510 2172 Chervet,
530 2105 639 2171 Erdeol‚
659 2105 795 2172 Warolea,
815 2107 910 2176 Turny
928 2124 991 2161 cnm
1009 2108 1107 2173 insula,
1132 2107 1239 2162 Perben
1258 2125 1320 2161 cum
1342 2108 1454 2177 piscina,
1480 2111 1508 2160 et
1532 2107 1627 2176 viginti

384 2191 494 2246 duabus
522 2191 711 2247 mansionibus
738 2209 879 2247 servorum
899 2194 1076 2263 piscatorum,
1104 2195 1169 2247 villa
1187 2194 1335 2264 Scapham,
1363 2194 1459 2260 Oziun,
1484 2194 1627 2258 flatsach,

383 2278 490 2348 Pokoy,
509 2279 653 2348 Bratycha,
673 2278 832 2346 Comolous,
853 2279 944 2346 Stena,
964 2280 1074 2350 Oysolu.
1093 2281 1155 2334 Has
1172 2297 1267 2334 ornnes
1287 2281 1365 2334 villas
1383 2280 1497 2334 donavit
1516 2297 1566 2350 pro
1584 2295 1627 2333 re-

383 2365 475 2420 medio
494 2367 602 2420 animae
620 2365 780 2420 interfectae
798 2367 893 2420 matris
911 2372 939 2420 et
957 2383 1031 2420 suae.
1061 2367 1185 2421 Contulit
1211 2367 1324 2437 insuper
1350 2367 1379 2420 in
1398 2367 1498 2420 Sirmia
1524 2372 1626 2420 terram

384 2451 477 2505 Narad
502 2469 564 2506 cum
587 2451 715 2506 omnibus
740 2453 917 2522 pertinentiis.
945 2453 978 2506 In
1003 2453 1108 2508 Petend
1126 2459 1188 2507 octo
1212 2455 1369 2508 mansiones
1395 2469 1536 2506 servorum
1560 2453 1628 2506 vini·

383 2545 482 2606 torum,
508 2555 571 2593 cum
597 2539 654 2592 suis
685 2539 770 2604 terris,
798 2545 825 2592 et
843 2540 965 2608 quinque
984 2539 1077 2594 vineas
1096 2557 1179 2610 super
1199 2547 1270 2593 terra
1289 2540 1395 2592 Nicolai
1416 2539 1462 2592 filii
1479 2539 1626 2605 Theodori,

381 2642 451 2694 quas
478 2625 530 2696 ipsi
556 2625 685 2678 vinitores
715 2630 843 2679 tenentur
872 2625 963 2680 colere
992 2632 1020 2680 et
1054 2625 1219 2680 vindemiare
1249 2627 1391 2680 annuatim
1422 2625 1457 2680 ad
1487 2627 1625 2696 integrum

379 2712 497 2782 propriis
527 2711 684 2780 sumptibus
720 2719 747 2765 et
782 2712 876 2766 vinum
907 2719 1016 2782 portare
1046 2713 1082 2766 ad
1107 2713 1265 2778 claustrum,
1296 2713 1343 2766 tali
1368 2711 1452 2767 modo
1482 2712 1557 2781 quod
1586 2714 1625 2766 vi-

379 2814 446 2851 num
470 2814 578 2867 purum,
603 2796 678 2868 quod
706 2797 824 2868 pedibus
852 2798 921 2852 bene
946 2800 1062 2869 exprimi
1091 2805 1190 2870 potest,
1213 2799 1329 2870 recipiat
1348 2799 1470 2866 eeclesia,
1496 2806 1523 2852 et
1548 2799 1624 2869 quod

378 2885 406 2937 in
426 2884 553 2938 torculari
577 2883 758 2952 torquebitur,
787 2883 907 2938 babeant
933 2886 1070 2940 vinitores.
1091 2885 1216 2939 Contulit
1235 2886 1317 2940 etiam
1335 2887 1444 2939 vineam
1467 2886 1496 2938 in
1515 2885 1624 2951 Sirmia,

378 2987 462 3039 quam
480 2971 546 3024 emit
564 2971 676 3041 propria
695 2971 812 3041 pecunia
830 2971 865 3026 de
892 2971 1035 3041 Mychaele
1060 2972 1170 3028 officiali
1189 2972 1280 3038 Buten,
1306 2990 1377 3042 quae
1401 2973 1482 3027 vinea
1507 2977 1549 3025 est
1572 2973 1625 3025 sita

378 3059 405 3110 in
423 3063 496 3111 terra
515 3057 623 3111 abbatis
641 3057 677 3112 de
695 3057 815 3112 Dombo.
845 3059 916 3112 item
934 3060 1051 3112 contulit
1069 3059 1142 3112 ultra
1159 3059 1321 3112 Danubium
1349 3059 1554 3130 possessionem
1572 3059 1624 3112 Pe-

378 3143 507 3198 turvarad
531 3151 559 3198 et
583 3144 676 3213 regale
696 3145 829 3214 palatium
853 3145 890 3198 ibi
915 3146 1095 3199 constitutum
1113 3162 1177 3199 cum
1196 3145 1324 3200 omnibus
1342 3144 1513 3215 pertinentiis
1532 3151 1559 3198 ct
1576 3146 1624 3198 tri-

379 3229 430 3284 bus
450 3231 520 3284 villis
539 3230 617 3300 Zoyl,
636 3231 769 3300 Byvolon,
789 3247 860 3300 quae
879 3231 969 3286 suerat
995 3233 1069 3286 Petri
1097 3231 1131 3286 de
1160 3232 1273 3286 crimine
1300 3231 1474 3286 condemnati
1503 3237 1530 3284 et
1556 3231 1622 3284 villa

379 3317 597 3382 uduornicorum,
617 3317 733 3370 contulit
745 3319 827 3371 etiam
838 3318 916 3371 aliiae
927 3317 1006 3371 villas
1015 3319 1043 3372 in
1058 3317 1233 3373 comitatibus
1244 3317 1388 3371 Bachiensi
1399 3323 1426 3370 et
1435 3316 1620 3386 Budrugiensi

377 3404 452 3457 sitas.
472 3403 596 3458 Contulit
608 3404 693 3457 etiam
711 3405 803 3458 villam
823 3405 928 3471 Borion,
949 3422 1019 3474 quae
1038 3406 1090 3458 t'uit
1107 3405 1228 3459 Dionisii
1246 3404 1353 3459 comitis
1372 3403 1498 3468 Palatini,
1517 3404 1564 3473 qui
1583 3403 1620 3458 de

376 3491 454 3559 regni
470 3489 668 3560 dilapidatione
691 3497 718 3544 et
737 3490 898 3546 infidelitate
917 3491 1056 3545 evidenter
1086 3497 1128 3545 est
1146 3492 1297 3545 convietus.
1327 3491 1446 3560 lnsuper
1476 3489 1620 3560 plebauias

378 3577 521 3645 utriusque
530 3577 614 3632 Pesth
632 3582 660 3630 et
683 3578 786 3631 multas
805 3578 955 3644 libertates,
974 3583 1071 3648 utpote
1088 3577 1323 3648 dispensationem
1342 3594 1359 3630 a
1378 3577 1517 3630 solutione
1530 3578 1620 3630 omnis

376 3663 479 3728 tributi,
509 3664 663 3718 libertatem
684 3663 830 3734 emptionis
855 3671 882 3717 et
906 3663 1071 3719 venditionis
1102 3682 1151 3734 per
1180 3669 1267 3718 totam
1298 3664 1481 3733 Hungariam,
1514 3663 1617 3734 proprii

377 3749 513 3816 judicatus
533 3757 583 3805 etc.

434 3837 554 3891 Wensel:
575 3837 639 3891 Cori.
659 3837 736 3906 Dtpt
755 3837 862 3904 Arpnd.
887 3837 949 3891 VII.
969 3840 1013 3891 27.
