3488 5380
754 433 900 476 annuens.
1383 409 1447 477 257

214 600 286 657 Inde
305 616 355 673 per
375 601 467 656 sarisa
485 603 573 655 metas
592 599 667 655 veuit
685 598 720 654 sd
739 601 862 655 montem
880 599 909 654 in
928 598 1072 656 occidente
1090 598 1138 656 ubi
1156 603 1199 656 est
1216 599 1261 656 via
1278 601 1306 656 et
1318 616 1368 672 per
1379 601 1455 657 illam

204 689 234 744 in
252 687 337 746 allam
354 687 428 744 viam
445 687 481 744 ad
500 692 603 743 terram
621 687 808 758 generationis
826 685 976 758 Hudyzlai.
1001 687 1071 744 Inde
1090 688 1166 744 veuit
1183 687 1219 743 ad
1238 704 1368 759 magnam
1380 690 1454 745 viam

205 781 233 833 ot
250 774 326 832 eadit
341 775 371 830 in
390 774 563 847 praedictum
577 775 693 830 fluvium
711 773 760 830 ubi
778 779 822 830 est
840 781 945 846 portua.
964 775 1070 832 Exiens
1087 775 1124 832 ad
1143 777 1277 832 orientem
1289 777 1318 832 in
1330 783 1455 834 montem

204 868 233 920 et
249 862 371 919 declinat
389 867 486 919 contra
504 861 648 918 meridiem
666 861 821 935 procedens
839 861 876 918 ad
895 863 1012 935 primam
1030 868 1141 920 metam.
1160 863 1221 920 Rex
1234 865 1328 935 itaque
1341 867 1452 922 servitia

205 951 294 1024 ipsius
314 950 475 1007 Leuatachii
492 967 565 1021 quae
583 951 609 1006 ei
627 966 684 1006 una
696 965 759 1006 cum
772 950 901 1006 Rolando
919 951 994 1008 bano
1010 952 1096 1008 totius
1109 951 1258 1009 slavonice
1273 953 1453 1025 inpendisset,

204 1040 308 1097 dictam
327 1043 429 1096 terram
446 1037 599 1094 Preenioba
616 1053 651 1094 ao
668 1039 797 1106 maxime,
816 1039 882 1109 quis
899 1037 974 1096 idem
992 1039 1177 1096 Leustachius
1195 1041 1249 1112 ipsi
1268 1047 1359 1096 castro
1377 1041 1454 1098 utilia

206 1127 370 1195 habebatur,
389 1126 562 1183 confirmavit
581 1125 786 1198 possidendam.

260 1230 388 1290 statue·
406 1233 480 1288 droa.
499 1229 562 1289 tor.
583 1232 612 1288 Τ.
630 1232 654 1287 1.
670 1233 778 1302 p.129.

259 1391 457 1449 Dooouxx.
476 1395 557 1448 1264.
578 1395 618 1450 12.
639 1392 772 1448 Octobris.
791 1391 859 1448 Bela
876 1391 929 1446 1v.
947 1407 997 1450 rex
1015 1391 1099 1448 tradit
1118 1391 1276 1462 momoriae,
1295 1393 1455 1464 quodcum

207 1479 359 1538 multitudo
378 1479 571 1536 inestimabilia
589 1479 702 1536 rabidae
713 1479 805 1550 gentis
817 1479 996 1536 Thartaricao
1014 1496 1064 1552 per
1081 1481 1194 1536 climata
1206 1483 1292 1538 totius
1304 1483 1365 1540 eius
1377 1483 1454 1554 regni

209 1567 339 1642 perfusae
357 1567 544 1624 severrissime
562 1566 723 1624 ulciscendo
741 1567 847 1636 diisset,
862 1573 890 1624 et
901 1585 995 1640 regem
1014 1585 1078 1625 cum
1096 1568 1159 1626 fidia
1177 1571 1342 1643 primatibus
1360 1576 1389 1628 at
1405 1589 1454 1629 no·

208 1655 312 1713 bilibus
330 1655 390 1711 anie
408 1659 487 1710 extra
504 1656 693 1712 monarchiam
723 1672 812 1724 suam,
840 1672 930 1728 usqne
948 1656 984 1712 sd
996 1657 1095 1713 littora
1114 1663 1217 1730 pontus
1235 1659 1375 1716 serissime
1393 1676 1455 1732 per·

207 1743 358 1816 sequendo,
377 1745 438 1815 ipae
456 1759 504 1799 rex
523 1744 551 1798 in
569 1743 709 1814 quandam
729 1743 895 1800 maritimam
912 1745 1032 1800 insulam
1050 1745 1158 1816 Veglae
1181 1747 1342 1818 contiguam
1366 1747 1455 1819 repel-

205 1830 289 1888 lendo
308 1831 486 1902 coarguisset,
499 1830 535 1886 de
546 1847 603 1902 qua
615 1831 698 1886 etiam
711 1832 737 1887 vl
752 1832 895 1888 extrahere
905 1837 1064 1904 satagentes
1081 1849 1145 1890 eum
1159 1849 1209 1906 per
1221 1834 1297 1890 varia
1309 1833 1456 1906 naufragia

126 1967 130 1974 .
207 1923 236 1976 et
255 1918 406 1982 derivativa
423 1919 535 1990 ingenia
552 1919 653 1974 bellica
670 1919 698 1974 in
717 1935 811 1990 regem
830 1925 859 1976 ct
876 1921 1028 1977 exercitum
1052 1922 1156 1978 irruere
1180 1927 1208 1978 et
1231 1927 1317 1994 capnt
1336 1921 1455 1991 ejusne·

206 2011 283 2082 glum
311 2011 432 2066 truncari
458 2015 508 2065 snt
534 2009 562 2063 iu
590 2008 747 2064 miserabile
772 2009 868 2080 iugum
889 2011 1107 2081 paganissimum
1130 2011 1274 2070 traducere
1301 2021 1457 2084 coronasset,

209 2097 257 2154 ubi
287 2099 316 2154 in
347 2097 469 2169 quodam
492 2095 638 2152 turbinoso
667 2096 818 2152 invasionis
843 2097 959 2166 afflictu,
986 2114 1052 2168 rege
1075 2099 1139 2154 binc
1170 2101 1235 2156 inde
1259 2101 1365 2173 trepide
1390 2102 1458 2158 dila·

205 2186 299 2254 teudo,
312 2186 530 2255 circumquoque
542 2183 720 2240 multitudine
739 2190 926 2255 pugnatorum
939 2187 1064 2258 gentium
1076 2187 1201 2260 ipsorum
1213 2189 1392 2246 tartarorum
1405 2191 1454 2246 ob-

205 2289 308 2340 sessus,
328 2273 357 2328 in
375 2273 511 2328 universis
528 2273 608 2328 noris
627 2271 786 2340 insultibus,
810 2275 969 2344 asperrimis
995 2276 1105 2345 Jaoulis,
1132 2267 1287 2332 crudeliu'm
1310 2279 1455 2334 verberum

205 2360 307 2416 ictibus
333 2359 491 2428 alliciendo,
520 2359 619 2430 gladiis
648 2359 751 2415 sariunt
778 2365 883 2415 turmas
902 2361 984 2431 regis,
1005 2363 1108 2432 sagitas
1133 2363 1300 2434 lanceasque
1325 2381 1390 2421 suas
1412 2367 1452 2422 iu-

205 2447 314 2503 ebriant
331 2447 467 2518 sanguino
485 2449 663 2514 oooissorum,
688 2447 811 2518 undique
829 2463 878 2503 rex
897 2453 928 2502 ut
946 2464 1026 2503 muro
1051 2449 1219 2520 obstructus,
1241 2457 1291 2507 aut
1314 2451 1400 2526 piscis
1424 2455 1452 2510 in

205 2539 300 2607 guttro
318 2533 529 2606 comprehensa,
546 2533 809 2590 incommodissimis
828 2535 989 2591 verberibus
1013 2537 1184 2593 strictissime
1206 2539 1334 2610 afflictus,
1353 2545 1385 2596 ut
1402 2557 1453 2597 uec

205 2627 287 2679 autea
305 2621 454 2696 procedere
472 2615 524 2678 nec
541 2621 625 2692 iugae
642 2621 737 2678 locum
755 2622 857 2678 habere
882 2627 1000 2694 poterat
1025 2624 1081 2682 Ubi
1106 2626 1178 2682 inter
1201 2628 1303 2683 milites
1329 2629 1402 2698 regis
1425 2633 1453 2684 et

204 2711 283 2783 ipsos
300 2709 442 2779 Tartaron,
459 2713 569 2765 serrato
593 2710 748 2774 intervallo,
774 2715 933 2766 nostrornm
957 2711 1056 2767 funera
1081 2713 1232 2785 plusquam
1255 2715 1384 2770 ultimum
1408 2733 1452 2774 ca-

205 2798 270 2871 pitia
288 2797 356 2868 regii
378 2797 573 2854 exterminium
598 2797 656 2852 alta
682 2797 719 2852 ad
745 2796 890 2853 dominum
914 2799 1051 2854 intensius
1078 2800 1197 2872 suspiria
1223 2801 1368 2870 fundebat,
1395 2804 1452 2858 iam

206 2901 322 2958 preceps
340 2885 510 2956 praecipitus
527 2883 677 2940 terrrbilem
695 2897 791 2940 necem
809 2885 838 2940 iu
855 2891 998 2942 momento
1017 2887 1191 2958 expectabat
1206 2887 1286 2943 Tunc
1306 2894 1385 2960 pater
1402 2889 1452 2944 mi·

205 2971 423 3030 serecordiarum
442 2971 573 3042 dignatus
591 2977 635 3028 ast
652 2989 688 3028 ex
705 2971 816 3028 excelso
835 2973 938 3044 angulo
964 2991 1016 3030 suo
1039 2980 1068 3030 at
1089 2977 1170 3046 quasi
1196 2975 1232 3031 de
1254 2975 1329 3031 nube
1347 2976 1451 3046 Olimpi

204 3061 315 3117 mittere
332 3065 388 3116 trae
406 3059 509 3116 indolis
526 3059 612 3115 virilis
632 3060 751 3130 juvenes
768 3059 841 3115 Kree
860 3061 953 3129 (Kree)
975 3061 1111 3133 videlicet,
1129 3062 1250 3134 Oupisaa
1274 3069 1301 3119 ct
1324 3062 1389 3118 Itak
1416 3063 1451 3118 de

191 3148 308 3206 'Sirmio
327 3147 468 3216 oriundos,
486 3164 550 3202 cum
568 3147 682 3218 triginta
706 3152 769 3204 coto
785 3147 942 3204 fortissimis
966 3155 1153 3221 pugnatorum
1178 3149 1309 3207 iratribus
1334 3157 1362 3206 et
1385 3166 1451 3206 con·

203 3236 364 3307 sanguineis
383 3235 450 3304 suis,
469 3252 486 3290 a
506 3250 571 3304 rege
589 3251 641 3290 nec
660 3236 794 3306 postulati
812 3251 863 3291 nec
881 3235 1061 3308 stipendiario
1074 3238 1174 3294 salario
1187 3238 1346 3310 appreciati,
1359 3239 1407 3310 qui
1421 3254 1451 3294 ae

202 3328 300 3380 contra
318 3323 471 3394 asperrima
488 3323 601 3394 agmina
618 3323 647 3376 in
664 3339 761 3394 pugna
778 3323 958 3380 Tartarorum
976 3323 1086 3378 militari
1111 3323 1223 3380 brachio
1248 3323 1361 3380 viriliter
1385 3341 1451 3382 con-

201 3411 325 3467 tuIerunt
343 3414 523 3482 pugnaturos,
547 3414 633 3482 caput
653 3397 761 3480 regium
779 3409 946 3479 eliberando,
973 3410 1037 3466 binc
1057 3410 1122 3467 inde
1141 3427 1190 3482 per
1208 3413 1281 3478 affice
1300 3418 1329 3468 et
1346 3429 1447 3484 propa·

203 3497 286 3570 gulos
302 3499 381 3570 ipsos
399 3497 530 3553 Tartaron
547 3497 576 3552 in
596 3512 645 3552 ore
662 3499 771 3554 ensium
783 3499 929 3554 feritando.
942 3498 999 3556 Ubi
1011 3497 1085 3554 acies
1099 3498 1245 3556 fortiorum
1258 3507 1448 3571 pugnatorum

203 3589 407 3658 persenserunt,
425 3585 489 3640 illac
508 3601 538 3640 eo
555 3583 706 3641 terrentius
727 3585 904 3642 contulerunt
926 3587 1085 3657 puanaturi
1108 3586 1277 3642 Banderium
1294 3587 1402 3660 regium
1420 3589 1449 3644 iu

203 3674 264 3744 giro
282 3672 407 3729 fidelium
427 3673 582 3729 aulicorum
599 3672 707 3742 trepide
725 3674 879 3730 tenentium
900 3673 1015 3730 feliciter
1038 3674 1214 3731 reservando.
1232 3673 1343 3732 Interea
1361 3692 1448 3730 unum

204 3759 359 3816 mirabilem
378 3760 511 3816 artificem
530 3776 598 3832 prae
616 3761 747 3817 omnibus
765 3762 906 3817 fortiorem
925 3767 953 3817 et
971 3763 1112 3832 acriorem,
1125 3762 1252 3833 diligenti
1264 3761 1359 3818 habito
1373 3763 1449 3818 olan·

204 3849 277 3918 culo,
297 3847 456 3926 praedictus
473 3847 548 3903 Kree
564 3853 645 3905 tenso
670 3865 722 3904 suo
748 3865 823 3916 arcu,
848 3867 900 3904 sua
925 3851 1086 3906 acutissima
1110 3851 1220 3922 sagitta,
1244 3849 1327 3904 simul
1350 3849 1449 3906 ambos

205 3953 272 3993 auos
290 3935 378 3992 affixit
406 3935 503 3992 oculos
522 3941 550 3990 et
567 3951 661 3991 coram
684 3935 767 4006 regiis
792 3937 880 3992 oculis
905 3938 997 3993 vivum
1020 3937 1048 3992 br
1072 3939 1193 3993 carinam
1216 3937 1333 4008 proiecit
1355 3938 1448 3992 maris.

202 4023 311 4080 Rursus
329 4023 358 4079 in
376 4023 447 4080 alios
466 4039 600 4093 sequaces
618 4029 646 4079 ot
664 4027 836 4095 pugnatores
853 4025 987 4080 audacius
1005 4024 1165 4080 insultando
1178 4029 1206 4080 et
1218 4022 1331 4079 eosdem
1344 4023 1407 4079 illac
1421 4029 1449 4079 et

203 4113 275 4167 istac
292 4115 325 4166 ut
341 4111 465 4166 iumenta
482 4111 511 4165 in
530 4125 578 4166 ore
595 4109 753 4182 gladiorum
777 4112 876 4168 subtus
901 4112 987 4184 pedes
1011 4128 1107 4167 eorum
1129 4113 1157 4166 in
1182 4117 1284 4167 terram
1306 4110 1448 4178 calcando,

202 4213 253 4271 per
270 4198 364 4254 littora
382 4203 486 4270 pontus
503 4199 687 4269 transpaesim
708 4199 882 4267 trucidando,
906 4199 980 4256 illico
1006 4200 1156 4270 resumptis
1179 4199 1284 4254 viribus
1307 4197 1344 4253 ad
1366 4197 1448 4253 reinl-

202 4285 332 4343 oiendum
350 4290 379 4341 et
396 4284 633 4340 corroborandum
651 4286 775 4341 animum
793 4287 908 4356 regium,
926 4301 990 4342 eum
1008 4286 1144 4342 universis
1163 4285 1327 4356 primatibus
1346 4290 1374 4340 et
1386 4284 1447 4339 aliis

201 4373 340 4446 gentibus,
358 4371 477 4454 algerius
495 4373 594 4428 iterum
607 4372 635 4427 in
647 4373 725 4445 ipsos
743 4373 874 4430 Tartaron
893 4371 1043 4444 asperrime
1061 4378 1093 4428 ut
1110 4371 1197 4427 imber
1209 4371 1365 4443 pluviarum
1379 4372 1449 4426 irru-

204 4461 277 4516 endo
296 4465 324 4515 et
342 4459 456 4516 eosdem
480 4458 643 4516 translatius
661 4465 694 4516 ut
710 4460 811 4516 flamen
835 4459 950 4516 exordio
971 4460 1110 4531 voraginis
1134 4464 1210 4515 trans
1233 4459 1301 4514 litus
1323 4464 1351 4514 et
1374 4459 1448 4513 ultra

203 4563 293 4620 usque
311 4547 427 4602 fluvium
445 4545 540 4603 Karka
558 4545 640 4604 etad
658 4547 781 4604 Breeoha
808 4549 946 4616 (Breuem)
969 4548 1156 4618 uanaparsius
1184 4551 1249 4602 eunt
1272 4544 1447 4616 transfugati.

203 4633 287 4691 Unde
305 4633 372 4691 dicti
389 4633 470 4704 Kree,
490 4633 611 4706 Oupissa
628 4637 657 4690 et
673 4633 738 4690 Rak
756 4639 834 4691 tanta
851 4637 956 4706 regist
973 4650 1060 4704 reguo
1083 4634 1245 4690 fidelissima
1263 4633 1448 4690 exhibuerunt

204 4721 347 4793 obsequia,
365 4727 502 4793 quantum
520 4726 605 4792 caput
623 4721 939 4794 regiumflpraevalebat.
960 4721 1021 4795 Ipsi
1039 4736 1151 4792 quoque
1169 4736 1226 4776 non
1243 4735 1331 4792 parva
1348 4718 1384 4776 ad
1403 4734 1447 4775 ca·
