<?xml version="1.0" encoding="UTF-8"?>
<!DOCTYPE html PUBLIC "-//W3C//DTD XHTML 1.0 Transitional//EN"
    "http://www.w3.org/TR/xhtml1/DTD/xhtml1-transitional.dtd">
<html xmlns="http://www.w3.org/1999/xhtml" xml:lang="en" lang="en">
 <head>
  <title>
</title>
<meta http-equiv="Content-Type" content="text/html;charset=utf-8" />
  <meta name='ocr-system' content='tesseract 3.04.00' />
  <meta name='ocr-capabilities' content='ocr_page ocr_carea ocr_par ocr_line ocrx_word'/>
</head>
<body>
  <div class='ocr_page' id='page_1' title='image "./regestadocument00sakcgoog_0022.png"; bbox 0 0 3544 5344; ppageno 0'>
   <div class='ocr_carea' id='block_1_1' title="bbox 357 423 1100 504">
    <p class='ocr_par' dir='ltr' id='par_1_1' title="bbox 357 423 1100 504">
     <span class='ocr_line' id='line_1_1' title="bbox 357 423 1100 504; baseline 0.003 -16"><span class='ocrx_word' id='word_1_1' title='bbox 357 423 397 488; x_wconf 83' lang='lat'>16</span> <span class='ocrx_word' id='word_1_2' title='bbox 857 448 878 490; x_wconf 86' lang='lat'>1.</span> <span class='ocrx_word' id='word_1_3' title='bbox 901 434 1100 504; x_wconf 71' lang='lat' dir='ltr'>mmmm,</span> 
     </span>
    </p>
   </div>
   <div class='ocr_carea' id='block_1_2' title="bbox 352 611 1599 3715">
    <p class='ocr_par' dir='ltr' id='par_1_2' title="bbox 352 611 1599 3366">
     <span class='ocr_line' id='line_1_2' title="bbox 352 611 1596 684; baseline 0.002 -18"><span class='ocrx_word' id='word_1_4' title='bbox 352 612 430 681; x_wconf 81' lang='lat' dir='ltr'>regni</span> <span class='ocrx_word' id='word_1_5' title='bbox 456 611 581 680; x_wconf 78' lang='lat' dir='ltr'>negotiis,</span> <span class='ocrx_word' id='word_1_6' title='bbox 609 628 760 682; x_wconf 73' lang='lat' dir='ltr'><strong>expensam</strong></span> <span class='ocrx_word' id='word_1_7' title='bbox 787 629 837 684; x_wconf 85' lang='lat' dir='ltr'>pre</span> <span class='ocrx_word' id='word_1_8' title='bbox 863 612 976 682; x_wconf 74' lang='lat' dir='ltr'>triginta</span> <span class='ocrx_word' id='word_1_9' title='bbox 1002 613 1127 684; x_wconf 87' lang='lat' dir='ltr'>personis</span> <span class='ocrx_word' id='word_1_10' title='bbox 1153 613 1236 668; x_wconf 85' lang='lat' dir='ltr'>unius</span> <span class='ocrx_word' id='word_1_11' title='bbox 1262 611 1370 684; x_wconf 79' lang='lat' dir='ltr'>prandii</span> <span class='ocrx_word' id='word_1_12' title='bbox 1395 611 1453 668; x_wconf 85' lang='lat' dir='ltr'>slve</span> <span class='ocrx_word' id='word_1_13' title='bbox 1477 627 1596 682; x_wconf 84' lang='lat' dir='ltr'>coenae;</span> 
     </span>
     <span class='ocr_line' id='line_1_3' title="bbox 353 697 1598 771; baseline 0.001 -18"><span class='ocrx_word' id='word_1_14' title='bbox 353 713 444 768; x_wconf 88' lang='lat' dir='ltr'>neque</span> <span class='ocrx_word' id='word_1_15' title='bbox 462 697 567 753; x_wconf 87' lang='lat' dir='ltr'>audent</span> <span class='ocrx_word' id='word_1_16' title='bbox 584 697 734 769; x_wconf 74' lang='lat' dir='ltr'><strong>supradicti</strong></span> <span class='ocrx_word' id='word_1_17' title='bbox 751 698 817 766; x_wconf 86' lang='lat' dir='ltr'>dux,</span> <span class='ocrx_word' id='word_1_18' title='bbox 842 698 932 754; x_wconf 77' lang='lat' dir='ltr'>bantus</span> <span class='ocrx_word' id='word_1_19' title='bbox 950 699 993 754; x_wconf 85' lang='lat' dir='ltr'>vel</span> <span class='ocrx_word' id='word_1_20' title='bbox 1011 700 1070 754; x_wconf 79' lang='lat' dir='ltr'>vice</span> <span class='ocrx_word' id='word_1_21' title='bbox 1088 699 1178 754; x_wconf 86' lang='lat' dir='ltr'>banus</span> <span class='ocrx_word' id='word_1_22' title='bbox 1201 713 1265 754; x_wconf 86' lang='lat' dir='ltr'>cum</span> <span class='ocrx_word' id='word_1_23' title='bbox 1283 700 1379 754; x_wconf 80' lang='lat' dir='ltr'>maiori</span> <span class='ocrx_word' id='word_1_24' title='bbox 1403 713 1519 755; x_wconf 86' lang='lat' dir='ltr'>numero</span> <span class='ocrx_word' id='word_1_25' title='bbox 1537 717 1598 771; x_wconf 88' lang='lat' dir='ltr'>per·</span> 
     </span>
     <span class='ocr_line' id='line_1_4' title="bbox 354 784 1599 856; baseline 0.002 -17"><span class='ocrx_word' id='word_1_26' title='bbox 354 800 485 841; x_wconf 85' lang='lat' dir='ltr'>sonarum</span> <span class='ocrx_word' id='word_1_27' title='bbox 515 784 627 840; x_wconf 88' lang='lat' dir='ltr'>introire</span> <span class='ocrx_word' id='word_1_28' title='bbox 657 785 794 839; x_wconf 82' lang='lat' dir='ltr'>civitatem</span> <span class='ocrx_word' id='word_1_29' title='bbox 820 791 916 840; x_wconf 86' lang='lat' dir='ltr'>contra</span> <span class='ocrx_word' id='word_1_30' title='bbox 947 785 1115 840; x_wconf 83' lang='lat' dir='ltr'>voluntatem</span> <span class='ocrx_word' id='word_1_31' title='bbox 1144 786 1252 840; x_wconf 83' lang='lat' dir='ltr'>civium.</span> <span class='ocrx_word' id='word_1_32' title='bbox 1284 786 1356 841; x_wconf 84' lang='lat' dir='ltr'>Item</span> <span class='ocrx_word' id='word_1_33' title='bbox 1385 785 1409 840; x_wconf 91' lang='lat' dir='ltr'>si</span> <span class='ocrx_word' id='word_1_34' title='bbox 1436 787 1536 856; x_wconf 84' lang='lat' dir='ltr'>aliquis</span> <span class='ocrx_word' id='word_1_35' title='bbox 1563 785 1599 842; x_wconf 89' lang='lat' dir='ltr'>de</span> 
     </span>
     <span class='ocr_line' id='line_1_5' title="bbox 353 870 1598 942; baseline 0.003 -16"><span class='ocrx_word' id='word_1_36' title='bbox 353 887 440 941; x_wconf 82' lang='lat' dir='ltr'>regno</span> <span class='ocrx_word' id='word_1_37' title='bbox 457 872 532 926; x_wconf 75' lang='lat' dir='ltr'>cives</span> <span class='ocrx_word' id='word_1_38' title='bbox 548 887 686 927; x_wconf 81' lang='lat' dir='ltr'>norrenses</span> <span class='ocrx_word' id='word_1_39' title='bbox 704 872 733 924; x_wconf 89' lang='lat' dir='ltr'>in</span> <span class='ocrx_word' id='word_1_40' title='bbox 751 871 845 941; x_wconf 83' lang='lat' dir='ltr'>aliquo</span> <span class='ocrx_word' id='word_1_41' title='bbox 863 870 1016 940; x_wconf 73' lang='lat' dir='ltr'>offenderit,</span> <span class='ocrx_word' id='word_1_42' title='bbox 1040 871 1185 942; x_wconf 80' lang='lat' dir='ltr'>subjaceat</span> <span class='ocrx_word' id='word_1_43' title='bbox 1202 871 1276 927; x_wconf 85' lang='lat' dir='ltr'>idem</span> <span class='ocrx_word' id='word_1_44' title='bbox 1294 873 1416 928; x_wconf 81' lang='lat' dir='ltr'>offensor</span> <span class='ocrx_word' id='word_1_45' title='bbox 1433 873 1535 928; x_wconf 88' lang='lat' dir='ltr'>iudicio</span> <span class='ocrx_word' id='word_1_46' title='bbox 1554 889 1598 930; x_wconf 89' lang='lat' dir='ltr'>oo·</span> 
     </span>
     <span class='ocr_line' id='line_1_6' title="bbox 354 955 1598 1030; baseline 0.003 -18"><span class='ocrx_word' id='word_1_47' title='bbox 354 958 427 1012; x_wconf 88' lang='lat' dir='ltr'>mitis</span> <span class='ocrx_word' id='word_1_48' title='bbox 446 958 527 1012; x_wconf 85' lang='lat' dir='ltr'>sicuti</span> <span class='ocrx_word' id='word_1_49' title='bbox 545 958 591 1012; x_wconf 89' lang='lat' dir='ltr'>alii</span> <span class='ocrx_word' id='word_1_50' title='bbox 609 957 690 1013; x_wconf 88' lang='lat' dir='ltr'>cives.</span> <span class='ocrx_word' id='word_1_51' title='bbox 715 957 786 1012; x_wconf 85' lang='lat' dir='ltr'>Item</span> <span class='ocrx_word' id='word_1_52' title='bbox 804 958 879 1028; x_wconf 89' lang='lat' dir='ltr'>quod</span> <span class='ocrx_word' id='word_1_53' title='bbox 898 959 990 1012; x_wconf 88' lang='lat' dir='ltr'>nullus</span> <span class='ocrx_word' id='word_1_54' title='bbox 1008 957 1074 1024; x_wconf 85' lang='lat' dir='ltr'>dux,</span> <span class='ocrx_word' id='word_1_55' title='bbox 1097 958 1195 1026; x_wconf 88' lang='lat' dir='ltr'>banus,</span> <span class='ocrx_word' id='word_1_56' title='bbox 1213 959 1363 1016; x_wconf 88' lang='lat' dir='ltr'>vicebanus</span> <span class='ocrx_word' id='word_1_57' title='bbox 1381 961 1471 1030; x_wconf 87' lang='lat' dir='ltr'>possit</span> <span class='ocrx_word' id='word_1_58' title='bbox 1488 961 1517 1014; x_wconf 88' lang='lat' dir='ltr'>ln</span> <span class='ocrx_word' id='word_1_59' title='bbox 1535 955 1598 1016; x_wconf 85' lang='lat' dir='ltr'>civi-</span> 
     </span>
     <span class='ocr_line' id='line_1_7' title="bbox 354 1044 1598 1117; baseline 0.002 -17"><span class='ocrx_word' id='word_1_60' title='bbox 354 1051 411 1100; x_wconf 87' lang='lat' dir='ltr'>tute</span> <span class='ocrx_word' id='word_1_61' title='bbox 429 1045 520 1112; x_wconf 85' lang='lat' dir='ltr'>Nona,</span> <span class='ocrx_word' id='word_1_62' title='bbox 544 1044 620 1114; x_wconf 80' lang='lat' dir='ltr'>tegle</span> <span class='ocrx_word' id='word_1_63' title='bbox 642 1044 685 1098; x_wconf 84' lang='lat' dir='ltr'>vel</span> <span class='ocrx_word' id='word_1_64' title='bbox 703 1061 755 1099; x_wconf 89' lang='lat' dir='ltr'>suo</span> <span class='ocrx_word' id='word_1_65' title='bbox 781 1045 900 1112; x_wconf 90' lang='lat' dir='ltr'>nomine,</span> <span class='ocrx_word' id='word_1_66' title='bbox 924 1045 1106 1100; x_wconf 83' lang='lat' dir='ltr'>munitlunem</span> <span class='ocrx_word' id='word_1_67' title='bbox 1132 1061 1336 1117; x_wconf 78' lang='lat' dir='ltr'>quamcumque</span> <span class='ocrx_word' id='word_1_68' title='bbox 1360 1053 1528 1114; x_wconf 84' lang='lat' dir='ltr'>construere,</span> <span class='ocrx_word' id='word_1_69' title='bbox 1555 1048 1598 1102; x_wconf 79' lang='lat' dir='ltr'>vel</span> 
     </span>
     <span class='ocr_line' id='line_1_8' title="bbox 354 1130 1598 1203; baseline 0.001 -15"><span class='ocrx_word' id='word_1_70' title='bbox 354 1137 541 1188; x_wconf 79' lang='lat' dir='ltr'>constructam</span> <span class='ocrx_word' id='word_1_71' title='bbox 558 1133 587 1185; x_wconf 90' lang='lat' dir='ltr'>in</span> <span class='ocrx_word' id='word_1_72' title='bbox 606 1147 686 1186; x_wconf 90' lang='lat' dir='ltr'>suam</span> <span class='ocrx_word' id='word_1_73' title='bbox 702 1130 746 1185; x_wconf 86' lang='lat' dir='ltr'>vel</span> <span class='ocrx_word' id='word_1_74' title='bbox 763 1131 868 1200; x_wconf 80' lang='lat' dir='ltr'>regiam</span> <span class='ocrx_word' id='word_1_75' title='bbox 892 1131 1047 1187; x_wconf 82' lang='lat' dir='ltr'>custodiam</span> <span class='ocrx_word' id='word_1_76' title='bbox 1065 1132 1208 1202; x_wconf 89' lang='lat' dir='ltr'>postulare</span> <span class='ocrx_word' id='word_1_77' title='bbox 1228 1132 1278 1187; x_wconf 90' lang='lat' dir='ltr'>sed</span> <span class='ocrx_word' id='word_1_78' title='bbox 1295 1133 1351 1203; x_wconf 87' lang='lat' dir='ltr'>ipsi</span> <span class='ocrx_word' id='word_1_79' title='bbox 1368 1134 1442 1188; x_wconf 77' lang='lat' dir='ltr'>ciues</span> <span class='ocrx_word' id='word_1_80' title='bbox 1460 1134 1598 1189; x_wconf 79' lang='lat' dir='ltr'>civitatem</span> 
     </span>
     <span class='ocr_line' id='line_1_9' title="bbox 355 1217 1599 1292; baseline 0.001 -19"><span class='ocrx_word' id='word_1_81' title='bbox 355 1219 390 1273; x_wconf 91' lang='lat' dir='ltr'>ad</span> <span class='ocrx_word' id='word_1_82' title='bbox 418 1235 499 1272; x_wconf 89' lang='lat' dir='ltr'>suam</span> <span class='ocrx_word' id='word_1_83' title='bbox 525 1217 683 1274; x_wconf 85' lang='lat' dir='ltr'>custodiant</span> <span class='ocrx_word' id='word_1_84' title='bbox 713 1218 891 1273; x_wconf 84' lang='lat' dir='ltr'>voluntatem.</span> <span class='ocrx_word' id='word_1_85' title='bbox 927 1218 999 1272; x_wconf 90' lang='lat' dir='ltr'>Item</span> <span class='ocrx_word' id='word_1_86' title='bbox 1026 1236 1043 1274; x_wconf 87' lang='lat' dir='ltr'>a</span> <span class='ocrx_word' id='word_1_87' title='bbox 1069 1217 1169 1272; x_wconf 87' lang='lat' dir='ltr'>dandis</span> <span class='ocrx_word' id='word_1_88' title='bbox 1200 1218 1345 1274; x_wconf 89' lang='lat' dir='ltr'>obsidibus</span> <span class='ocrx_word' id='word_1_89' title='bbox 1376 1226 1512 1292; x_wconf 90' lang='lat' dir='ltr'>perpetuo</span> <span class='ocrx_word' id='word_1_90' title='bbox 1543 1221 1599 1275; x_wconf 86' lang='lat' dir='ltr'>siut</span> 
     </span>
     <span class='ocr_line' id='line_1_10' title="bbox 355 1301 1598 1376; baseline 0.002 -16"><span class='ocrx_word' id='word_1_91' title='bbox 355 1305 483 1376; x_wconf 86' lang='lat' dir='ltr'>exempti,</span> <span class='ocrx_word' id='word_1_92' title='bbox 502 1306 616 1374; x_wconf 87' lang='lat' dir='ltr'>suisque</span> <span class='ocrx_word' id='word_1_93' title='bbox 633 1301 739 1360; x_wconf 88' lang='lat' dir='ltr'>iuribus</span> <span class='ocrx_word' id='word_1_94' title='bbox 758 1310 785 1358; x_wconf 87' lang='lat' dir='ltr'>ct</span> <span class='ocrx_word' id='word_1_95' title='bbox 802 1303 1047 1359; x_wconf 79' lang='lat' dir='ltr'>consvetudinibus</span> <span class='ocrx_word' id='word_1_96' title='bbox 1066 1305 1188 1375; x_wconf 89' lang='lat' dir='ltr'>antiquis</span> <span class='ocrx_word' id='word_1_97' title='bbox 1206 1306 1247 1360; x_wconf 89' lang='lat' dir='ltr'>nti</span> <span class='ocrx_word' id='word_1_98' title='bbox 1264 1306 1351 1362; x_wconf 86' lang='lat' dir='ltr'>libere</span> <span class='ocrx_word' id='word_1_99' title='bbox 1368 1308 1486 1374; x_wconf 73' lang='lat' dir='ltr'>adeant,</span> <span class='ocrx_word' id='word_1_100' title='bbox 1505 1313 1533 1362; x_wconf 90' lang='lat' dir='ltr'>et</span> <span class='ocrx_word' id='word_1_101' title='bbox 1551 1323 1598 1362; x_wconf 89' lang='lat' dir='ltr'>eas</span> 
     </span>
     <span class='ocr_line' id='line_1_11' title="bbox 354 1389 1598 1462; baseline 0.002 -16"><span class='ocrx_word' id='word_1_102' title='bbox 354 1393 425 1446; x_wconf 90' lang='lat' dir='ltr'>sicut</span> <span class='ocrx_word' id='word_1_103' title='bbox 447 1393 486 1447; x_wconf 88' lang='lat' dir='ltr'>eis</span> <span class='ocrx_word' id='word_1_104' title='bbox 510 1393 600 1446; x_wconf 83' lang='lat' dir='ltr'>visum</span> <span class='ocrx_word' id='word_1_105' title='bbox 623 1389 756 1446; x_wconf 83' lang='lat' dir='ltr'>fueritin</span> <span class='ocrx_word' id='word_1_106' title='bbox 781 1391 879 1446; x_wconf 90' lang='lat' dir='ltr'>melius</span> <span class='ocrx_word' id='word_1_107' title='bbox 908 1397 1085 1446; x_wconf 83' lang='lat' dir='ltr'>commutare.</span> <span class='ocrx_word' id='word_1_108' title='bbox 1110 1392 1251 1446; x_wconf 82' lang='lat' dir='ltr'>Tenentur</span> <span class='ocrx_word' id='word_1_109' title='bbox 1280 1399 1374 1447; x_wconf 86' lang='lat' dir='ltr'>autem</span> <span class='ocrx_word' id='word_1_110' title='bbox 1397 1392 1495 1450; x_wconf 88' lang='lat' dir='ltr'>leudes</span> <span class='ocrx_word' id='word_1_111' title='bbox 1521 1394 1598 1462; x_wconf 80' lang='lat' dir='ltr'>regio</span> 
     </span>
     <span class='ocr_line' id='line_1_12' title="bbox 355 1475 1598 1550; baseline 0.001 -15"><span class='ocrx_word' id='word_1_112' title='bbox 355 1479 467 1547; x_wconf 88' lang='lat' dir='ltr'>nomini,</span> <span class='ocrx_word' id='word_1_113' title='bbox 492 1480 564 1533; x_wconf 88' lang='lat' dir='ltr'>sicut</span> <span class='ocrx_word' id='word_1_114' title='bbox 587 1483 631 1532; x_wconf 90' lang='lat' dir='ltr'>est</span> <span class='ocrx_word' id='word_1_115' title='bbox 654 1477 823 1534; x_wconf 75' lang='lat' dir='ltr'>consuetudo</span> <span class='ocrx_word' id='word_1_116' title='bbox 847 1475 971 1532; x_wconf 87' lang='lat' dir='ltr'>fidelium</span> <span class='ocrx_word' id='word_1_117' title='bbox 993 1477 1029 1532; x_wconf 88' lang='lat' dir='ltr'>de</span> <span class='ocrx_word' id='word_1_118' title='bbox 1047 1477 1198 1546; x_wconf 76' lang='lat' dir='ltr'>maritimis,</span> <span class='ocrx_word' id='word_1_119' title='bbox 1222 1496 1274 1550; x_wconf 89' lang='lat' dir='ltr'>pro</span> <span class='ocrx_word' id='word_1_120' title='bbox 1294 1478 1505 1535; x_wconf 87' lang='lat' dir='ltr'>honorificentia</span> <span class='ocrx_word' id='word_1_121' title='bbox 1521 1481 1598 1550; x_wconf 86' lang='lat' dir='ltr'>regia</span> 
     </span>
     <span class='ocr_line' id='line_1_13' title="bbox 355 1563 1599 1638; baseline 0.001 -17"><span class='ocrx_word' id='word_1_122' title='bbox 355 1565 492 1622; x_wconf 76' lang='lat' dir='ltr'>concretis</span> <span class='ocrx_word' id='word_1_123' title='bbox 509 1564 609 1620; x_wconf 88' lang='lat' dir='ltr'>diebus</span> <span class='ocrx_word' id='word_1_124' title='bbox 628 1565 781 1631; x_wconf 84' lang='lat' dir='ltr'>observare,</span> <span class='ocrx_word' id='word_1_125' title='bbox 800 1570 827 1619; x_wconf 93' lang='lat' dir='ltr'>et</span> <span class='ocrx_word' id='word_1_126' title='bbox 845 1583 895 1636; x_wconf 87' lang='lat' dir='ltr'>per</span> <span class='ocrx_word' id='word_1_127' title='bbox 913 1582 995 1620; x_wconf 87' lang='lat' dir='ltr'>suum</span> <span class='ocrx_word' id='word_1_128' title='bbox 1013 1563 1117 1620; x_wconf 88' lang='lat' dir='ltr'>clerum</span> <span class='ocrx_word' id='word_1_129' title='bbox 1129 1570 1157 1620; x_wconf 92' lang='lat' dir='ltr'>et</span> <span class='ocrx_word' id='word_1_130' title='bbox 1174 1565 1311 1636; x_wconf 91' lang='lat' dir='ltr'>populum</span> <span class='ocrx_word' id='word_1_131' title='bbox 1329 1565 1490 1638; x_wconf 87' lang='lat' dir='ltr'>deprecare;</span> <span class='ocrx_word' id='word_1_132' title='bbox 1508 1583 1599 1636; x_wconf 89' lang='lat' dir='ltr'>neque</span> 
     </span>
     <span class='ocr_line' id='line_1_14' title="bbox 353 1649 1597 1722; baseline 0 -14"><span class='ocrx_word' id='word_1_133' title='bbox 353 1653 457 1708; x_wconf 90' lang='lat' dir='ltr'>audent</span> <span class='ocrx_word' id='word_1_134' title='bbox 473 1651 531 1708; x_wconf 92' lang='lat' dir='ltr'>ullo</span> <span class='ocrx_word' id='word_1_135' title='bbox 549 1649 653 1707; x_wconf 86' lang='lat' dir='ltr'>infideli</span> <span class='ocrx_word' id='word_1_136' title='bbox 671 1649 714 1706; x_wconf 84' lang='lat' dir='ltr'>vel</span> <span class='ocrx_word' id='word_1_137' title='bbox 731 1651 826 1706; x_wconf 90' lang='lat' dir='ltr'>rebelli</span> <span class='ocrx_word' id='word_1_138' title='bbox 844 1653 916 1720; x_wconf 83' lang='lat' dir='ltr'>regis</span> <span class='ocrx_word' id='word_1_139' title='bbox 939 1651 1005 1706; x_wconf 87' lang='lat' dir='ltr'>dare</span> <span class='ocrx_word' id='word_1_140' title='bbox 1023 1649 1209 1721; x_wconf 90' lang='lat' dir='ltr'>quodcunque</span> <span class='ocrx_word' id='word_1_141' title='bbox 1227 1651 1370 1708; x_wconf 86' lang='lat' dir='ltr'>auxilium.</span> <span class='ocrx_word' id='word_1_142' title='bbox 1395 1653 1501 1722; x_wconf 83' lang='lat' dir='ltr'>Regem</span> <span class='ocrx_word' id='word_1_143' title='bbox 1520 1654 1544 1707; x_wconf 89' lang='lat' dir='ltr'>si</span> <span class='ocrx_word' id='word_1_144' title='bbox 1561 1653 1597 1708; x_wconf 91' lang='lat' dir='ltr'>ad</span> 
     </span>
     <span class='ocr_line' id='line_1_15' title="bbox 354 1737 1598 1812; baseline -0.002 -17"><span class='ocrx_word' id='word_1_145' title='bbox 354 1745 447 1812; x_wconf 83' lang='lat' dir='ltr'>partes</span> <span class='ocrx_word' id='word_1_146' title='bbox 471 1739 621 1794; x_wconf 88' lang='lat' dir='ltr'>maritimas</span> <span class='ocrx_word' id='word_1_147' title='bbox 645 1739 750 1794; x_wconf 75' lang='lat' dir='ltr'>renuet</span> <span class='ocrx_word' id='word_1_148' title='bbox 767 1745 795 1793; x_wconf 89' lang='lat' dir='ltr'>et</span> <span class='ocrx_word' id='word_1_149' title='bbox 812 1737 950 1793; x_wconf 80' lang='lat' dir='ltr'>civitatem</span> <span class='ocrx_word' id='word_1_150' title='bbox 973 1739 1075 1793; x_wconf 90' lang='lat' dir='ltr'>intrare</span> <span class='ocrx_word' id='word_1_151' title='bbox 1098 1739 1188 1806; x_wconf 86' lang='lat' dir='ltr'>vellet,</span> <span class='ocrx_word' id='word_1_152' title='bbox 1213 1739 1286 1794; x_wconf 88' lang='lat' dir='ltr'>cives</span> <span class='ocrx_word' id='word_1_153' title='bbox 1311 1757 1361 1810; x_wconf 92' lang='lat' dir='ltr'>pro</span> <span class='ocrx_word' id='word_1_154' title='bbox 1386 1755 1470 1811; x_wconf 92' lang='lat' dir='ltr'>posse</span> <span class='ocrx_word' id='word_1_155' title='bbox 1494 1754 1546 1796; x_wconf 86' lang='lat' dir='ltr'>suo</span> <span class='ocrx_word' id='word_1_156' title='bbox 1569 1740 1598 1793; x_wconf 91' lang='lat' dir='ltr'>in</span> 
     </span>
     <span class='ocr_line' id='line_1_16' title="bbox 355 1823 1597 1898; baseline -0.001 -16"><span class='ocrx_word' id='word_1_157' title='bbox 355 1827 441 1898; x_wconf 86' lang='lat' dir='ltr'>portis</span> <span class='ocrx_word' id='word_1_158' title='bbox 459 1825 575 1881; x_wconf 70' lang='lat' dir='ltr'>civitate</span> <span class='ocrx_word' id='word_1_159' title='bbox 594 1827 720 1896; x_wconf 86' lang='lat' dir='ltr'>excipere</span> <span class='ocrx_word' id='word_1_160' title='bbox 738 1831 766 1880; x_wconf 91' lang='lat' dir='ltr'>et</span> <span class='ocrx_word' id='word_1_161' title='bbox 783 1823 925 1880; x_wconf 87' lang='lat' dir='ltr'>decentius</span> <span class='ocrx_word' id='word_1_162' title='bbox 944 1825 1019 1894; x_wconf 91' lang='lat' dir='ltr'>quod</span> <span class='ocrx_word' id='word_1_163' title='bbox 1038 1825 1121 1882; x_wconf 89' lang='lat' dir='ltr'>fuerit</span> <span class='ocrx_word' id='word_1_164' title='bbox 1143 1826 1296 1896; x_wconf 87' lang='lat' dir='ltr'>hospitium</span> <span class='ocrx_word' id='word_1_165' title='bbox 1314 1825 1404 1881; x_wconf 88' lang='lat' dir='ltr'>eidem</span> <span class='ocrx_word' id='word_1_166' title='bbox 1422 1827 1532 1896; x_wconf 81' lang='lat' dir='ltr'>engere</span> <span class='ocrx_word' id='word_1_167' title='bbox 1550 1825 1597 1881; x_wconf 91' lang='lat' dir='ltr'>de·</span> 
     </span>
     <span class='ocr_line' id='line_1_17' title="bbox 357 1911 1597 1983; baseline 0 -17"><span class='ocrx_word' id='word_1_168' title='bbox 357 1914 427 1968; x_wconf 91' lang='lat' dir='ltr'>bent.</span> <span class='ocrx_word' id='word_1_169' title='bbox 457 1911 565 1968; x_wconf 86' lang='lat' dir='ltr'>Caeteri</span> <span class='ocrx_word' id='word_1_170' title='bbox 589 1929 653 1967; x_wconf 84' lang='lat' dir='ltr'>vero</span> <span class='ocrx_word' id='word_1_171' title='bbox 677 1913 725 1982; x_wconf 90' lang='lat' dir='ltr'>qui</span> <span class='ocrx_word' id='word_1_172' title='bbox 748 1913 777 1966; x_wconf 92' lang='lat' dir='ltr'>in</span> <span class='ocrx_word' id='word_1_173' title='bbox 799 1911 872 1982; x_wconf 80' lang='lat' dir='ltr'>regis</span> <span class='ocrx_word' id='word_1_174' title='bbox 896 1911 998 1966; x_wconf 86' lang='lat' dir='ltr'>fuerint</span> <span class='ocrx_word' id='word_1_175' title='bbox 1020 1911 1162 1980; x_wconf 78' lang='lat' dir='ltr'>comitiva,</span> <span class='ocrx_word' id='word_1_176' title='bbox 1187 1912 1296 1966; x_wconf 90' lang='lat' dir='ltr'>nullum</span> <span class='ocrx_word' id='word_1_177' title='bbox 1319 1919 1438 1982; x_wconf 86' lang='lat' dir='ltr'>possunt</span> <span class='ocrx_word' id='word_1_178' title='bbox 1462 1928 1597 1983; x_wconf 81' lang='lat' dir='ltr'>occupare</span> 
     </span>
     <span class='ocr_line' id='line_1_18' title="bbox 354 1997 1598 2071; baseline 0 -17"><span class='ocrx_word' id='word_1_179' title='bbox 354 2001 397 2054; x_wconf 83' lang='lat' dir='ltr'>rel</span> <span class='ocrx_word' id='word_1_180' title='bbox 409 1999 530 2071; x_wconf 88' lang='lat' dir='ltr'>recipere</span> <span class='ocrx_word' id='word_1_181' title='bbox 547 1999 699 2070; x_wconf 89' lang='lat' dir='ltr'>hospitium</span> <span class='ocrx_word' id='word_1_182' title='bbox 715 1997 788 2053; x_wconf 87' lang='lat' dir='ltr'>intra</span> <span class='ocrx_word' id='word_1_183' title='bbox 804 2015 899 2053; x_wconf 87' lang='lat' dir='ltr'>muros</span> <span class='ocrx_word' id='word_1_184' title='bbox 918 1999 1044 2065; x_wconf 85' lang='lat' dir='ltr'>civitatis,</span> <span class='ocrx_word' id='word_1_185' title='bbox 1063 2000 1116 2054; x_wconf 87' lang='lat' dir='ltr'>nisi</span> <span class='ocrx_word' id='word_1_186' title='bbox 1135 2000 1192 2054; x_wconf 88' lang='lat' dir='ltr'>suis</span> <span class='ocrx_word' id='word_1_187' title='bbox 1210 1999 1328 2070; x_wconf 84' lang='lat' dir='ltr'>propriis</span> <span class='ocrx_word' id='word_1_188' title='bbox 1348 2000 1476 2070; x_wconf 85' lang='lat' dir='ltr'>expensis</span> <span class='ocrx_word' id='word_1_189' title='bbox 1495 2007 1598 2054; x_wconf 86' lang='lat' dir='ltr'>etcum</span> 
     </span>
     <span class='ocr_line' id='line_1_19' title="bbox 356 2085 1597 2156; baseline -0.001 -15"><span class='ocrx_word' id='word_1_190' title='bbox 356 2087 456 2142; x_wconf 82' lang='lat' dir='ltr'>civium</span> <span class='ocrx_word' id='word_1_191' title='bbox 474 2087 624 2141; x_wconf 87' lang='lat' dir='ltr'>voluntate.</span> <span class='ocrx_word' id='word_1_192' title='bbox 643 2116 677 2125; x_wconf 87' lang='lat'>—</span> <span class='ocrx_word' id='word_1_193' title='bbox 696 2085 785 2139; x_wconf 80' lang='lat' dir='ltr'>Metus</span> <span class='ocrx_word' id='word_1_194' title='bbox 809 2085 927 2140; x_wconf 87' lang='lat' dir='ltr'>civitatis</span> <span class='ocrx_word' id='word_1_195' title='bbox 951 2085 1016 2140; x_wconf 82' lang='lat' dir='ltr'>fecit</span> <span class='ocrx_word' id='word_1_196' title='bbox 1039 2102 1087 2140; x_wconf 81' lang='lat' dir='ltr'>rex</span> <span class='ocrx_word' id='word_1_197' title='bbox 1106 2085 1244 2155; x_wconf 85' lang='lat' dir='ltr'>designari</span> <span class='ocrx_word' id='word_1_198' title='bbox 1268 2102 1318 2156; x_wconf 91' lang='lat' dir='ltr'>per</span> <span class='ocrx_word' id='word_1_199' title='bbox 1336 2087 1435 2140; x_wconf 87' lang='lat' dir='ltr'>comite</span> <span class='ocrx_word' id='word_1_200' title='bbox 1454 2086 1506 2154; x_wconf 84' lang='lat' dir='ltr'>(Li)</span> <span class='ocrx_word' id='word_1_201' title='bbox 1525 2085 1597 2142; x_wconf 89' lang='lat' dir='ltr'>Obe-</span> 
     </span>
     <span class='ocr_line' id='line_1_20' title="bbox 354 2171 1597 2243; baseline -0.002 -16"><span class='ocrx_word' id='word_1_202' title='bbox 354 2174 445 2227; x_wconf 90' lang='lat' dir='ltr'>rinum</span> <span class='ocrx_word' id='word_1_203' title='bbox 463 2173 491 2226; x_wconf 92' lang='lat' dir='ltr'>in</span> <span class='ocrx_word' id='word_1_204' title='bbox 509 2173 584 2227; x_wconf 92' lang='lat' dir='ltr'>hunc</span> <span class='ocrx_word' id='word_1_205' title='bbox 601 2171 728 2226; x_wconf 90' lang='lat' dir='ltr'>modum:</span> <span class='ocrx_word' id='word_1_206' title='bbox 746 2172 842 2242; x_wconf 87' lang='lat' dir='ltr'>incipit</span> <span class='ocrx_word' id='word_1_207' title='bbox 860 2188 877 2224; x_wconf 87' lang='lat' dir='ltr'>a</span> <span class='ocrx_word' id='word_1_208' title='bbox 895 2171 986 2243; x_wconf 88' lang='lat' dir='ltr'>capite</span> <span class='ocrx_word' id='word_1_209' title='bbox 1006 2171 1113 2226; x_wconf 84' lang='lat' dir='ltr'>insulae</span> <span class='ocrx_word' id='word_1_210' title='bbox 1130 2177 1246 2226; x_wconf 77' lang='lat' dir='ltr'>vomtae</span> <span class='ocrx_word' id='word_1_211' title='bbox 1263 2171 1322 2238; x_wconf 84' lang='lat' dir='ltr'>Vir,</span> <span class='ocrx_word' id='word_1_212' title='bbox 1347 2171 1448 2226; x_wconf 88' lang='lat' dir='ltr'>deiude</span> <span class='ocrx_word' id='word_1_213' title='bbox 1466 2189 1515 2242; x_wconf 88' lang='lat' dir='ltr'>per</span> <span class='ocrx_word' id='word_1_214' title='bbox 1533 2173 1597 2226; x_wconf 88' lang='lat' dir='ltr'>litus</span> 
     </span>
     <span class='ocr_line' id='line_1_21' title="bbox 353 2253 1597 2329; baseline -0.002 -15"><span class='ocrx_word' id='word_1_215' title='bbox 353 2261 438 2314; x_wconf 81' lang='lat' dir='ltr'>maris</span> <span class='ocrx_word' id='word_1_216' title='bbox 457 2259 492 2314; x_wconf 90' lang='lat' dir='ltr'>ad</span> <span class='ocrx_word' id='word_1_217' title='bbox 505 2277 526 2314; x_wconf 91' lang='lat' dir='ltr'>s.</span> <span class='ocrx_word' id='word_1_218' title='bbox 540 2259 689 2326; x_wconf 78' lang='lat' dir='ltr'>Andrean,</span> <span class='ocrx_word' id='word_1_219' title='bbox 708 2257 808 2313; x_wconf 90' lang='lat' dir='ltr'>deinde</span> <span class='ocrx_word' id='word_1_220' title='bbox 825 2258 853 2312; x_wconf 90' lang='lat' dir='ltr'>in</span> <span class='ocrx_word' id='word_1_221' title='bbox 872 2257 1011 2328; x_wconf 89' lang='lat' dir='ltr'>quendam</span> <span class='ocrx_word' id='word_1_222' title='bbox 1029 2259 1120 2312; x_wconf 88' lang='lat' dir='ltr'>locum</span> <span class='ocrx_word' id='word_1_223' title='bbox 1139 2263 1300 2329; x_wconf 89' lang='lat' dir='ltr'>protensum</span> <span class='ocrx_word' id='word_1_224' title='bbox 1318 2259 1346 2312; x_wconf 92' lang='lat' dir='ltr'>in</span> <span class='ocrx_word' id='word_1_225' title='bbox 1364 2275 1448 2325; x_wconf 87' lang='lat' dir='ltr'>mare,</span> <span class='ocrx_word' id='word_1_226' title='bbox 1468 2253 1515 2328; x_wconf 89' lang='lat' dir='ltr'>qni</span> <span class='ocrx_word' id='word_1_227' title='bbox 1532 2257 1597 2312; x_wconf 91' lang='lat' dir='ltr'>dici·</span> 
     </span>
     <span class='ocr_line' id='line_1_22' title="bbox 353 2341 1597 2416; baseline -0.002 -15"><span class='ocrx_word' id='word_1_228' title='bbox 353 2353 399 2401; x_wconf 89' lang='lat' dir='ltr'>tur</span> <span class='ocrx_word' id='word_1_229' title='bbox 416 2345 573 2416; x_wconf 81' lang='lat' dir='ltr'>Drugoaay,</span> <span class='ocrx_word' id='word_1_230' title='bbox 593 2344 691 2400; x_wconf 90' lang='lat' dir='ltr'>deinde</span> <span class='ocrx_word' id='word_1_231' title='bbox 709 2345 737 2398; x_wconf 91' lang='lat' dir='ltr'>in</span> <span class='ocrx_word' id='word_1_232' title='bbox 755 2345 843 2410; x_wconf 89' lang='lat' dir='ltr'>Dicla,</span> <span class='ocrx_word' id='word_1_233' title='bbox 862 2343 963 2399; x_wconf 85' lang='lat' dir='ltr'>deinde</span> <span class='ocrx_word' id='word_1_234' title='bbox 980 2345 1009 2398; x_wconf 92' lang='lat' dir='ltr'>in</span> <span class='ocrx_word' id='word_1_235' title='bbox 1026 2345 1118 2399; x_wconf 89' lang='lat' dir='ltr'>locum</span> <span class='ocrx_word' id='word_1_236' title='bbox 1137 2343 1214 2398; x_wconf 82' lang='lat' dir='ltr'>Crux</span> <span class='ocrx_word' id='word_1_237' title='bbox 1232 2359 1325 2415; x_wconf 81' lang='lat' dir='ltr'>parva,</span> <span class='ocrx_word' id='word_1_238' title='bbox 1344 2343 1445 2398; x_wconf 89' lang='lat' dir='ltr'>deinde</span> <span class='ocrx_word' id='word_1_239' title='bbox 1462 2341 1490 2398; x_wconf 90' lang='lat' dir='ltr'>in</span> <span class='ocrx_word' id='word_1_240' title='bbox 1509 2343 1597 2416; x_wconf 89' lang='lat' dir='ltr'>pallu-</span> 
     </span>
     <span class='ocr_line' id='line_1_23' title="bbox 353 2429 1596 2503; baseline -0.002 -15"><span class='ocrx_word' id='word_1_241' title='bbox 353 2433 417 2488; x_wconf 90' lang='lat' dir='ltr'>dem</span> <span class='ocrx_word' id='word_1_242' title='bbox 433 2431 686 2503; x_wconf 74' lang='lat' dir='ltr'>Ougnecovoblato</span> <span class='ocrx_word' id='word_1_243' title='bbox 704 2431 804 2486; x_wconf 89' lang='lat' dir='ltr'>deinde</span> <span class='ocrx_word' id='word_1_244' title='bbox 821 2432 849 2484; x_wconf 92' lang='lat' dir='ltr'>in</span> <span class='ocrx_word' id='word_1_245' title='bbox 868 2437 946 2502; x_wconf 89' lang='lat' dir='ltr'>parte</span> <span class='ocrx_word' id='word_1_246' title='bbox 964 2431 1078 2485; x_wconf 76' lang='lat' dir='ltr'>australi</span> <span class='ocrx_word' id='word_1_247' title='bbox 1096 2430 1131 2485; x_wconf 89' lang='lat' dir='ltr'>ad</span> <span class='ocrx_word' id='word_1_248' title='bbox 1150 2431 1316 2498; x_wconf 85' lang='lat' dir='ltr'>Brischiane,</span> <span class='ocrx_word' id='word_1_249' title='bbox 1335 2429 1435 2486; x_wconf 88' lang='lat' dir='ltr'>deinde</span> <span class='ocrx_word' id='word_1_250' title='bbox 1453 2431 1489 2486; x_wconf 89' lang='lat' dir='ltr'>ad</span> <span class='ocrx_word' id='word_1_251' title='bbox 1507 2429 1596 2486; x_wconf 85' lang='lat' dir='ltr'>rivum</span> 
     </span>
     <span class='ocr_line' id='line_1_24' title="bbox 354 2517 1596 2588; baseline -0.001 -14"><span class='ocrx_word' id='word_1_252' title='bbox 354 2518 468 2586; x_wconf 89' lang='lat' dir='ltr'>Potoob‚</span> <span class='ocrx_word' id='word_1_253' title='bbox 487 2519 515 2572; x_wconf 90' lang='lat' dir='ltr'>in</span> <span class='ocrx_word' id='word_1_254' title='bbox 534 2517 655 2588; x_wconf 88' lang='lat' dir='ltr'>quodam</span> <span class='ocrx_word' id='word_1_255' title='bbox 673 2533 770 2572; x_wconf 88' lang='lat' dir='ltr'>nemus</span> <span class='ocrx_word' id='word_1_256' title='bbox 787 2517 868 2571; x_wconf 81' lang='lat' dir='ltr'>Ibion</span> <span class='ocrx_word' id='word_1_257' title='bbox 886 2523 914 2571; x_wconf 90' lang='lat' dir='ltr'>ct</span> <span class='ocrx_word' id='word_1_258' title='bbox 931 2533 981 2588; x_wconf 85' lang='lat' dir='ltr'>per</span> <span class='ocrx_word' id='word_1_259' title='bbox 997 2517 1097 2572; x_wconf 77' lang='lat' dir='ltr'>vallem</span> <span class='ocrx_word' id='word_1_260' title='bbox 1115 2517 1258 2587; x_wconf 83' lang='lat' dir='ltr'>Budisgua</span> <span class='ocrx_word' id='word_1_261' title='bbox 1275 2533 1365 2588; x_wconf 87' lang='lat' dir='ltr'>usque</span> <span class='ocrx_word' id='word_1_262' title='bbox 1383 2517 1418 2571; x_wconf 92' lang='lat' dir='ltr'>ad</span> <span class='ocrx_word' id='word_1_263' title='bbox 1438 2517 1596 2586; x_wconf 85' lang='lat' dir='ltr'>Cheroicaa,</span> 
     </span>
     <span class='ocr_line' id='line_1_25' title="bbox 354 2603 1596 2675; baseline -0.002 -14"><span class='ocrx_word' id='word_1_264' title='bbox 354 2621 449 2661; x_wconf 85' lang='lat' dir='ltr'>versus</span> <span class='ocrx_word' id='word_1_265' title='bbox 473 2605 592 2659; x_wconf 88' lang='lat' dir='ltr'>Boream</span> <span class='ocrx_word' id='word_1_266' title='bbox 615 2605 642 2658; x_wconf 90' lang='lat' dir='ltr'>in</span> <span class='ocrx_word' id='word_1_267' title='bbox 668 2603 864 2673; x_wconf 83' lang='lat' dir='ltr'>Gazinegoriaa</span> <span class='ocrx_word' id='word_1_268' title='bbox 887 2603 921 2658; x_wconf 88' lang='lat' dir='ltr'>ad</span> <span class='ocrx_word' id='word_1_269' title='bbox 947 2604 1088 2675; x_wconf 86' lang='lat' dir='ltr'>quandam</span> <span class='ocrx_word' id='word_1_270' title='bbox 1113 2603 1320 2670; x_wconf 76' lang='lat' dir='ltr'>Quidvaizam</span> <span class='ocrx_word' id='word_1_271' title='bbox 1347 2605 1382 2659; x_wconf 93' lang='lat' dir='ltr'>ad</span> <span class='ocrx_word' id='word_1_272' title='bbox 1410 2611 1535 2660; x_wconf 79' lang='lat' dir='ltr'>anatmm</span> <span class='ocrx_word' id='word_1_273' title='bbox 1561 2605 1596 2659; x_wconf 90' lang='lat' dir='ltr'>ad</span> 
     </span>
     <span class='ocr_line' id='line_1_26' title="bbox 353 2689 1596 2761; baseline -0.001 -14"><span class='ocrx_word' id='word_1_274' title='bbox 353 2698 464 2747; x_wconf 83' lang='lat' dir='ltr'>vocatas</span> <span class='ocrx_word' id='word_1_275' title='bbox 478 2692 608 2760; x_wconf 80' lang='lat' dir='ltr'>Quinque</span> <span class='ocrx_word' id='word_1_276' title='bbox 622 2691 688 2756; x_wconf 83' lang='lat' dir='ltr'>vias,</span> <span class='ocrx_word' id='word_1_277' title='bbox 707 2703 802 2745; x_wconf 82' lang='lat' dir='ltr'>versus</span> <span class='ocrx_word' id='word_1_278' title='bbox 821 2690 933 2746; x_wconf 90' lang='lat' dir='ltr'>boream</span> <span class='ocrx_word' id='word_1_279' title='bbox 953 2690 988 2745; x_wconf 87' lang='lat' dir='ltr'>ad</span> <span class='ocrx_word' id='word_1_280' title='bbox 1007 2690 1106 2746; x_wconf 86' lang='lat' dir='ltr'>vallem</span> <span class='ocrx_word' id='word_1_281' title='bbox 1117 2690 1288 2759; x_wconf 77' lang='lat' dir='ltr'>Romogiaza</span> <span class='ocrx_word' id='word_1_282' title='bbox 1305 2689 1341 2745; x_wconf 87' lang='lat' dir='ltr'>ad</span> <span class='ocrx_word' id='word_1_283' title='bbox 1359 2691 1451 2746; x_wconf 84' lang='lat' dir='ltr'>locum</span> <span class='ocrx_word' id='word_1_284' title='bbox 1463 2689 1596 2761; x_wconf 74' lang='lat' dir='ltr'>Radogn5</span> 
     </span>
     <span class='ocr_line' id='line_1_27' title="bbox 352 2776 1595 2848; baseline 0 -16"><span class='ocrx_word' id='word_1_285' title='bbox 352 2777 452 2832; x_wconf 88' lang='lat' dir='ltr'>deinde</span> <span class='ocrx_word' id='word_1_286' title='bbox 468 2777 503 2832; x_wconf 90' lang='lat' dir='ltr'>ad</span> <span class='ocrx_word' id='word_1_287' title='bbox 515 2777 616 2832; x_wconf 82' lang='lat' dir='ltr'>vallem</span> <span class='ocrx_word' id='word_1_288' title='bbox 627 2777 751 2848; x_wconf 88' lang='lat' dir='ltr'>Veprine</span> <span class='ocrx_word' id='word_1_289' title='bbox 770 2793 858 2848; x_wconf 88' lang='lat' dir='ltr'>usque</span> <span class='ocrx_word' id='word_1_290' title='bbox 876 2776 912 2831; x_wconf 88' lang='lat' dir='ltr'>ad</span> <span class='ocrx_word' id='word_1_291' title='bbox 929 2777 1051 2848; x_wconf 79' lang='lat' dir='ltr'>lapidem</span> <span class='ocrx_word' id='word_1_292' title='bbox 1069 2777 1145 2848; x_wconf 89' lang='lat' dir='ltr'>apud</span> <span class='ocrx_word' id='word_1_293' title='bbox 1163 2793 1246 2844; x_wconf 87' lang='lat' dir='ltr'>mare,</span> <span class='ocrx_word' id='word_1_294' title='bbox 1266 2793 1349 2848; x_wconf 89' lang='lat' dir='ltr'>super</span> <span class='ocrx_word' id='word_1_295' title='bbox 1367 2793 1451 2848; x_wconf 89' lang='lat' dir='ltr'>quem</span> <span class='ocrx_word' id='word_1_296' title='bbox 1468 2785 1511 2832; x_wconf 87' lang='lat' dir='ltr'>est</span> <span class='ocrx_word' id='word_1_297' title='bbox 1528 2793 1595 2832; x_wconf 85' lang='lat' dir='ltr'>cmx</span> 
     </span>
     <span class='ocr_line' id='line_1_28' title="bbox 353 2863 1595 2936; baseline -0.002 -16"><span class='ocrx_word' id='word_1_298' title='bbox 353 2865 498 2934; x_wconf 87' lang='lat' dir='ltr'>descripta.</span> <span class='ocrx_word' id='word_1_299' title='bbox 520 2863 646 2936; x_wconf 81' lang='lat' dir='ltr'>Excepta</span> <span class='ocrx_word' id='word_1_300' title='bbox 664 2869 757 2920; x_wconf 89' lang='lat' dir='ltr'>tamen</span> <span class='ocrx_word' id='word_1_301' title='bbox 775 2865 952 2935; x_wconf 85' lang='lat' dir='ltr'>possessione</span> <span class='ocrx_word' id='word_1_302' title='bbox 971 2864 1053 2918; x_wconf 84' lang='lat' dir='ltr'>castri</span> <span class='ocrx_word' id='word_1_303' title='bbox 1070 2863 1176 2930; x_wconf 89' lang='lat' dir='ltr'>Lnbae,</span> <span class='ocrx_word' id='word_1_304' title='bbox 1195 2877 1267 2932; x_wconf 90' lang='lat' dir='ltr'>quae</span> <span class='ocrx_word' id='word_1_305' title='bbox 1285 2869 1327 2918; x_wconf 88' lang='lat' dir='ltr'>est</span> <span class='ocrx_word' id='word_1_306' title='bbox 1344 2863 1490 2935; x_wconf 86' lang='lat' dir='ltr'>hospitalis</span> <span class='ocrx_word' id='word_1_307' title='bbox 1508 2863 1595 2919; x_wconf 88' lang='lat' dir='ltr'>sancti</span> 
     </span>
     <span class='ocr_line' id='line_1_29' title="bbox 352 2949 1595 3022; baseline -0.002 -16"><span class='ocrx_word' id='word_1_308' title='bbox 352 2951 498 3006; x_wconf 91' lang='lat' dir='ltr'>Johannis.</span> <span class='ocrx_word' id='word_1_309' title='bbox 523 2951 595 3006; x_wconf 84' lang='lat' dir='ltr'>Item</span> <span class='ocrx_word' id='word_1_310' title='bbox 618 2968 722 3022; x_wconf 86' lang='lat' dir='ltr'>pascua</span> <span class='ocrx_word' id='word_1_311' title='bbox 745 2952 775 3004; x_wconf 92' lang='lat' dir='ltr'>in</span> <span class='ocrx_word' id='word_1_312' title='bbox 792 2952 853 3006; x_wconf 94' lang='lat' dir='ltr'>loco</span> <span class='ocrx_word' id='word_1_313' title='bbox 872 2951 984 3006; x_wconf 85' lang='lat' dir='ltr'>Tribras</span> <span class='ocrx_word' id='word_1_314' title='bbox 1009 2965 1104 3004; x_wconf 87' lang='lat' dir='ltr'>versus</span> <span class='ocrx_word' id='word_1_315' title='bbox 1129 2949 1299 3005; x_wconf 89' lang='lat' dir='ltr'>occidentem</span> <span class='ocrx_word' id='word_1_316' title='bbox 1326 2967 1415 3020; x_wconf 87' lang='lat' dir='ltr'>usquc</span> <span class='ocrx_word' id='word_1_317' title='bbox 1441 2950 1477 3005; x_wconf 91' lang='lat' dir='ltr'>ad</span> <span class='ocrx_word' id='word_1_318' title='bbox 1503 2952 1595 3006; x_wconf 89' lang='lat' dir='ltr'>locum</span> 
     </span>
     <span class='ocr_line' id='line_1_30' title="bbox 354 3033 1595 3109; baseline -0.002 -16"><span class='ocrx_word' id='word_1_319' title='bbox 354 3055 442 3109; x_wconf 88' lang='lat' dir='ltr'>equus</span> <span class='ocrx_word' id='word_1_320' title='bbox 466 3037 554 3108; x_wconf 75' lang='lat' dir='ltr'>(konj)</span> <span class='ocrx_word' id='word_1_321' title='bbox 579 3045 606 3092; x_wconf 89' lang='lat' dir='ltr'>et</span> <span class='ocrx_word' id='word_1_322' title='bbox 630 3049 718 3107; x_wconf 86' lang='lat' dir='ltr'>usque</span> <span class='ocrx_word' id='word_1_323' title='bbox 743 3036 778 3091; x_wconf 92' lang='lat' dir='ltr'>ad</span> <span class='ocrx_word' id='word_1_324' title='bbox 803 3048 933 3092; x_wconf 87' lang='lat' dir='ltr'>cacumen</span> <span class='ocrx_word' id='word_1_325' title='bbox 958 3037 1051 3106; x_wconf 86' lang='lat' dir='ltr'>magni</span> <span class='ocrx_word' id='word_1_326' title='bbox 1076 3037 1184 3092; x_wconf 84' lang='lat' dir='ltr'>montis.</span> <span class='ocrx_word' id='word_1_327' title='bbox 1209 3033 1314 3091; x_wconf 89' lang='lat' dir='ltr'>Datum</span> <span class='ocrx_word' id='word_1_328' title='bbox 1338 3053 1387 3108; x_wconf 87' lang='lat' dir='ltr'>per</span> <span class='ocrx_word' id='word_1_329' title='bbox 1410 3051 1510 3091; x_wconf 89' lang='lat' dir='ltr'>manus</span> <span class='ocrx_word' id='word_1_330' title='bbox 1528 3037 1595 3091; x_wconf 79' lang='lat' dir='ltr'>Got</span> 
     </span>
     <span class='ocr_line' id='line_1_31' title="bbox 353 3123 1595 3194; baseline -0.002 -15"><span class='ocrx_word' id='word_1_331' title='bbox 353 3123 422 3179; x_wconf 88' lang='lat' dir='ltr'>fredi</span> <span class='ocrx_word' id='word_1_332' title='bbox 446 3125 612 3179; x_wconf 88' lang='lat' dir='ltr'>otochiensis</span> <span class='ocrx_word' id='word_1_333' title='bbox 637 3124 767 3178; x_wconf 86' lang='lat' dir='ltr'>ccclesiae</span> <span class='ocrx_word' id='word_1_334' title='bbox 791 3123 942 3194; x_wconf 86' lang='lat' dir='ltr'>praepositi</span> <span class='ocrx_word' id='word_1_335' title='bbox 967 3124 1047 3178; x_wconf 86' lang='lat' dir='ltr'>aulae</span> <span class='ocrx_word' id='word_1_336' title='bbox 1070 3123 1162 3193; x_wconf 85' lang='lat' dir='ltr'>regiae</span> <span class='ocrx_word' id='word_1_337' title='bbox 1180 3123 1347 3190; x_wconf 84' lang='lat' dir='ltr'>cancellarii;</span> <span class='ocrx_word' id='word_1_338' title='bbox 1366 3124 1501 3178; x_wconf 88' lang='lat' dir='ltr'>existente</span> <span class='ocrx_word' id='word_1_339' title='bbox 1525 3125 1595 3178; x_wconf 88' lang='lat' dir='ltr'>inter</span> 
     </span>
     <span class='ocr_line' id='line_1_32' title="bbox 353 3207 1594 3282; baseline -0.001 -15"><span class='ocrx_word' id='word_1_340' title='bbox 353 3219 476 3267; x_wconf 87' lang='lat' dir='ltr'>caeteros</span> <span class='ocrx_word' id='word_1_341' title='bbox 498 3209 604 3266; x_wconf 81' lang='lat' dir='ltr'>Caleno</span> <span class='ocrx_word' id='word_1_342' title='bbox 623 3209 752 3280; x_wconf 81' lang='lat' dir='ltr'>Quinque</span> <span class='ocrx_word' id='word_1_343' title='bbox 775 3208 933 3265; x_wconf 87' lang='lat' dir='ltr'>ecclesiensi</span> <span class='ocrx_word' id='word_1_344' title='bbox 960 3211 1091 3282; x_wconf 87' lang='lat' dir='ltr'>episcopo</span> <span class='ocrx_word' id='word_1_345' title='bbox 1119 3209 1213 3277; x_wconf 88' lang='lat' dir='ltr'>electo,</span> <span class='ocrx_word' id='word_1_346' title='bbox 1240 3207 1364 3265; x_wconf 82' lang='lat' dir='ltr'>Gotardo</span> <span class='ocrx_word' id='word_1_347' title='bbox 1388 3209 1497 3280; x_wconf 75' lang='lat' dir='ltr'>zagrab.</span> <span class='ocrx_word' id='word_1_348' title='bbox 1523 3227 1594 3282; x_wconf 68' lang='lat' dir='ltr'>epo„</span> 
     </span>
     <span class='ocr_line' id='line_1_33' title="bbox 353 3295 941 3366; baseline -0.003 -14"><span class='ocrx_word' id='word_1_349' title='bbox 353 3299 477 3354; x_wconf 87' lang='lat' dir='ltr'>Mitrario</span> <span class='ocrx_word' id='word_1_350' title='bbox 501 3297 575 3353; x_wconf 87' lang='lat' dir='ltr'>bano</span> <span class='ocrx_word' id='word_1_351' title='bbox 599 3303 627 3351; x_wconf 92' lang='lat' dir='ltr'>et</span> <span class='ocrx_word' id='word_1_352' title='bbox 649 3297 748 3351; x_wconf 87' lang='lat' dir='ltr'>comite</span> <span class='ocrx_word' id='word_1_353' title='bbox 773 3295 941 3366; x_wconf 86' lang='lat' dir='ltr'>simigiensii.</span> 
     </span>
    </p>

    <p class='ocr_par' dir='ltr' id='par_1_3' title="bbox 353 3381 1594 3542">
     <span class='ocr_line' id='line_1_34' title="bbox 405 3381 1594 3456; baseline -0.003 -17"><span class='ocrx_word' id='word_1_354' title='bbox 405 3384 484 3440; x_wconf 88' lang='lat' dir='ltr'>idem</span> <span class='ocrx_word' id='word_1_355' title='bbox 509 3383 681 3456; x_wconf 82' lang='lat' dir='ltr'>privilegium</span> <span class='ocrx_word' id='word_1_356' title='bbox 705 3381 877 3438; x_wconf 80' lang='lat' dir='ltr'>confirmavit</span> <span class='ocrx_word' id='word_1_357' title='bbox 897 3383 966 3437; x_wconf 88' lang='lat' dir='ltr'>Bela</span> <span class='ocrx_word' id='word_1_358' title='bbox 983 3381 1033 3438; x_wconf 93' lang='lat' dir='ltr'>IV.</span> <span class='ocrx_word' id='word_1_359' title='bbox 1053 3400 1101 3438; x_wconf 89' lang='lat' dir='ltr'>rex</span> <span class='ocrx_word' id='word_1_360' title='bbox 1121 3385 1136 3437; x_wconf 91' lang='lat' dir='ltr'>&#39;l</span> <span class='ocrx_word' id='word_1_361' title='bbox 1155 3381 1209 3436; x_wconf 82' lang='lat' dir='ltr'>kal.</span> <span class='ocrx_word' id='word_1_362' title='bbox 1234 3387 1303 3452; x_wconf 83' lang='lat' dir='ltr'>sept.</span> <span class='ocrx_word' id='word_1_363' title='bbox 1328 3400 1346 3438; x_wconf 87' lang='lat' dir='ltr'>a</span> <span class='ocrx_word' id='word_1_364' title='bbox 1364 3383 1433 3438; x_wconf 76' lang='lat'>1244</span> <span class='ocrx_word' id='word_1_365' title='bbox 1457 3382 1594 3455; x_wconf 85' lang='lat' dir='ltr'>deputans</span> 
     </span>
     <span class='ocr_line' id='line_1_35' title="bbox 353 3466 1345 3542; baseline -0.002 -16"><span class='ocrx_word' id='word_1_366' title='bbox 353 3471 388 3526; x_wconf 90' lang='lat' dir='ltr'>ad</span> <span class='ocrx_word' id='word_1_367' title='bbox 407 3469 572 3542; x_wconf 86' lang='lat' dir='ltr'>pristaldum</span> <span class='ocrx_word' id='word_1_368' title='bbox 589 3468 760 3525; x_wconf 85' lang='lat' dir='ltr'>nonensibue</span> <span class='ocrx_word' id='word_1_369' title='bbox 777 3466 936 3524; x_wconf 91' lang='lat' dir='ltr'>Dionisium</span> <span class='ocrx_word' id='word_1_370' title='bbox 954 3467 1054 3524; x_wconf 91' lang='lat' dir='ltr'>ducem</span> <span class='ocrx_word' id='word_1_371' title='bbox 1071 3469 1156 3524; x_wconf 90' lang='lat' dir='ltr'>totius</span> <span class='ocrx_word' id='word_1_372' title='bbox 1175 3467 1345 3525; x_wconf 80' lang='lat' dir='ltr'>Sclavoniae.</span> 
     </span>
    </p>

    <p class='ocr_par' dir='ltr' id='par_1_4' title="bbox 352 3555 1594 3715">
     <span class='ocr_line' id='line_1_36' title="bbox 408 3555 1594 3626; baseline 0 -14"><span class='ocrx_word' id='word_1_373' title='bbox 408 3557 496 3626; x_wconf 80' lang='lat' dir='ltr'>Copia</span> <span class='ocrx_word' id='word_1_374' title='bbox 513 3573 573 3612; x_wconf 79' lang='lat' dir='ltr'>mea</span> <span class='ocrx_word' id='word_1_375' title='bbox 591 3572 624 3610; x_wconf 79' lang='lat' dir='ltr'>aa</span> <span class='ocrx_word' id='word_1_376' title='bbox 642 3555 754 3611; x_wconf 78' lang='lat' dir='ltr'>arctico</span> <span class='ocrx_word' id='word_1_377' title='bbox 772 3555 931 3626; x_wconf 78' lang='lat' dir='ltr'>archiepisc.</span> <span class='ocrx_word' id='word_1_378' title='bbox 944 3555 1096 3626; x_wconf 75' lang='lat' dir='ltr'>jadrensis.</span> <span class='ocrx_word' id='word_1_379' title='bbox 1116 3555 1206 3611; x_wconf 82' lang='lat' dir='ltr'>Habet</span> <span class='ocrx_word' id='word_1_380' title='bbox 1225 3571 1331 3625; x_wconf 80' lang='lat' dir='ltr'>qaoque</span> <span class='ocrx_word' id='word_1_381' title='bbox 1346 3555 1430 3624; x_wconf 70' lang='lat' dir='ltr'>Fqier</span> <span class='ocrx_word' id='word_1_382' title='bbox 1447 3557 1507 3612; x_wconf 82' lang='lat' dir='ltr'>cod.</span> <span class='ocrx_word' id='word_1_383' title='bbox 1524 3555 1594 3626; x_wconf 83' lang='lat' dir='ltr'>dipl.</span> 
     </span>
     <span class='ocr_line' id='line_1_37' title="bbox 352 3643 841 3715; baseline -0.004 -17"><span class='ocrx_word' id='word_1_384' title='bbox 352 3647 445 3715; x_wconf 76' lang='lat' dir='ltr'>Huaq.</span> <span class='ocrx_word' id='word_1_385' title='bbox 467 3645 496 3700; x_wconf 80' lang='lat' dir='ltr'>T.</span> <span class='ocrx_word' id='word_1_386' title='bbox 519 3645 589 3714; x_wconf 80' lang='lat' dir='ltr'>VII,</span> <span class='ocrx_word' id='word_1_387' title='bbox 607 3643 652 3698; x_wconf 83' lang='lat' dir='ltr'>eol</span> <span class='ocrx_word' id='word_1_388' title='bbox 681 3645 841 3712; x_wconf 81' lang='lat' dir='ltr'>5.‚p.166.</span> 
     </span>
    </p>
   </div>
   <div class='ocr_carea' id='block_1_3' title="bbox 348 3781 1594 4458">
    <p class='ocr_par' dir='ltr' id='par_1_5' title="bbox 348 3781 1594 4370">
     <span class='ocr_line' id='line_1_38' title="bbox 403 3781 1593 3852; baseline -0.003 -13"><span class='ocrx_word' id='word_1_389' title='bbox 403 3785 464 3840; x_wconf 89' lang='lat' dir='ltr'>LV.</span> <span class='ocrx_word' id='word_1_390' title='bbox 484 3786 517 3840; x_wconf 77' lang='lat' dir='ltr'>A.</span> <span class='ocrx_word' id='word_1_391' title='bbox 534 3787 608 3840; x_wconf 74' lang='lat'>1205.</span> <span class='ocrx_word' id='word_1_392' title='bbox 630 3781 794 3838; x_wconf 77' lang='lat' dir='ltr'>Zellovellus</span> <span class='ocrx_word' id='word_1_393' title='bbox 812 3782 857 3838; x_wconf 87' lang='lat' dir='ltr'>dei</span> <span class='ocrx_word' id='word_1_394' title='bbox 876 3791 903 3837; x_wconf 89' lang='lat' dir='ltr'>et</span> <span class='ocrx_word' id='word_1_395' title='bbox 921 3783 999 3838; x_wconf 87' lang='lat' dir='ltr'>ducis</span> <span class='ocrx_word' id='word_1_396' title='bbox 1018 3783 1199 3838; x_wconf 86' lang='lat' dir='ltr'>Venetiamm</span> <span class='ocrx_word' id='word_1_397' title='bbox 1217 3784 1306 3852; x_wconf 84' lang='lat' dir='ltr'>gratia</span> <span class='ocrx_word' id='word_1_398' title='bbox 1324 3799 1416 3839; x_wconf 88' lang='lat' dir='ltr'>comes</span> <span class='ocrx_word' id='word_1_399' title='bbox 1435 3783 1593 3852; x_wconf 73' lang='lat' dir='ltr'>tagosensis</span> 
     </span>
     <span class='ocr_line' id='line_1_39' title="bbox 353 3869 1593 3940; baseline -0.003 -14"><span class='ocrx_word' id='word_1_400' title='bbox 353 3873 447 3927; x_wconf 89' lang='lat' dir='ltr'>scribit</span> <span class='ocrx_word' id='word_1_401' title='bbox 467 3871 603 3927; x_wconf 83' lang='lat' dir='ltr'>Vechnno</span> <span class='ocrx_word' id='word_1_402' title='bbox 628 3870 779 3940; x_wconf 83' lang='lat' dir='ltr'>spalatensi</span> <span class='ocrx_word' id='word_1_403' title='bbox 803 3870 934 3940; x_wconf 85' lang='lat' dir='ltr'>potestati</span> <span class='ocrx_word' id='word_1_404' title='bbox 959 3875 986 3923; x_wconf 90' lang='lat' dir='ltr'>et</span> <span class='ocrx_word' id='word_1_405' title='bbox 1004 3870 1168 3938; x_wconf 75' lang='lat' dir='ltr'>uaguaensi</span> <span class='ocrx_word' id='word_1_406' title='bbox 1193 3870 1286 3924; x_wconf 88' lang='lat' dir='ltr'>comiti</span> <span class='ocrx_word' id='word_1_407' title='bbox 1308 3875 1336 3924; x_wconf 88' lang='lat' dir='ltr'>et</span> <span class='ocrx_word' id='word_1_408' title='bbox 1357 3869 1497 3924; x_wconf 86' lang='lat' dir='ltr'>nobilibus</span> <span class='ocrx_word' id='word_1_409' title='bbox 1522 3870 1593 3924; x_wconf 87' lang='lat' dir='ltr'>elus-</span> 
     </span>
     <span class='ocr_line' id='line_1_40' title="bbox 353 3955 1593 4027; baseline -0.004 -14"><span class='ocrx_word' id='word_1_410' title='bbox 353 3961 415 4014; x_wconf 89' lang='lat' dir='ltr'>dem</span> <span class='ocrx_word' id='word_1_411' title='bbox 428 3957 558 4013; x_wconf 81' lang='lat' dir='ltr'>civitatis:</span> <span class='ocrx_word' id='word_1_412' title='bbox 577 3957 710 4027; x_wconf 84' lang='lat' dir='ltr'>quoniam</span> <span class='ocrx_word' id='word_1_413' title='bbox 721 3955 812 4010; x_wconf 89' lang='lat' dir='ltr'>Judas</span> <span class='ocrx_word' id='word_1_414' title='bbox 832 3955 896 4011; x_wconf 78' lang='lat' dir='ltr'>oIIm</span> <span class='ocrx_word' id='word_1_415' title='bbox 915 3958 1072 4026; x_wconf 82' lang='lat' dir='ltr'>ragusoneis</span> <span class='ocrx_word' id='word_1_416' title='bbox 1091 3972 1183 4010; x_wconf 86' lang='lat' dir='ltr'>comes</span> <span class='ocrx_word' id='word_1_417' title='bbox 1202 3973 1253 4011; x_wconf 88' lang='lat' dir='ltr'>nec</span> <span class='ocrx_word' id='word_1_418' title='bbox 1271 3957 1331 4023; x_wconf 89' lang='lat' dir='ltr'>illis,</span> <span class='ocrx_word' id='word_1_419' title='bbox 1351 3973 1402 4011; x_wconf 88' lang='lat' dir='ltr'>nec</span> <span class='ocrx_word' id='word_1_420' title='bbox 1417 3957 1474 4010; x_wconf 90' lang='lat' dir='ltr'>suis</span> <span class='ocrx_word' id='word_1_421' title='bbox 1487 3955 1593 4011; x_wconf 84' lang='lat' dir='ltr'>civibus</span> 
     </span>
     <span class='ocr_line' id='line_1_41' title="bbox 348 4041 1592 4116; baseline -0.003 -16"><span class='ocrx_word' id='word_1_422' title='bbox 348 4046 485 4116; x_wconf 87' lang='lat' dir='ltr'>justitiam</span> <span class='ocrx_word' id='word_1_423' title='bbox 502 4044 593 4098; x_wconf 82' lang='lat' dir='ltr'>iacere</span> <span class='ocrx_word' id='word_1_424' title='bbox 611 4043 705 4108; x_wconf 85' lang='lat' dir='ltr'>voluit,</span> <span class='ocrx_word' id='word_1_425' title='bbox 725 4049 752 4096; x_wconf 90' lang='lat' dir='ltr'>et</span> <span class='ocrx_word' id='word_1_426' title='bbox 769 4041 832 4096; x_wconf 90' lang='lat' dir='ltr'>ideo</span> <span class='ocrx_word' id='word_1_427' title='bbox 850 4042 986 4096; x_wconf 88' lang='lat' dir='ltr'>dissensio</span> <span class='ocrx_word' id='word_1_428' title='bbox 1005 4043 1076 4096; x_wconf 90' lang='lat' dir='ltr'>inter</span> <span class='ocrx_word' id='word_1_429' title='bbox 1094 4057 1142 4098; x_wconf 88' lang='lat' dir='ltr'>eos</span> <span class='ocrx_word' id='word_1_430' title='bbox 1160 4043 1188 4096; x_wconf 82' lang='lat' dir='ltr'>ln</span> <span class='ocrx_word' id='word_1_431' title='bbox 1207 4042 1267 4097; x_wconf 87' lang='lat' dir='ltr'>dies</span> <span class='ocrx_word' id='word_1_432' title='bbox 1286 4043 1433 4108; x_wconf 87' lang='lat' dir='ltr'>crescebat,</span> <span class='ocrx_word' id='word_1_433' title='bbox 1452 4059 1527 4096; x_wconf 91' lang='lat' dir='ltr'>nunc</span> <span class='ocrx_word' id='word_1_434' title='bbox 1544 4057 1592 4096; x_wconf 90' lang='lat' dir='ltr'>au·</span> 
     </span>
     <span class='ocr_line' id='line_1_42' title="bbox 353 4127 1594 4200; baseline -0.002 -15"><span class='ocrx_word' id='word_1_435' title='bbox 353 4137 415 4196; x_wconf 91' lang='lat' dir='ltr'>tem,</span> <span class='ocrx_word' id='word_1_436' title='bbox 435 4131 500 4200; x_wconf 87' lang='lat' dir='ltr'>quia</span> <span class='ocrx_word' id='word_1_437' title='bbox 518 4129 613 4184; x_wconf 84' lang='lat' dir='ltr'>civitas</span> <span class='ocrx_word' id='word_1_438' title='bbox 632 4129 790 4198; x_wconf 80' lang='lat' dir='ltr'>ragusensis</span> <span class='ocrx_word' id='word_1_439' title='bbox 809 4128 844 4182; x_wconf 89' lang='lat' dir='ltr'>de</span> <span class='ocrx_word' id='word_1_440' title='bbox 859 4127 1014 4183; x_wconf 88' lang='lat' dir='ltr'>confinibus</span> <span class='ocrx_word' id='word_1_441' title='bbox 1025 4127 1208 4184; x_wconf 87' lang='lat' dir='ltr'>Venetiarum</span> <span class='ocrx_word' id='word_1_442' title='bbox 1225 4127 1310 4184; x_wconf 89' lang='lat' dir='ltr'>habet</span> <span class='ocrx_word' id='word_1_443' title='bbox 1323 4129 1478 4196; x_wconf 81' lang='lat' dir='ltr'>(comitem),</span> <span class='ocrx_word' id='word_1_444' title='bbox 1496 4127 1594 4182; x_wconf 83' lang='lat' dir='ltr'>volunt</span> 
     </span>
     <span class='ocr_line' id='line_1_43' title="bbox 353 4213 1593 4286; baseline -0.002 -15"><span class='ocrx_word' id='word_1_445' title='bbox 353 4225 384 4271; x_wconf 91' lang='lat' dir='ltr'>ut</span> <span class='ocrx_word' id='word_1_446' title='bbox 401 4217 474 4270; x_wconf 88' lang='lat' dir='ltr'>mala</span> <span class='ocrx_word' id='word_1_447' title='bbox 493 4217 585 4272; x_wconf 87' lang='lat' dir='ltr'>omnia</span> <span class='ocrx_word' id='word_1_448' title='bbox 603 4233 674 4286; x_wconf 86' lang='lat' dir='ltr'>quae</span> <span class='ocrx_word' id='word_1_449' title='bbox 692 4233 781 4286; x_wconf 90' lang='lat' dir='ltr'>usque</span> <span class='ocrx_word' id='word_1_450' title='bbox 804 4232 878 4270; x_wconf 87' lang='lat' dir='ltr'>nunc</span> <span class='ocrx_word' id='word_1_451' title='bbox 896 4221 958 4270; x_wconf 89' lang='lat' dir='ltr'>acta</span> <span class='ocrx_word' id='word_1_452' title='bbox 975 4220 1047 4281; x_wconf 90' lang='lat' dir='ltr'>sunt,</span> <span class='ocrx_word' id='word_1_453' title='bbox 1070 4213 1241 4286; x_wconf 81' lang='lat' dir='ltr'>extirpentur</span> <span class='ocrx_word' id='word_1_454' title='bbox 1259 4222 1286 4270; x_wconf 88' lang='lat' dir='ltr'>et</span> <span class='ocrx_word' id='word_1_455' title='bbox 1303 4217 1386 4286; x_wconf 88' lang='lat' dir='ltr'>plena</span> <span class='ocrx_word' id='word_1_456' title='bbox 1400 4215 1508 4285; x_wconf 87' lang='lat' dir='ltr'>justitia</span> <span class='ocrx_word' id='word_1_457' title='bbox 1526 4213 1593 4268; x_wconf 86' lang='lat' dir='ltr'>invi·</span> 
     </span>
     <span class='ocr_line' id='line_1_44' title="bbox 352 4301 1217 4370; baseline -0.002 -12"><span class='ocrx_word' id='word_1_458' title='bbox 352 4320 412 4358; x_wconf 87' lang='lat' dir='ltr'>cem</span> <span class='ocrx_word' id='word_1_459' title='bbox 429 4301 643 4370; x_wconf 85' lang='lat' dir='ltr'>administretur,</span> <span class='ocrx_word' id='word_1_460' title='bbox 662 4307 693 4356; x_wconf 90' lang='lat' dir='ltr'>ut</span> <span class='ocrx_word' id='word_1_461' title='bbox 710 4303 781 4358; x_wconf 86' lang='lat' dir='ltr'>iuter</span> <span class='ocrx_word' id='word_1_462' title='bbox 799 4302 897 4356; x_wconf 84' lang='lat' dir='ltr'>fratres</span> <span class='ocrx_word' id='word_1_463' title='bbox 916 4307 943 4356; x_wconf 93' lang='lat' dir='ltr'>et</span> <span class='ocrx_word' id='word_1_464' title='bbox 961 4301 1063 4356; x_wconf 85' lang='lat' dir='ltr'>amicos</span> <span class='ocrx_word' id='word_1_465' title='bbox 1082 4303 1217 4357; x_wconf 86' lang='lat' dir='ltr'>convenit.</span> 
     </span>
    </p>

    <p class='ocr_par' dir='ltr' id='par_1_6' title="bbox 406 4387 1186 4458">
     <span class='ocr_line' id='line_1_45' title="bbox 406 4387 1186 4458; baseline -0.004 -13"><span class='ocrx_word' id='word_1_466' title='bbox 406 4389 547 4445; x_wconf 67' lang='lat' dir='ltr'>camara.-</span> <span class='ocrx_word' id='word_1_467' title='bbox 565 4387 698 4444; x_wconf 77' lang='lat' dir='ltr'>Arclrivto</span> <span class='ocrx_word' id='word_1_468' title='bbox 716 4387 874 4458; x_wconf 79' lang='lat' dir='ltr'>capitulare</span> <span class='ocrx_word' id='word_1_469' title='bbox 893 4387 1069 4456; x_wconf 73' lang='lat' dir='ltr'>dispalato.</span> <span class='ocrx_word' id='word_1_470' title='bbox 1088 4387 1121 4442; x_wconf 91' lang='lat' dir='ltr'>P.</span> <span class='ocrx_word' id='word_1_471' title='bbox 1144 4393 1186 4442; x_wconf 86' lang='lat'>73.</span> 
     </span>
    </p>
   </div>
   <div class='ocr_carea' id='block_1_4' title="bbox 353 4525 1593 4685">
    <p class='ocr_par' dir='ltr' id='par_1_7' title="bbox 353 4525 1593 4685">
     <span class='ocr_line' id='line_1_46' title="bbox 387 4525 1593 4597; baseline -0.006 -13"><span class='ocrx_word' id='word_1_472' title='bbox 387 4529 462 4584; x_wconf 86' lang='lat' dir='ltr'>LVI.</span> <span class='ocrx_word' id='word_1_473' title='bbox 484 4529 519 4584; x_wconf 80' lang='lat' dir='ltr'>A.</span> <span class='ocrx_word' id='word_1_474' title='bbox 537 4531 617 4581; x_wconf 80' lang='lat'>1205.</span> <span class='ocrx_word' id='word_1_475' title='bbox 641 4527 767 4582; x_wconf 82' lang='lat' dir='ltr'>Andreas</span> <span class='ocrx_word' id='word_1_476' title='bbox 791 4541 840 4581; x_wconf 84' lang='lat' dir='ltr'>rex</span> <span class='ocrx_word' id='word_1_477' title='bbox 864 4526 980 4580; x_wconf 91' lang='lat' dir='ltr'>contulit</span> <span class='ocrx_word' id='word_1_478' title='bbox 1004 4541 1054 4597; x_wconf 89' lang='lat' dir='ltr'>pro</span> <span class='ocrx_word' id='word_1_479' title='bbox 1078 4525 1171 4579; x_wconf 88' lang='lat' dir='ltr'>anima</span> <span class='ocrx_word' id='word_1_480' title='bbox 1194 4541 1246 4580; x_wconf 85' lang='lat' dir='ltr'>sua</span> <span class='ocrx_word' id='word_1_481' title='bbox 1263 4531 1292 4580; x_wconf 89' lang='lat' dir='ltr'>et</span> <span class='ocrx_word' id='word_1_482' title='bbox 1308 4525 1352 4579; x_wconf 91' lang='lat' dir='ltr'>dei</span> <span class='ocrx_word' id='word_1_483' title='bbox 1371 4525 1473 4579; x_wconf 83' lang='lat' dir='ltr'>iutuitu</span> <span class='ocrx_word' id='word_1_484' title='bbox 1491 4530 1593 4578; x_wconf 87' lang='lat' dir='ltr'>terram</span> 
     </span>
     <span class='ocr_line' id='line_1_47' title="bbox 353 4612 1593 4685; baseline -0.006 -14"><span class='ocrx_word' id='word_1_485' title='bbox 353 4616 428 4672; x_wconf 85' lang='lat' dir='ltr'>Gora</span> <span class='ocrx_word' id='word_1_486' title='bbox 446 4629 510 4671; x_wconf 90' lang='lat' dir='ltr'>cum</span> <span class='ocrx_word' id='word_1_487' title='bbox 528 4615 655 4670; x_wconf 89' lang='lat' dir='ltr'>omnibus</span> <span class='ocrx_word' id='word_1_488' title='bbox 674 4614 731 4669; x_wconf 88' lang='lat' dir='ltr'>suis</span> <span class='ocrx_word' id='word_1_489' title='bbox 750 4614 929 4685; x_wconf 86' lang='lat' dir='ltr'>pertiuentiis,</span> <span class='ocrx_word' id='word_1_490' title='bbox 949 4626 981 4669; x_wconf 90' lang='lat' dir='ltr'>eo</span> <span class='ocrx_word' id='word_1_491' title='bbox 996 4613 1059 4683; x_wconf 85' lang='lat' dir='ltr'>jure</span> <span class='ocrx_word' id='word_1_492' title='bbox 1072 4618 1100 4668; x_wconf 90' lang='lat' dir='ltr'>et</span> <span class='ocrx_word' id='word_1_493' title='bbox 1111 4627 1145 4667; x_wconf 86' lang='lat' dir='ltr'>ea</span> <span class='ocrx_word' id='word_1_494' title='bbox 1162 4612 1295 4678; x_wconf 83' lang='lat' dir='ltr'>libertate,</span> <span class='ocrx_word' id='word_1_495' title='bbox 1314 4627 1370 4682; x_wconf 87' lang='lat' dir='ltr'>qua</span> <span class='ocrx_word' id='word_1_496' title='bbox 1389 4627 1450 4666; x_wconf 85' lang='lat' dir='ltr'>earn</span> <span class='ocrx_word' id='word_1_497' title='bbox 1467 4617 1593 4680; x_wconf 89' lang='lat' dir='ltr'>tempore</span> 
     </span>
    </p>
   </div>
   <div class='ocr_carea' id='block_1_5' title="bbox 1721 491 1749 667">
    <p class='ocr_par' dir='ltr' id='par_1_8' title="bbox 1721 491 1749 667">
     <span class='ocr_line' id='line_1_48' title="bbox 1721 491 1737 538; baseline 0 -6"><span class='ocrx_word' id='word_1_498' title='bbox 1721 491 1737 538; x_wconf 59' lang='lat' dir='ltr'>t:</span> 
     </span>
     <span class='ocr_line' id='line_1_49' title="bbox 1734 633 1749 667; baseline 0 -11"><span class='ocrx_word' id='word_1_499' title='bbox 1734 633 1749 667; x_wconf 53' lang='lat' dir='ltr'>q</span> 
     </span>
    </p>
   </div>
   <div class='ocr_carea' id='block_1_6' title="bbox 1730 793 1749 824">
    <p class='ocr_par' dir='ltr' id='par_1_9' title="bbox 1730 793 1749 824">
     <span class='ocr_line' id='line_1_50' title="bbox 1730 793 1749 824; baseline 0 -18"><span class='ocrx_word' id='word_1_500' title='bbox 1730 793 1749 824; x_wconf 47' lang='lat' dir='ltr'><strong><em>r</em></strong></span> 
     </span>
    </p>
   </div>
   <div class='ocr_carea' id='block_1_7' title="bbox 1740 1415 1760 2298">
    <p class='ocr_par' dir='ltr' id='par_1_10' title="bbox 1727 1233 1760 2298">
     <span class='ocr_line' id='line_1_51' title="bbox 1742 1415 1760 1562; baseline 0 0"><span class='ocrx_word' id='word_1_501' title='bbox 1742 1415 1760 1562; x_wconf 87' lang='lat' dir='ltr'>l</span> 
     </span>
     <span class='ocr_line' id='line_1_52' title="bbox 1740 1837 1760 2298; baseline 0 0"><span class='ocrx_word' id='word_1_502' title='bbox 1740 1837 1760 2298; x_wconf 58' lang='lat'>‘2</span> 
     </span>
    </p>
   </div>
   <div class='ocr_carea' id='block_1_8' title="bbox 0 0 1776 5344">
    <p class='ocr_par' dir='ltr' id='par_1_11' title="bbox 0 0 1776 5344">
     <span class='ocr_line' id='line_1_53' title="bbox 0 0 1776 5344; baseline 0 0"><span class='ocrx_word' id='word_1_503' title='bbox 0 0 1776 5344; x_wconf 95' lang='lat' dir='ltr'> </span> 
     </span>
    </p>
   </div>
  </div>
 </body>
</html>
