3544 5344
733 405 880 445 resonare.
1389 381 1430 444 73

179 571 284 626 donem
311 577 339 624 et
362 569 490 624 assiduos
514 569 632 636 labores,
655 569 841 624 necessarium
865 568 976 624 duxerit
994 585 1091 624 omnes
1108 568 1277 640 templarios,
1296 569 1343 640 qui
1361 571 1434 624 inira

179 659 315 714 ducatum
335 674 417 712 suum
436 657 584 713 Slavoniae
609 663 674 711 sunt
697 663 726 712 et
747 658 880 712 terminos
899 673 995 711 eorum
1013 663 1070 712 tam
1095 657 1123 712 in
1141 657 1283 712 Dalmatia
1301 675 1386 728 quam
1403 659 1431 712 iu

179 747 296 802 Oroatia
314 751 342 802 et
360 745 453 800 omnia
471 745 623 800 eorundem
642 745 716 801 bona
734 745 848 800 mobilia
866 751 893 800 et
910 744 1062 800 immobilia
1074 749 1170 800 contra
1183 745 1334 815 quemlibet
1345 746 1433 800 homi·

179 849 247 888 nem
265 832 369 902 ubique
388 839 540 902 protegere,
565 839 597 886 ut
619 833 705 901 regali
730 831 820 902 gratia
839 831 928 886 securi
952 831 1101 901 tranquilla
1125 848 1194 902 pace
1213 830 1324 885 Christo
1343 831 1435 886 deser·

179 921 266 976 viarm
286 919 438 974 Constituit
455 919 559 988 itaque,
578 925 610 972 ut
627 918 721 973 nullus
738 918 805 984 dux,
824 918 918 973 nullus
931 919 1028 984 banus,
1049 919 1142 973 nullus
1161 934 1254 974 comes
1267 919 1310 972 vel
1322 918 1433 972 baiulus

179 1025 234 1062 nec
253 1007 353 1077 aliquis
372 1005 443 1060 ahos
461 1007 488 1060 in
508 1005 612 1062 ducatu
631 1005 786 1072 Slavoniae,
806 1005 979 1072 descensum,
998 1006 1042 1060 vel
1059 1005 1202 1072 tributum,
1221 1006 1374 1072 collectam,
1390 1006 1434 1059 vel

179 1095 284 1150 liberos
302 1093 431 1150 denarios
456 1093 513 1148 sive
536 1094 710 1160 marturinae,
736 1094 780 1148 vel
804 1092 933 1148 denarios
958 1092 1098 1164 ponderis,
1123 1093 1166 1148 vel
1190 1093 1334 1148 hominum
1360 1109 1433 1147 com-

180 1189 283 1254 putum
302 1183 345 1238 vel
363 1183 536 1236 exactionem
564 1181 693 1250 aliquam,
719 1197 736 1235 a
762 1179 894 1234 iratribus
918 1181 963 1235 sel
980 1181 1040 1234 eius
1056 1180 1255 1251 jobagionibus
1274 1186 1434 1252 praesumat

179 1271 301 1339 exigere.
321 1268 475 1322 Confirmat
492 1267 545 1322 illis
565 1283 660 1323 omnes
685 1267 846 1322 collationes
865 1267 1111 1339 praedecessorum
1129 1284 1242 1322 snorum
1261 1285 1358 1340 regum
1377 1268 1434 1322 sive

179 1358 286 1412 dueum
305 1356 461 1412 Slavoniae.
479 1355 599 1426 Insuper
617 1371 681 1410 cum
698 1353 782 1409 iidem
801 1355 899 1409 fratres
926 1355 1031 1410 litteras
1050 1355 1217 1425 apostolicas
1236 1353 1272 1410 ad
1291 1355 1326 1408 V.
1346 1355 1432 1410 arehi-

179 1441 1433 1516 episcopumcolocenses,BartholomaeumquinqueecclesiensemetS(tephannm)aagra·

179 1531 307 1586 biensem
326 1531 472 1602 episcopos
489 1529 680 1597 obtinuissent,
699 1529 748 1599 qui
773 1529 891 1584 eumad
910 1529 1017 1584 ablatas
1037 1531 1229 1601 possessiones
1248 1529 1432 1586 restituendas

179 1635 310 1674 coercere
329 1616 498 1684 debuissent,
511 1616 557 1671 ille
570 1633 666 1687 pacem
678 1616 773 1671 litibus
786 1633 969 1688 praeponens,
986 1618 1026 1672 eis
1044 1618 1137 1672 omnia
1150 1617 1243 1671 ablata
1255 1617 1283 1672 in
1295 1617 1432 1686 integrum

179 1706 290 1761 restitui
309 1705 437 1760 decrerit.
456 1704 561 1758 Datum
580 1721 630 1775 per
647 1721 747 1758 manus
765 1703 888 1759 Furcasii
907 1705 1040 1775 agriensis
1058 1704 1211 1776 praepositi
1230 1709 1257 1760 et
1270 1704 1351 1758 atriae
1363 1721 1431 1759 suae

180 1793 350 1850 cancellarii.
720 1789 726 1798 '

239 1881 374 1935 lhaaer:
392 1879 470 1934 Mea.
490 1879 553 1934 hist.
573 1879 738 1950 liutpert.
761 1879 789 1934 T.
808 1880 878 1949 Lp.
899 1883 942 1933 97.

238 1973 372 2040 ccum?
384 1986 519 2057 Raqusii,
537 1989 579 2041 15.
598 1985 762 2040 Noverabris
779 1989 855 2039 1231.
874 1985 909 2039 In
927 1984 1055 2040 ordinata
1072 1987 1155 2051 curia,
1175 2003 1239 2041 cum
1256 1986 1349 2040 sonitu
1361 2001 1433 2040 eam·

180 2091 282 2146 panae,
301 2073 329 2127 in
348 2073 504 2144 praesentia
523 2071 548 2126 d.
567 2071 686 2127 Joannis
704 2071 828 2126 Danduli
846 2071 940 2126 militis
958 2072 1075 2142 Ragusii
1087 2073 1203 2138 eouritis,
1223 2077 1250 2127 et
1262 2089 1356 2128 eoram
1369 2072 1433 2126 suh

181 2161 295 2232 scriptis
314 2159 430 2214 testibus
449 2175 541 2214 eomes
561 2159 659 2213 Helias
678 2158 751 2214 filius
770 2158 937 2224 Grubessae,
961 2159 1102 2230 quondam
1121 2160 1237 2226 comitis,
1257 2159 1434 2214 concordavit

180 2265 249 2304 curn
274 2247 413 2302 communi
438 2247 553 2316 Ragusii
576 2245 612 2300 de
639 2245 769 2300 omnibus
794 2247 851 2300 suis
875 2246 967 2302 causis
994 2253 1022 2301 et
1046 2263 1160 2302 suorum
1185 2247 1336 2312 hominurn,
1362 2263 1433 2316 quas

180 2335 310 2391 tulerunt
327 2335 355 2388 in
375 2333 494 2388 Corcira.
513 2333 610 2388 Testes
629 2340 708 2388 sunt:
727 2350 819 2388 eomes
846 2333 994 2403 Dragenus
1019 2334 1054 2390 de
1079 2333 1209 2400 Almisso,
1234 2335 1324 2390 Boreo
1345 2333 1433 2403 judex

179 2423 220 2480 de
239 2423 338 2487 Clissa,
355 2421 481 2476 Joannes
500 2420 656 2487 Gundulae,
676 2420 826 2475 Gervaeins
845 2422 954 2488 Marini,
974 2421 1100 2476 Andreas
1113 2422 1265 2476 Dabranae
1278 2427 1305 2475 et
1317 2421 1433 2475 Babona

180 2511 268 2576 Petri,
283 2509 369 2581 jurati
390 2507 499 2580 judices
524 2515 551 2563 et
575 2510 673 2563 Petrus
697 2509 863 2564 Ballislavae
887 2517 915 2564 et
933 2509 1088 2564 Damianos
1106 2510 1240 2566 Bacinolli
1264 2514 1291 2563 et
1311 2509 1433 2562 Thomas
1453 2573 1459 2584 ⁸

179 2601 299 2664 Pezane,
318 2596 466 2652 consiliarii
485 2601 512 2650 et
530 2597 628 2651 Petrus
648 2596 731 2662 Ziela,
750 2603 778 2652 et
796 2597 931 2668 presbiter
949 2597 1088 2668 paschalis
1105 2599 1214 2668 juratus
1232 2597 1357 2652 notarius
1376 2614 1433 2666 qua

181 2686 311 2757 scriptor.

237 2770 417 2895 {epelpine
436 2771 529 2826 aulico
546 2770 676 2826 eatena.
698 2772 770 2826 Acta
789 2787 935 2842 rapotone
953 2788 996 2826 nr.
1018 2777 1078 2828 962.
1098 2772 1212 2838 Ljahic‘:
1233 2773 1302 2827 Mon
1324 2771 1433 2826 Slater.

181 2859 254 2898 sem
275 2881 281 2894 .
316 2883 324 2910 ‚
381 2880 386 2890 .

238 2927 362 2983 COLIV.
382 2927 506 2998 Spalati,
527 2931 558 2981 15
589 2927 715 2982 Octobris
733 2929 858 2996 1231.(,)
883 2928 1068 2998 Temporibus
1087 2928 1215 2984 Guncelli
1233 2929 1433 2999 archiepiscopi

180 3017 358 3089 spalatensis,
378 3014 505 3085 Gregorii
523 3014 568 3080 (de
592 3015 725 3082 Briberio)
750 3015 865 3081 comitis,
885 3015 1021 3086 Stephani
1045 3016 1137 3070 euriae
1156 3016 1257 3082 vicarii,
1366 3017 1434 3069 inna

179 3104 280 3160 relicta
299 3103 401 3159 Gaudii
420 3102 556 3158 concessit
574 3102 647 3158 filiae
665 3120 733 3157 suae
752 3102 893 3158 Chatenae
912 3103 1065 3158 monachae
1083 3110 1176 3158 tenere
1196 3103 1317 3158 burnum
1335 3104 1363 3156 in
1376 3104 1433 3157 vita

180 3209 244 3258 sua,
264 3196 464 3262 postmortem
487 3195 580 3243 autem
606 3190 665 3243 eius
691 3189 766 3244 vadit
790 3190 817 3243 in
836 3190 1032 3260 proprietatem
1052 3191 1195 3244 ambarum
1214 3207 1340 3246 sororum
1364 3191 1432 3255 eius,

180 3279 282 3334 Motae
301 3285 328 3333 et
347 3277 454 3334 Slavae.
473 3278 650 3331 Praesentes:
676 3277 828 3348 praesbiter
846 3277 923 3344 Ivan,
945 3277 1037 3342 Jurra,
1057 3278 1178 3333 Mathias
1197 3279 1295 3333 etalii.
1315 3277 1433 3348 Scripsit

180 3366 311 3422 notarius
330 3366 438 3420 comitis
458 3364 599 3434 Choas(?).

240 3453 289 3508 Ea
307 3452 420 3507 archivo
438 3452 605 3507 renutabam
622 3467 643 3505 a.
664 3451 777 3506 Mariae
795 3452 926 3507 Joderae.

239 3538 348 3594 CCLV.
367 3541 394 3592 Α
419 3542 496 3592 1231.
516 3538 686 3594 Colomanus
711 3555 760 3593 rex
783 3545 811 3593 et
828 3539 886 3594 dux
911 3540 996 3595 totius
1015 3539 1179 3595 Sclaveniae
1197 3539 1323 3594 concedit
1340 3539 1434 3610 hospi·

180 3627 260 3682 tibus
282 3625 366 3695 juxta
393 3631 513 3680 castrum
540 3625 666 3690 Vollrow,
695 3625 854 3680 Teutonicis
882 3626 1009 3680 videlicet
1036 3626 1204 3692 Senonibus,
1233 3626 1378 3695 Hungaria
1407 3631 1435 3682 et

182 3714 300 3780 Selenis,
325 3713 408 3767 talem
432 3713 594 3779 libertatem,
620 3719 651 3767 ut
676 3729 787 3767 omnem
811 3731 933 3779 eausam,
963 3720 1071 3784 praeter
1095 3714 1258 3768 effusionem
1284 3713 1434 3783 sanguinis,

180 3801 275 3870 major
298 3801 379 3855 villae
403 3817 506 3866 eorum,
532 3817 614 3870 quem
642 3799 752 3870 ipsimet
770 3801 958 3870 exposuerint,
977 3800 1100 3858 iudicare
1118 3807 1252 3867 teneatur,
1272 3801 1434 3855 effusionem

181 3895 279 3945 antem
298 3889 441 3957 sanguinis
460 3906 522 3943 cum
538 3887 660 3959 janitore
684 3888 766 3942 castri
786 3890 874 3958 possit
888 3888 1023 3958 judicare.
1049 3891 1144 3956 Porro,
1163 3888 1238 3960 quod
1257 3888 1292 3944 de
1311 3889 1435 3958 qualibet

183 3983 267 4048 porta
284 3975 430 4032 dimidium
448 3975 582 4030 fertonem
601 3975 667 4030 dare
685 3981 839 4030 teneantur.
855 3976 927 4030 item
940 3977 962 4028 si
976 3977 1038 4046 quis
1051 3977 1109 4030 eine
1121 3976 1288 4031 haeredibus
1300 3975 1434 4030 decedere

183 4063 340 4133 contigerit,
360 4063 506 4133 pecuniam
525 4079 605 4117 suam
617 4063 782 4132 cuicumque
795 4063 876 4118 vellet
888 4064 977 4134 possit
989 4061 1137 4134 disponere
1159 4064 1239 4128 Item,
1253 4063 1328 4134 quod
1341 4064 1435 4118 nullus

183 4150 293 4220 absque
312 4151 382 4204 serie
396 4149 494 4219 judicii
513 4149 548 4203 de
567 4149 631 4203 villa
649 4167 747 4204 eorum
764 4150 882 4220 ligatum
900 4157 949 4205 aut
967 4152 1090 4205 vinctum
1109 4153 1197 4222 possit
1215 4151 1375 4222 quempiam
1388 4169 1434 4205 ex-

182 4236 308 4302 trahere;
327 4235 393 4290 item
411 4237 526 4290 contulit
545 4235 597 4290 illis
616 4253 665 4290 rer
683 4241 786 4291 terram
803 4237 834 4291 T.
854 4244 882 4292 et
899 4237 1055 4292 libertatem
1073 4237 1197 4308 piscandi
1218 4238 1244 4291 in
1258 4237 1392 4292 Danubio
1406 4245 1435 4292 et

183 4323 271 4378 fluvio
288 4323 422 4390 Wallrou,
442 4323 622 4393 conceditque
642 4323 692 4393 jus
711 4323 813 4379 liberae
837 4326 1034 4394 emigrationis.
1057 4325 1253 4380 Praesentibus
1278 4325 1435 4395 jobagioni-

183 4411 254 4466 bus:
272 4409 340 4464 Jula
358 4410 439 4478 bano,
458 4411 571 4482 filioque
590 4411 650 4481 ejus
669 4411 755 4466 altero
773 4411 848 4478 Jula,
867 4412 1000 4481 magistro
1022 4413 1224 4467 tavemieorum
1243 4428 1365 4478 suorum,
1385 4411 1434 4464 Ni·

183 4498 266 4554 colao
284 4496 319 4552 de
337 4497 412 4564 Zala,
431 4498 503 4569 Opoi
521 4497 557 4552 de
575 4498 670 4568 Simig,
695 4499 778 4554 Petro
802 4499 837 4553 de
862 4500 994 4566 Walkow,
1017 4499 1138 4569 Georgio
1157 4499 1193 4554 de
1212 4499 1329 4564 Barana,
1349 4501 1433 4554 comi·

184 4591 263 4640 tatus
280 4583 445 4638 tenentibus.
463 4585 518 4640 Per
535 4601 634 4638 manus
653 4587 776 4655 magistri
795 4587 857 4641 File
875 4587 983 4642 notarii.

241 4671 335 4740 chtr:
356 4671 412 4740 ΙΙΙ,
433 4677 494 4726 237.
