3544 5344
386 374 426 434 86
884 395 905 435 r.
928 383 1127 456 ammonere,

386 563 449 628 post
467 558 573 612 obitum
592 575 673 612 suum
686 558 744 612 vult
755 558 978 628 irrefragabiliter
999 559 1144 613 observari.
1165 560 1273 628 Operae
1287 560 1404 630 pretium
1416 559 1491 614 ducit
1504 560 1624 614 Domino

387 645 597 700 inservientibus
611 647 739 700 universa
751 663 822 715 quae
835 647 958 716 possidet
970 646 1111 715 largiendi,
1122 647 1259 716 adoptans
1269 648 1330 700 loco
1340 647 1490 700 carnalium
1501 647 1626 713 liliorum,

386 733 487 802 quibus
505 739 586 798 caret,
606 733 761 802 spirituales
772 734 850 800 filios,
869 734 954 786 immo
970 738 1070 803 patres,
1089 733 1186 787 fratres
1202 732 1305 788 scilicet
1318 733 1447 798 Minores,
1461 733 1627 802 adquorum

386 820 589 889 receptaculum
608 819 750 873 eeclesiam
769 819 800 872 B.
818 821 854 873 V.
875 821 911 872 M.
930 836 993 874 cum
1012 837 1153 874 murorum
1171 819 1277 874 ambitu
1296 827 1323 874 et
1341 819 1471 874 domibus
1482 820 1625 874 fabricavit

388 923 475 976 prope
493 906 668 976 Tragurium.

437 993 565 1047 Farloti:
585 992 666 1062 illyr.
686 992 763 1048 Sacr.
786 993 814 1046 T.
834 995 851 1045 1
856 992 894 1060 V,
910 1009 939 1061 p.
958 997 1020 1046 338.

439 1113 578 1170 CCXCV.
596 1116 744 1184 Laterani,
764 1118 798 1168 12
826 1115 898 1169 Maii
916 1119 993 1170 1231.
1012 1114 1162 1184 Gregorius
1175 1117 1218 1170 IX
1233 1133 1305 1186 papa
1318 1115 1412 1170 abbati
1434 1123 1461 1170 et
1480 1123 1626 1170 conventui

385 1203 518 1256 honestae
535 1201 614 1257 vallis
632 1201 667 1256 de
680 1202 788 1272 Posega
802 1202 982 1256 cisterciensis
996 1201 1098 1256 ordinis
1113 1203 1253 1272 praecipit,
1268 1210 1298 1256 ut
1311 1202 1345 1256 ad
1358 1203 1496 1272 hospitale
1511 1204 1536 1256 in
1550 1203 1625 1256 terri·

385 1289 456 1345 torio
466 1289 619 1354 Bachiensi,
639 1305 690 1358 pro
709 1289 866 1359 receptione
883 1289 1054 1344 infirmorum
1073 1295 1100 1342 et
1118 1305 1273 1359 pauperum
1285 1289 1321 1343 ab
1333 1289 1540 1360 archiepiscopo
1553 1289 1627 1343 colo-

385 1376 459 1430 censi
484 1381 613 1441 erectum,
639 1375 710 1430 duos
734 1393 881 1430 conversos
900 1393 915 1430 e
933 1377 1099 1430 monasterio
1125 1393 1176 1430 suo
1195 1375 1229 1430 ed
1249 1376 1315 1430 dicti
1333 1377 1479 1454 hospitalis
1495 1377 1625 1445 regimen,

385 1480 448 1518 cum
467 1479 580 1518 necesse
599 1463 688 1529 luerit,
707 1463 902 1517 transmittant.

440 1551 571 1604 liceum:
599 1551 675 1604 Mea.
693 1556 744 1604 ort.
766 1551 857 1619 liano.
881 1553 909 1620 1.,
926 1566 954 1618 p.
974 1553 1030 1606 381.
1057 1551 1149 1617 Fater:
1177 1549 1268 1605 Codes
1291 1550 1359 1618 dipl.
1383 1551 1412 1603 Τ.
1433 1551 1488 1605 ΙΙΙ.
1507 1549 1559 1604 col.
1579 1551 1627 1616 11,

380 1647 412 1705 p.
431 1641 490 1690 381.

438 1757 580 1813 CCXCVI
608 1761 697 1812 Messe
709 1759 797 1812 Jaaio
809 1762 887 1812 1234.
907 1759 1089 1828 Temporibus
1102 1759 1229 1814 Guncelli
1238 1759 1437 1830 archicpiscopi
1453 1759 1626 1829 spalatensis,

385 1845 512 1915 Gregorii
531 1845 646 1911 comitis,
666 1845 772 1900 Dessae
790 1847 899 1916 nepotis
917 1845 1105 1900 Palumbellee
1124 1847 1222 1900 vicarii.
1242 1845 1386 1899 Dabromil
1409 1862 1442 1898 sr.
1457 1845 1580 1899 Celonas
1599 1851 1626 1898 et

385 1933 571 1987 Bonscuterus
589 1949 653 1986 cum
672 1949 723 1986 sua
741 1949 827 1988 uxore
840 1933 928 1986 Persa
945 1933 1068 1987 vendunt
1080 1933 1175 1986 Juriso
1194 1933 1292 1987 elerico
1312 1931 1367 1988 lilio
1387 1932 1529 2004 presbiteri
1542 1931 1625 1984 Vole-

384 2021 448 2074 uine
465 2026 566 2073 terrem
591 2036 670 2073 suam
689 2019 742 2072 sub
760 2019 860 2074 Heilco
884 2020 962 2074 iuxta
986 2019 1102 2090 Spillam
1122 2021 1207 2090 prod
1235 2021 1364 2090 perperis.
1389 2020 1499 2073 Testes:
1525 2017 1625 2072 Siroia-

384 2123 446 2172 nus,
466 2106 576 2159 Marcus
594 2107 702 2174 Lucari,
727 2106 827 2160 Slavco
846 2113 873 2160 et
890 2106 978 2160 Budic
996 2106 1030 2160 de
1051 2106 1158 2160 Heilco.
1179 2105 1321 2160 Cumanus
1340 2106 1517 2161 cancellariae
1537 2105 1626 2176 spala-

387 2193 471 2247 tensis
489 2193 596 2247 iuratus
615 2193 730 2264 scripsit.

437 2281 485 2334 Ex
503 2280 616 2336 archivo
634 2281 711 2335 Mna.
731 2280 756 2335 S,
779 2281 892 2335 Mariae
910 2280 1040 2336 Jaderoe.

436 2401 606 2456 CCXCVII.
633 2405 733 2468 Reate,
762 2403 986 2456 1331131234.
1016 2401 1166 2470 Gregorius
1186 2401 1228 2455 [x
1248 2419 1321 2472 papa
1349 2401 1462 2456 mandat
1487 2403 1619 2473 episcopo

385 2489 553 2558 etmagistro
572 2488 706 2558 Gregorio
725 2489 857 2544 canonico
870 2489 1053 2558 Traguriensi,
1073 2495 1103 2542 ut
1122 2505 1208 2558 quum
1222 2488 1445 2560 archiepiscopus
1464 2489 1624 2559 Ragusinus

383 2581 552 2644 conquestus
570 2577 613 2641 sit,
633 2575 788 2630 Graciensis
806 2583 833 2630 et
850 2577 1047 2632 Drivastiensis
1066 2575 1188 2654 episcopi
1207 2577 1372 2646 suffraganei
1386 2577 1429 2630 sui
1441 2576 1624 2630 obedientiam

384 2669 411 2716 et
433 2662 613 2717 reverentiam
637 2663 690 2716 sibi
714 2661 834 2716 debitam
859 2663 987 2718 exhibere
1006 2663 1150 2732 denegent,
1177 2664 1301 2734 partibus
1329 2664 1486 2717 convocatis
1512 2663 1627 2717 audiant

384 2765 497 2804 causam
516 2755 543 2804 et
561 2749 726 2820 apellatione
744 2755 849 2804 remota
869 2750 922 2804 line
940 2749 1034 2804 debito
1052 2751 1206 2804 terminent.

434 2837 483 2890 Ea
501 2841 675 2906 uaasumpto
694 2837 810 2892 hallerii
823 2838 935 2892 Arctior·
954 2839 1093 2906 Roqusiui
1111 2839 1179 2890 Mae.
1200 2851 1226 2904 p.
1240 2839 1304 2889 379.
1323 2837 1358 2888 Ia
1380 2851 1439 2890 mea
1457 2836 1623 2890 collectione.

436 2956 775 3030 bellovacensem,
795 2963 838 3012 29.
856 2960 931 3015 Julii
949 2963 1026 3014 1231.
1044 2958 1078 3012 In
1097 2958 1252 3028 praeseutia
1271 2957 1413 3012 Michaelis
1436 2958 1558 3027 episcopi
1577 2957 1624 3010 ab

383 3045 502 3098 sarensis
522 3045 631 3100 Michae
643 3051 671 3100 et
683 3045 820 3102 Theodori
834 3046 1065 3117 praesbiterorum
1079 3051 1106 3098 et
1119 3047 1235 3099 aliorum
1247 3045 1396 3098 multorum
1409 3044 1568 3098 clericorum
1577 3045 1596 3097 J
1598 3062 1625 3098 a·

383 3131 524 3186 drcnsium
543 3137 570 3186 et
588 3131 788 3186 Absarensium
806 3132 931 3187 Joannes
945 3133 1169 3202 archiepiscopus
1179 3131 1334 3200 jaderensis
1347 3139 1374 3186 et
1386 3131 1529 3186 Johannes
1546 3131 1624 3186 absa·

345 3277 355 3294 ·
382 3218 470 3272 rensis
483 3217 695 3288 archipresbiter
713 3217 834 3289 delegati
853 3236 950 3290 papae,
970 3219 1161 3288 praesentibus
1173 3219 1296 3287 partibus
1310 3219 1538 3288 archipresbitero
1546 3219 1624 3288 jade-

382 3306 456 3360 rensi
468 3323 502 3360 ex
517 3322 571 3358 una
590 3311 667 3375 parte
691 3312 718 3359 et
736 3306 846 3361 Marino
872 3305 993 3360 Bertaldi
1017 3313 1104 3375 atque
1129 3305 1273 3359 Jochanne
1298 3306 1406 3360 hlicbae
1425 3306 1501 3359 laicis
1520 3305 1624 3359 civibus

382 3391 501 3447 Jaderae
520 3409 554 3446 ex
573 3392 666 3458 altera,
686 3391 813 3447 sedentes
832 3411 882 3463 pro
901 3393 1031 3446 tribunali
1049 3393 1076 3446 in
1097 3398 1184 3462 prato,
1203 3392 1278 3462 quod
1298 3399 1340 3446 est
1358 3393 1428 3446 inter
1447 3393 1575 3448 ecelesias
1601 3409 1621 3445 s.

383 3479 488 3532 Mariae
507 3484 557 3533 ets
575 3479 733 3546 Felicitatis,
755 3479 879 3534 fecerunt
888 3479 996 3534 recitari
1007 3480 1170 3548 rescriptum
1181 3479 1364 3548 apostolicum
1379 3479 1503 3547 Gregorii
1523 3495 1621 3548 papae,

382 3565 409 3618 in
423 3581 479 3633 quo
498 3565 605 3632 dicitur,
625 3567 765 3634 quomodo
775 3567 865 3621 dictus
884 3567 1095 3636 archipresbiter
1101 3563 1189 3636 judex
1199 3583 1250 3619 sua
1261 3567 1392 3636 petitione
1403 3567 1565 3620 monstravit
1574 3565 1623 3620 fal-

382 3667 441 3705 sam
451 3667 512 3705 esse
530 3653 688 3722 quaerelam
707 3653 927 3723 supradictorum
938 3654 1046 3718 civium,
1065 3651 1140 3722 quod
1151 3653 1196 3707 ille
1206 3652 1342 3722 quaedam
1356 3669 1451 3707 eorum
1462 3669 1529 3706 vasa
1539 3669 1622 3706 aurea

383 3743 411 3791 et
428 3743 559 3806 argentea
578 3739 676 3793 furtive
700 3739 890 3809 subripuisset,
915 3741 1048 3809 illumque
1072 3739 1193 3794 indebite
1216 3741 1245 3794 in
1265 3739 1400 3810 judicium
1427 3740 1550 3810 episcopi
1569 3745 1622 3792 tra-

382 3825 518 3893 guriensis
537 3833 705 3880 evocassent.
724 3827 802 3897 Papa
821 3826 934 3881 mandat
952 3827 1031 3880 dictis
1042 3827 1147 3896 legatis,
1167 3833 1199 3880 ut
1216 3828 1356 3896 inquirant
1374 3828 1401 3880 in
1422 3845 1478 3880 rem
1499 3833 1526 3881 et
1539 3843 1622 3896 super

381 3911 431 3964 illo
450 3912 474 3965 ci
493 3913 641 3966 notificent.
666 3912 825 3967 Advocatus
849 3914 1068 3984 archipresbiteri
1093 3913 1193 3968 nobilis
1211 3913 1349 3968 Jurislaus
1374 3914 1440 3968 civis
1458 3911 1617 3966 Jarlerensis

382 3999 518 4068 allegavit,
539 3999 613 4069 quod
633 4001 780 4071 episcopus
799 4002 956 4070 tragurinns
966 4001 1093 4071 publicus
1112 4002 1146 4054 sit
1165 4001 1292 4054 falsarius
1312 4001 1403 4054 bullae
1413 4000 1532 4070 Papalis,
1546 3999 1621 4068 quod

382 4085 418 4138 sit
435 4087 690 4141 excommunicatus
709 4093 737 4141 et
748 4087 840 4142 fautor
858 4089 1066 4154 haereticorum,
1085 4087 1210 4157 adeoque
1230 4087 1297 4141 false
1306 4087 1478 4156 judicaverit,
1499 4093 1529 4139 ut
1547 4085 1621 4138 illius

383 4173 523 4242 possessio
542 4173 566 4227 ei
585 4173 732 4240 auferatur,
751 4173 852 4229 idcirco
871 4176 1021 4246 appellavit
1039 4175 1073 4229 ad
1085 4191 1186 4246 papam
1213 4175 1308 4228 Altera
1326 4191 1390 4244 pars
1408 4173 1532 4238 firmavit,
1546 4171 1621 4240 quod

381 4257 454 4313 dicta
473 4262 612 4330 possessio
631 4261 683 4314 illis
696 4263 823 4331 elegatis
837 4263 982 4332 papalibus
995 4262 1152 4332 adjudicata
1166 4262 1208 4326 sit,
1231 4261 1350 4331 denique
1363 4263 1419 4316 lata
1431 4267 1473 4316 est
1485 4260 1622 4314 sententia
1709 4273 1726 4296 ⁴·

381 4345 410 4398 in
428 4347 646 4402 emolumentum
664 4347 883 4419 archipresbiteri

436 4435 471 4488 Ia
489 4450 549 4489 meo
567 4435 732 4492 collectione.

435 4555 589 4610 CCXCIX.
609 4558 780 4628 Zeqrsbiae,
798 4575 887 4612 mense
905 4559 1070 4628 Septembris
1090 4561 1167 4612 1234.
1189 4557 1357 4612 Colomanus
1376 4573 1423 4611 rex
1434 4564 1461 4611 et
1470 4557 1528 4612 dux
1538 4557 1622 4612 totius

383 4640 529 4696 Slavoniae
553 4649 707 4712 attestatur,
732 4645 871 4715 querelam
891 4651 918 4700 et
936 4645 1104 4700 discordiam
1124 4645 1195 4699 inter
1213 4644 1385 4698 abbatemet
1404 4651 1568 4698 conventum
1587 4644 1622 4698 ‹le
