3464 5382
682 435 823 478 anema.
1337 420 1378 482 99

191 600 350 654 cccxnlli
386 599 500 668 spatae
529 613 617 654 measa
640 599 782 654 ianuario
809 603 889 654 1237.
919 599 1102 672 Temporibus
1134 602 1261 658 Guncelli
1291 603 1378 660 archi·

137 686 261 757 episcopi
271 686 444 758 spalatensis,
459 686 545 740 Marci
558 687 672 754 comitis,
693 686 801 742 blichae
812 689 921 758 nepotis
936 687 1032 744 Budici
1045 691 1145 744 vicarii.
1162 690 1379 746 Archidiaconus

138 779 165 828 et
192 773 343 844 capitulum
362 779 461 844 petunt
490 773 525 827 ab
555 773 763 845 archiepiscopo
783 774 919 843 justitiam
947 775 1005 830 fieri
1032 776 1066 830 de
1091 777 1236 831 Monachis
1264 795 1285 831 s.
1318 777 1379 832 Ste-

138 859 230 930 phani,
249 877 319 928 quos
337 859 466 914 dicebant
485 859 667 915 ecclesiamS
694 860 838 914 Michaelis
857 861 892 915 de
910 861 981 915 Mari
1006 861 1040 916 dc
1064 863 1124 930 jure
1143 863 1177 917 ad
1197 879 1227 918 sc
1253 870 1378 934 spectan-

136 952 193 1000 tem
210 952 307 1001 contra
321 947 456 1016 justitiam
484 946 606 1001 detineri.
635 947 765 1002 Monachi
793 949 941 1002 noluerunt
958 948 1132 1018 respondere,
1157 951 1223 1018 qnia
1248 957 1377 1020 suspecta

137 1032 189 1086 illis
209 1040 268 1088 crat
285 1033 426 1088 audientia
443 1035 650 1106 archiepiscopi,
670 1033 717 1089 sed
738 1035 914 1104 appellarunt
931 1035 966 1090 ed
986 1035 1152 1106 pontificem.
1171 1037 1204 1090 In
1223 1038 1378 1107 praesentia

137 1120 275 1176 Dominici
294 1121 463 1190 praesbiteri,
484 1121 705 1176 MarinietDese
723 1122 890 1176 clericorum.
910 1123 1053 1178 Cumanus
1073 1124 1188 1178 clericus
1208 1125 1299 1195 spalat
1309 1126 1380 1180 iura·

136 1213 182 1260 tus
201 1208 325 1262 notarius
344 1207 456 1280 scripsis

188 1295 237 1349 En
255 1295 367 1350 archivo
386 1295 477 1349 aulico
488 1295 649 1358 ,Viennensi
667 1293 930 1364 actaSpalalenaia.
952 1297 1091 1352 Oarrarc:
1113 1297 1377 1367 carpitaniam.

189 1433 351 1486 OOOXLIV.
364 1433 498 1500 cinthii,
511 1437 551 1486 10.
563 1433 635 1488 Maii
645 1437 722 1488 1237.
736 1433 888 1502 Gregorius
897 1434 949 1488 IX.
960 1452 1034 1505 papa
1043 1435 1078 1489 ad
1092 1437 1252 1506 petitionem
1264 1436 1378 1490 Ioannis

137 1519 336 1590 archiepiscopi
354 1519 545 1584 antibarensis,
564 1519 639 1590 qnod
658 1521 789 1591 episcopi,
817 1519 941 1586 abbates,
969 1528 997 1576 et
1026 1521 1073 1575 alii
1101 1523 1215 1592 praelati
1242 1539 1293 1577 nec
1320 1540 1376 1577 non

137 1605 289 1676 presbyteri
308 1613 336 1660 et
361 1606 451 1661 clerici
479 1624 547 1661 snae
573 1607 730 1678 provinciae
754 1606 902 1676 dignitates
925 1615 953 1662 et
977 1609 1160 1663 ecclesiastica
1184 1608 1319 1664 beneficia
1344 1608 1379 1663 de

135 1709 220 1748 mauu
238 1694 390 1764 receperint
408 1693 504 1760 laicali,
524 1699 551 1748 et
569 1693 644 1764 quod
663 1693 737 1747 idem
755 1693 878 1764 episcopi
897 1694 1003 1764 absque
1021 1695 1168 1749 missarum
1191 1693 1374 1750 celebratione

136 1780 279 1834 conferant
296 1779 407 1835 ordines
426 1787 503 1836 extm
523 1787 648 1851 tempora
665 1780 821 1846 constituta,
847 1780 907 1850 ipse
931 1797 1042 1850 quoque
1060 1781 1293 1852 archiepiscopus,
1316 1798 1376 1851 gra·

136 1866 250 1922 ussimo
269 1873 343 1920 metu
368 1866 472 1921 domini
500 1866 666 1937 temporalis,
697 1865 846 1936 quemdam
874 1867 1036 1937 episcopum
1063 1868 1263 1922 consecraverit
1280 1874 1308 1922 et
1331 1868 1378 1922 ab

135 1952 200 2008 bate
218 1952 363 2007 cniusdam
381 1953 540 2007 monasterii
558 1953 666 2006 vivente
684 1969 735 2006 nec
753 1958 847 2008 amoto
866 1953 950 2007 alium
969 1952 1142 2008 substituerit
1157 1959 1184 2008 et
1208 1953 1379 2009 benedixerit

135 2047 232 2094 contra
250 2041 406 2096 sanctiones
425 2041 580 2105 canonicas,
599 2039 713 2109 quidam
732 2045 874 2109 praeterea
886 2039 1093 2094 Drivastensem
1111 2039 1252 2109 quondam
1271 2041 1375 2111 episco-

136 2145 203 2198 pum
223 2143 293 2181 ausu
311 2127 448 2181 diabolico
466 2126 622 2193 occiderint,
641 2125 765 2180 nonnulli
783 2127 921 2196 principes
940 2127 1022 2180 etiam
1040 2127 1213 2181 matrimonia
1228 2127 1256 2180 in
1277 2133 1375 2196 quarto

135 2213 224 2282 gradu
243 2214 445 2280 contraxerint;
470 2229 553 2284 super
571 2212 673 2282 quibus
692 2212 820 2266 omnibus
839 2212 908 2282 petit
934 2213 1144 2268 misericorditer
1170 2213 1315 2282 provideri,
1339 2213 1374 2267 ad

134 2301 251 2355 celerius
270 2301 438 2356 obviandum
456 2300 558 2354 talibus
576 2299 709 2353 abusibus
728 2297 842 2352 mandat
854 2315 929 2370 papa
941 2300 1025 2369 priori
1037 2299 1141 2353 ordinis
1154 2299 1373 2370 praedicatorum

134 2387 162 2440 in
191 2387 318 2444 Romana
345 2387 492 2458 provincia,
523 2393 660 2456 qnatenus
691 2387 750 2440 sine
776 2403 854 2440 mora
880 2385 986 2456 aliquot
1012 2385 1110 2441 fratres
1129 2385 1285 2442 addictam
1312 2403 1373 2457 pro·

134 2474 252 2528 vinciam
271 2473 473 2528 antibarensem
491 2473 628 2528 destineat
646 2489 696 2543 pro
715 2473 891 2542 inquisitione
909 2479 936 2526 et
954 2471 1042 2526 dictos
1060 2473 1206 2543 episcopos
1224 2473 1260 2526 ad
1280 2471 1373 2527 sedem

134 2561 291 2615 &menam
309 2561 382 2616 citet.

186 2647 316 2704 Farlati:
336 2649 416 2718 lilyr.
435 2647 512 2704 decr.
535 2647 562 2702 T.
588 2647 703 2715 V11,p.
723 2651 765 2698 35.

186 2769 349 2823 OCCXLV.
367 2771 473 2838 Arbae,
493 2773 530 2823 11.
550 2769 621 2823 Maii
638 2772 715 2822 1237.
734 2767 870 2838 Tempore
887 2768 987 2822 Jacobi
1005 2769 1121 2840 Tenpoli
1142 2769 1220 2824 ducis
1239 2769 1372 2824 Vanecia·

132 2873 202 2920 rnm,
229 2856 346 2911 Jordani
374 2857 496 2928 episcopi
524 2855 648 2910 arbensis
676 2861 703 2910 et
720 2854 832 2924 Rogerii
861 2855 1022 2910 Mauroceni
1049 2856 1157 2910 comitis
1194 2855 1265 2910 (lum
1292 2856 1375 2910 fuerit

133 2943 304 2998 consuetudo
322 2943 438 2998 civitatis
449 2943 590 3009 arbensis,
610 2949 641 2996 nt
659 2941 789 2996 defuncto
808 2943 951 3012 capellano
970 2943 1158 3011 cuiuscunque
1169 2943 1300 2997 ecclesiae
1313 2942 1374 2996 lun·

132 3029 244 3084 datores
262 3029 386 3085 eiusdem
406 3031 536 3085 ecclesiae
555 3029 729 3098 capellanum
754 3027 853 3098 eligere
877 3027 1005 3095 debeant,
1033 3035 1060 3082 et
1084 3030 1202 3086 electum
1226 3030 1373 3100 episcopus

133 3116 287 3178 confirmet,
305 3115 407 3171 idcirco
425 3116 572 3187 subscripti
585 3115 747 3170 fundatores
757 3115 887 3170 ecclesiae
906 3115 934 3171 S.
948 3116 1060 3170 Martini
1073 3115 1107 3171 de
1119 3116 1240 3172 Barbatc
1250 3116 1374 3170 arbensis

133 3201 260 3268 diocesis,
278 3220 334 3274 qua
346 3203 484 3258 debitores
497 3203 658 3268 communis,
671 3202 868 3273 disposuerant
881 3203 988 3272 pignori
1001 3202 1092 3256 locare
1104 3201 1228 3256 redditus
1241 3202 1372 3256 ecclesiae

133 3289 186 3359 ipsi
210 3290 409 3344 communitati.
434 3290 513 3344 Haec
538 3296 630 3344 autem
654 3289 757 3355 videns,
782 3288 857 3358 quod
882 3288 1045 3343 cathedralis
1073 3288 1187 3343 ecclesia
1211 3287 1241 3343 S.
1268 3288 1374 3341 Mariae

134 3375 283 3444 plurimum
301 3375 423 3445 indigeat
440 3377 613 3446 reparatione
632 3393 682 3431 nec
700 3377 727 3429 in
746 3375 834 3446 ipsius
853 3375 977 3430 aedificio
997 3376 1123 3447 propriae
1136 3374 1276 3428 sufficiant
1288 3373 1372 3428 facul·

132 3467 212 3527 tates,
244 3463 433 3532 possessiones
457 3463 546 3517 dictae
576 3463 708 3517 ecclesiae
727 3462 754 3517 S.
775 3463 887 3516 Martini
905 3463 932 3516 in
959 3478 1040 3516 usum
1058 3460 1222 3516 cathedralis
1241 3461 1373 3516 ecclesiae

131 3547 300 3602 condonavit
310 3568 317 3614 ;
336 3565 430 3604 verum
449 3551 514 3619 quia
532 3550 647 3604 ccclesia
672 3549 700 3604 S.
719 3550 831 3604 Martini
858 3549 968 3604 duobus
987 3551 1066 3603 annis
1084 3549 1229 3620 capellano
1248 3548 1371 3614 vacabat,

130 3635 250 3689 institnit
264 3634 401 3706 jadrensis
420 3637 643 3708 archiepiscopus
655 3636 811 3690 Jordanum
824 3638 986 3707 episcopum
999 3638 1027 3690 in
1039 3637 1221 3706 capellanum,
1241 3634 1315 3704 quod
1335 3635 1372 3688 fa·

129 3738 192 3775 cere
212 3722 324 3776 minime
341 3722 490 3790 debuisset,
509 3725 575 3792 quia
592 3725 729 3778 institutio
738 3723 882 3794 capellani,
901 3725 1002 3793 elapsis
1020 3722 1131 3777 dnobus
1150 3723 1237 3788 annis,
1262 3739 1318 3776 non
1338 3720 1372 3774 ad

128 3809 224 3878 ipsum
243 3807 291 3862 sed
311 3808 547 3879 adapostolicam
566 3809 724 3880 spectabat;
743 3827 798 3879 qua
817 3809 851 3864 de
869 3827 898 3865 re
917 3811 1063 3880 episcopus
1082 3808 1153 3862 duos
1172 3808 1319 3862 canonicos
1338 3807 1372 3860 D.

129 3901 159 3948 et
176 3893 214 3948 Μ.
234 3895 287 3948 eibi
304 3897 440 3951 malitiose
464 3897 585 3962 sociavit,
614 3898 641 3950 in
666 3913 736 3966 quos
764 3915 780 3950 a
809 3897 903 3966 paucis
931 3895 1123 3950 fundatoribus
1153 3895 1250 3949 electio
1274 3893 1373 3948 dicitur

128 3981 204 4035 facta
223 3981 315 4044 fuisse,
335 3983 429 4037 volens
448 4001 511 4038 cnm
529 3985 597 4054 ipsis
616 3982 735 4037 dividere
746 3985 944 4053 possessiones,
963 3981 1127 4038 defraudata
1139 3981 1236 4034 maiori
1249 3980 1371 4035 ecclesia.

128 4067 323 4122 Communitas
342 4071 491 4140 postulavit
509 4071 679 4140 episcopum,
693 4077 724 4122 nt
736 4069 795 4122 eius
809 4068 984 4123 donationem
997 4069 1147 4124 cathedrali
1160 4067 1291 4122 ecclesiae
1309 4083 1373 4121 con·

127 4153 259 4219 firmarct,
279 4153 327 4208 sed
345 4155 391 4210 ille
409 4157 498 4210 renuit
517 4163 544 4210 et
562 4162 650 4210 totam
669 4163 769 4210 terram
788 4158 935 4227 supposuit
952 4156 1105 4210 interdicto.
1124 4155 1232 4209 Idcirco
1251 4170 1373 4216 commu·

126 4239 203 4293 nitas
220 4241 372 4310 appellavit
389 4241 423 4296 ad
437 4242 531 4297 sedern
542 4244 729 4313 apostolicam.
751 4242 922 4297 Fundatores
936 4243 1066 4297 ecclesiae
1077 4241 1105 4296 S.
1125 4241 1237 4296 Martini
1247 4241 1372 4295 fuerunt:
1421 4284 1423 4291 ,

127 4325 347 4396 Christophorus
367 4327 496 4394 Mallius,
516 4329 732 4400 Christophorus
751 4329 842 4395 iudex,
862 4330 992 4384 Albertns
1006 4329 1125 4382 Duimus
1138 4333 1189 4382 etc.
1208 4329 1288 4396 (quos
1304 4327 1373 4381 Far·

124 4412 176 4466 lati
202 4413 295 4466 omisit
320 4413 492 4482 describere).
518 4415 689 4487 Subscripsit
714 4417 928 4488 christophorus
955 4418 1118 4487 Cotepagne
1148 4415 1319 4468 examinator
1346 4421 1373 4468 et

120 4497 224 4570 judex,
243 4499 357 4570 Sergius
375 4503 498 4556 notarius
517 4503 649 4558 arbensis.
1378 4509 1385 4520 ⁴

201 4585 329 4640 Fariati:
349 4587 431 4656 illyr.
450 4589 527 4644 Sacr.
549 4590 577 4643 Τ.
602 4591 631 4644 V.
651 4595 707 4644 241.
