3544 5344
694 395 841 440 naama
1346 371 1391 437 43

31 589 42 604 ι
151 560 225 616 ultra
241 562 367 616 Dravam
384 559 486 626 existit,
504 565 628 632 tempore
651 559 709 615 dati
727 560 861 631 priveligii
886 563 920 616 de
937 561 1069 616 comitatu
1091 577 1147 616 non
1165 561 1263 616 fuisset
1280 559 1392 626 eodem3

149 654 174 704 et
192 647 270 719 quod
290 647 447 720 praedictae
470 647 601 718 capellae,
627 664 699 718 quae
723 648 796 702 eirca
813 647 937 703 Dravam
955 655 1041 714 erant,
1060 665 1124 703 cum
1142 648 1316 719 parochianis
1334 647 1392 702 suia

24 737 43 756 “
148 735 288 790 essentia
307 735 478 804 zagrabienei
496 733 616 789 dioecesi
638 735 811 790 constitutae.
839 734 1018 790 Innocentius
1037 751 1111 806 papa
1129 751 1242 790 causam
1260 735 1392 806 episcopo

147 821 269 878 vaciensi
288 827 316 876 et
333 822 446 892 collegia
465 822 522 876 suis
538 821 675 876 commisit
687 821 742 876 line
753 821 847 877 debito
861 821 1068 876 terminandam.
1084 821 1190 876 Verum
1202 839 1266 876 cum
1279 827 1392 892 propter

148 908 257 964 obitum
275 907 444 964 mandatoris
463 913 491 962 et
508 907 576 962 alias
601 909 819 963 circumstantiae
843 909 987 978 negotium
1004 907 1153 979 procedere
1170 926 1227 964 non
1245 909 1390 980 potuisset,

148 995 290 1052 mandavit
317 1013 391 1067 papa
409 995 444 1050 ad
464 995 623 1050 instantiam
650 995 758 1051 abbatie
782 997 948 1068 praepositis
974 997 1164 1068 vesprimiensi
1182 1002 1210 1051 et
1227 995 1341 1064 albensi,
1361 1001 1392 1050 ut

149 1100 234 1154 super
250 1083 304 1138 hoe
330 1083 443 1154 negotio
470 1083 628 1155 procedant
656 1082 712 1138 Sed
739 1083 778 1138 illi
801 1084 830 1138 in
847 1083 900 1138 hac
923 1101 954 1139 re
971 1084 1084 1138 minime
1101 1081 1283 1154 procedentes
1301 1083 1392 1154 ipsam

13 1185 34 1211 ι
149 1186 265 1226 causam
283 1169 318 1224 ad
346 1168 442 1225 sedem
468 1171 649 1242 apostolicam
666 1171 838 1226 remiserunt.
867 1171 985 1226 Mandat
1011 1171 1105 1240 itaque
1124 1187 1206 1241 papa,
1225 1169 1391 1240 supradietis

20 1335 31 1350 .
149 1257 208 1314 suis
227 1255 406 1312 mandatariis
424 1257 452 1312 in
469 1257 514 1312 his
530 1257 636 1324 litteris,
649 1263 681 1312 ut
692 1256 794 1312 dictam
805 1273 919 1313 caueam
931 1274 988 1328 quo
1000 1257 1074 1312 otius
1085 1256 1121 1312 ad
1134 1257 1218 1311 finem
1230 1255 1390 1327 perducant

206 1360 327 1416 umet:
347 1361 439 1416 Codex
456 1361 525 1432 dipl.
543 1361 653 1431 Arpart
676 1362 705 1417 Τ.
724 1362 756 1432 1.,
771 1378 801 1432 p.
815 1365 872 1416 110.

202 1501 351 1558 CXXXV.
370 1503 497 1573 Spalati,
516 1507 558 1558 20.
577 1503 674 1558 martii
692 1507 768 1559 1221.
781 1489 965 1573 Temporibus
977 1502 1104 1558 Gancelli
1116 1501 1317 1572 archiepiscopi
1328 1517 1391 1572 spa-

27 1636 38 1658 ,
151 1589 273 1656 latentia,
297 1588 426 1644 Buiseeni
450 1590 565 1656 comitia,
591 1589 700 1645 Michae
719 1590 767 1644 lilii
787 1589 913 1657 cosmae,
932 1589 1019 1645 Zulae
1036 1588 1153 1658 (Zadali)
1173 1588 1274 1656 vicarii,
1293 1587 1391 1659 Spala-

150 1681 250 1742 tensea,
269 1675 467 1746 Tragurienses
486 1681 514 1731 et
532 1675 687 1732 Oliseensee
702 1677 798 1746 jurant
815 1677 922 1732 firmam
940 1693 1036 1746 pacem
1051 1674 1276 1731 Sibenieensibne
1289 1683 1317 1730 et
1330 1691 1391 1745 pro·

150 1763 263 1817 mittunt
281 1763 430 1818 1101οωοω
448 1763 603 1830 amicitiam,
617 1763 641 1817 si
653 1762 838 1820 sibenicenscs
852 1764 1003 1835 pyraticam
1015 1779 1071 1817 non
1084 1763 1263 1817 exercuerint
1276 1761 1392 1831 Scripsit

152 1847 296 1920 presbyter
314 1849 445 1906 Sabatina
460 1850 570 1921 juratus
583 1851 706 1907 notarius
719 1851 873 1908 communis
885 1850 921 1905 de
934 1855 1082 1922 praecepto
1091 1848 1217 1922 judicum
1230 1853 1257 1904 et
1269 1847 1392 1904 omnium

151 1935 294 1991 nobilium.

202 2041 318 2096 Lucius:
339 2041 469 2098 Memoris
487 2042 519 2100 di
538 2043 622 2100 itari.
639 2059 669 2113 p.
689 2048 731 2098 31.

203 2181 509 2254 CXXXV1.Romae‚
532 2185 680 2252 Laterani,
704 2187 747 2242 29.
766 2185 870 2240 Martii
894 2187 971 2238 1229.
995 2183 1139 2239 Honorius
1163 2183 1209 2238 111
1233 2200 1308 2254 papa
1329 2199 1393 2238 eon·

150 2269 242 2323 firmat
271 2269 411 2324 nobilibus
444 2270 508 2324 viris
534 2271 573 2326 Η.
596 2277 624 2326 01
642 2271 670 2326 S.
689 2271 835 2327 comitibus
861 2271 897 2326 de
920 2271 1011 2342 Vegla
1034 2270 1215 2326 donationum
1237 2271 1310 2340 regis
1337 2271 1393 2324 An·

149 2356 233 2411 dreae
251 2361 370 2426 quatuor
387 2357 540 2412 insularum
557 2358 628 2414 inter
647 2358 790 2429 Spalatum
819 2363 847 2413 et
864 2358 960 2414 Ulrnes
978 2358 1101 2425 sitarum,
1121 2357 1259 2414 videlieet:
1282 2357 1391 2419 Parem,

150 2444 290 2511 Bracaam,
309 2443 460 2500 Comuram
478 2449 505 2500 et
522 2445 703 2516 Langnstam.

204 2548 334 2604 maer:
358 2550 433 2604 Mora
456 2551 549 2619 Hono.
574 2550 598 2604 1.
619 2566 649 2618 p.
674 2553 719 2604 27.
743 2549 866 2604 Krtetit:
894 2553 957 2605 Not.
973 2550 1102 2620 praelim.
1119 2567 1148 2620 p.
1168 2553 1233 2606 208.
1250 2548 1385 2604 Katane:

149 2633 307 2691 11101000.
329 2633 360 2704 V,
379 2635 551 2703 310001ηο
571 2635 637 2692 cod.
656 2637 734 2706 Dipi.
754 2637 857 2707 1H,p.
879 2641 944 2692 000.

204 2774 386 2830 CXXXVII.
404 2777 525 2848 Romu,
537 2777 687 2846 utendi,
705 2780 747 2830 13.
764 2777 876 2846 Aprilis
893 2780 968 2832 1221.
981 2778 1125 2834 Honorius
1143 2777 1190 2832 111
1208 2793 1282 2848 papa
1300 2775 1394 2831 scribit

149 2862 244 2918 comiti
261 2867 289 2916 et
307 2863 412 2933 populo
430 2863 588 2934 spalatensi,
607 2880 637 2920 ee
655 2863 794 2920 audivisse
808 2863 949 2935 quomodo
958 2865 1023 2920 novi
1033 2871 1128 2920 contra
1139 2864 1280 2919 Christum
1289 2863 1391 2929 hostes,

150 2947 301 3019 proditorie
324 2949 507 3019 insurgentes,
532 2951 621 3022 legem
640 2952 700 3023 ejus
725 2951 859 3022 dissipare
877 2951 1007 3018 nitantur,
1032 2951 1098 3022 quia
1120 2950 1233 3020 qnidam
1256 2949 1347 3005 Sclavi
1365 2955 1393 3004 et

148 3035 326 3102 Dalmatiani,
345 3037 471 3106 quamvis
489 3043 653 3094 censeantur
668 3039 779 3094 nomine
791 3038 947 3104 christiano,
966 3037 1171 3106 crucesignatos
1182 3035 1391 3090 transtretantes

148 3122 178 3176 in
197 3127 286 3176 terrae
304 3128 415 3178 sanctae
434 3123 588 3180 subsidium
606 3131 634 3180 et
651 3125 720 3181 alios
734 3125 905 3181 Christianos
918 3126 1033 3198 piratica
1044 3125 1120 3179 rabie
1132 3123 1260 3194 spoliant,
1279 3121 1392 3193 capiunt

149 3214 178 3265 et
196 3209 327 3264 occidunt
344 3215 372 3264 et
389 3211 474 3266 veluti
492 3212 596 3283 udpea,
620 3211 755 3267 habentes
780 3213 906 3283 proprias
931 3211 1035 3280 foveas,
1053 3213 1163 3267 latitant
1180 3215 1262 3280 capta
1280 3207 1391 3280 praeda.

148 3296 244 3366 Rogat
260 3297 344 3366 igitur
361 3297 567 3354 universitatem
585 3315 689 3366 eorum,
708 3305 740 3353 ut
757 3316 842 3353 manu
860 3298 952 3353 valida
971 3297 1101 3353 studeant
1117 3298 1169 3352 hoa
1181 3296 1355 3366 insurgentes
1375 3313 1392 3349 a

149 3383 209 3438 suis
227 3383 329 3438 finibus
348 3383 502 3455 profligare.
522 3385 598 3440 Misit
609 3386 693 3440 etiam
705 3385 867 3454 magistrum
881 3385 1031 3439 Acontium
1043 3383 1244 3439 subdiaconum
1257 3387 1284 3437 et
1302 3383 1392 3453 capel·

148 3470 246 3525 lanam
263 3486 345 3524 suum
363 3470 399 3525 ad
418 3477 511 3542 partes
529 3488 632 3538 eoram,
657 3473 702 3526 eui
719 3471 778 3526 vult
805 3477 836 3526 ut
862 3477 986 3542 pareant,
1014 3472 1178 3526 sententiam
1195 3477 1288 3525 autem
1307 3487 1391 3540 quam

148 3555 223 3612 idem
241 3555 364 3612 tuleritre
371 3557 400 3611 in
410 3557 497 3614 belles
513 3575 561 3613 seu
573 3559 657 3614 etiarn
668 3565 871 3630 contemptores
884 3563 973 3613 ratam
983 3558 1126 3614 habebunt
1144 3564 1171 3614 et
1188 3557 1289 3613 sacient
1306 3557 1392 3612 invio·

148 3642 267 3700 labiliter
285 3643 440 3700 observare.

201 3748 333 3805 Parieti:
357 3749 440 3821 Itiyr.
459 3749 537 3808 Sars.
558 3751 586 3806 Τ.
606 3751 663 3806 ΠΙ.
679 3768 711 3822 p.
730 3754 792 3805 219.
825 3753 956 3807 Katane:
983 3751 1056 3806 Hist.
1076 3750 1138 3806 crit.
1161 3749 1192 3805 V.
1211 3753 1273 3805 357.
1292 3749 1390 3817 Fty'tr:

149 3837 209 3892 aad.
227 3835 297 3907 dipl.
316 3837 373 3892 m
394 3843 419 3894 1.
436 3855 464 3908 p.
482 3841 542 3894 307.

202 3958 398 4016 CXXXVIII.
426 3961 557 4032 (lothari,
585 3965 627 4015 15.
646 3959 813 4030 Septembris
830 3965 907 4016 1221.
937 3961 1074 4032 Tempore
1098 3961 1171 4030 regis
1194 3959 1344 4015 Radoslavi
1363 3965 1391 4014 et

149 4046 257 4102 comitis
275 4045 311 4102 de
329 4047 396 4114 Soli,
415 4048 538 4120 episcopi
556 4064 620 4104 vero
638 4049 723 4103 Blasii
741 4049 864 4117 Leo(nis)
883 4047 987 4103 stabilit
1004 4048 1100 4103 civitas
1127 4049 1285 4113 catarensis,
1314 4047 1390 4102 utin

150 4139 233 4189 antea
250 4135 328 4189 nulla
346 4139 422 4189 carta
440 4134 474 4190 de
486 4135 546 4204 lege
559 4135 702 4204 scribatur,
721 4136 773 4190 uisi
787 4137 815 4189 in
829 4135 905 4191 curia
918 4153 1011 4190 coram
1023 4135 1159 4189 iudicibus
1167 4153 1174 4200 ;
1193 4141 1219 4188 et
1232 4135 1391 4204 quicunque

150 4219 268 4277 voluerit
286 4220 376 4275 facere
403 4221 525 4291 aliquam
551 4229 655 4276 cartam
682 4222 865 4292 (credatizam)
885 4223 965 4276 alicui
983 4221 1088 4276 homini
1105 4221 1141 4275 de
1160 4222 1252 4290 aliquo
1271 4221 1389 4290 negotio,

150 4324 205 4362 non
224 4309 314 4379 possit
331 4307 421 4363 iacere
439 4308 491 4362 nisi
510 4309 701 4380 praesentibus
720 4309 856 4363 ambabus
876 4308 1008 4379 partibus,
1027 4315 1055 4362 01
1073 4313 1156 4362 testes
1175 4313 1202 4361 et
1219 4305 1323 4362 iudices
1344 4307 1390 4362 de·

152 4394 234 4450 beant
252 4393 358 4450 adesse.
386 4395 450 4451 Mos
467 4395 503 4452 de
530 4395 686 4451 venditione
713 4395 915 4451 haereditatum
941 4401 1119 4450 conseruetur
1141 4393 1212 4448 sicut
1229 4394 1257 4447 in
1276 4393 1390 4463 antiquo

150 4487 283 4554 tempore.

202 4571 251 4624 Ea
268 4569 427 4624 00100011οΜ
446 4569 480 4622 D.
499 4570 665 4638 Papafaoar
682 4571 795 4625 vendito
813 4586 869 4624 erc.
887 4570 914 4625 d.
933 4571 1059 4639 episcopo
1079 4571 1271 4643 Strosemcyer.
1299 4567 1390 4622 Habet

26 4633 35 4648 ¹
151 4671 264 4726 qaoque
283 4655 348 4712 Rari
360 4655 465 4727 jagaal.
484 4657 641 4726 ctadcmijr
659 4659 679 4714 1
690 4675 720 4728 p.
740 4661 798 4712 129.

676 4769 683 4812 l
