3376 5350
353 381 415 444 398
853 389 871 430 1.
891 377 1102 444 uuuumavm,

403 567 643 628 moeouxxiv.
662 563 833 640 Zagrsltia's.
853 573 929 624 2984.
948 574 989 624 21.
1009 571 1139 640 Augusti.
1163 569 1344 626 Thimothcus
1369 573 1455 644 episc.
1489 575 1607 642 ragrab.

351 659 379 712 in
398 656 463 712 ecel.
482 657 631 712 cathedrali
652 661 794 712 consecrat
812 657 900 712 altare
918 657 947 710 in
965 657 1099 712 honorem
1118 657 1144 712 b:
1163 676 1187 712 v.
1209 655 1322 712 Mariae.

322 767 350 839 '-
408 743 535 798 l'kolcid:
554 745 632 798 Mon.
651 745 732 814 episc.
752 746 776 800 Ι.
793 762 823 813 p.
842 747 903 799 216.

406 867 630 923 Mocouxxv.
658 869 771 926 Zolum.
801 873 876 920 1284.
904 871 947 923 25.
972 870 1102 938 Artpma'.
1127 869 1275 924 Ladislaus
1300 869 1351 923 1v.
1377 885 1425 924 rex
1454 872 1608 924 coufirmat

354 955 502 1012 Timotheo
526 957 656 1026 episcopo
682 955 862 1026 Zagrabicnsi
894 956 1071 1012 donatiouem
1097 957 1177 1010 castri
1201 955 1312 1022 (lauch,
1336 955 1409 1026 qued
1434 974 1452 1010 a
1477 963 1609 1028 tempore

353 1044 538 1098 coronationis
557 1061 624 1098 suae
643 1043 843 1098 conservationi
863 1044 987 1099 eiusdem
1006 1045 1190 1100 commiserat.

406 1131 521 1184 Fcrloti
539 1131 622 1200 Illyr.
642 1129 720 1186 Scor.
742 1131 772 1184 Τ.
795 1131 825 1186 V.
844 1134 903 1184 380.

408 1252 648 1308 MCOCLXXVI.
665 1253 794 1324 assues.
814 1256 890 1308 1284.
910 1257 950 1308 15.
971 1255 1146 1322 Septembris.
1172 1255 1318 1310 badislaus
1337 1255 1389 1310 IV.
1407 1271 1465 1322 rex,
1485 1257 1608 1310 mandat

356 1342 491 1396 universis
509 1339 648 1395 nobilibus
672 1345 699 1395 et
724 1343 914 1412 cuiuscunque
938 1341 1105 1396 conditionis
1130 1342 1288 1398 hominibus
1314 1343 1343 1396 in
1366 1343 1520 1398 Geraentce
1548 1349 1609 1400 exi·

330 1429 497 1502 utentibus,
517 1444 581 1482 eum
606 1427 652 1482 ille
678 1429 839 1484 comitatum
864 1429 898 1483 de
922 1429 1072 1484 Geraeutze
1096 1430 1242 1486 Timotheo
1270 1432 1402 1501 episcopo
1427 1448 1501 1500 sagr.
1528 1434 1607 1486 sicut

353 1517 480 1586 primitus
498 1516 538 1569 ita
556 1521 584 1569 et
602 1532 676 1569 nune
694 1533 757 1570 cum
776 1517 950 1587 plenitudine
968 1533 1035 1571 auae
1054 1519 1158 1587 gratiae
1178 1518 1326 1588 reliquerit,
1348 1525 1486 1588 quatenus
1505 1523 1605 1574 omnia

352 1603 414 1674 jura
432 1610 459 1658 et
479 1609 630 1674 proventus
648 1620 682 1658 ex
701 1611 778 1673 parte
798 1603 934 1658 dictorum
954 1605 1047 1660 comiti
1059 1605 1093 1659 de
1112 1604 1262 1660 Gersentce
1280 1605 1388 1660 debitos
1401 1612 1429 1660 et
1441 1613 1605 1672 constratos,

355 1689 465 1744 officiali
489 1691 577 1760 ipsius
602 1691 684 1760 epioe.
708 1691 766 1744 sine
793 1690 974 1748 diminutione
998 1692 1055 1746 dari
1086 1693 1189 1747 saciant
1216 1699 1244 1746 et
1266 1692 1424 1762 persolvant
1449 1710 1483 1748 eo
1507 1695 1608 1751 modo.

353 1776 588 1847 quemadmodum
606 1782 731 1848 tempore
749 1777 832 1832 Belao
850 1778 938 1834 Ducis
957 1787 1153 1834 consueverant
1171 1781 1334 1836 ministrare.

405 1865 500 1934 Fejer:
522 1864 587 1921 (lod.
606 1863 675 1934 dipl.
694 1866 729 1922 a.
748 1866 784 1922 N.
807 1867 836 1922 T.
859 1868 885 1922 V
909 1867 960 1922 ool.
979 1869 1039 1924 ΙΙΙ.
1053 1885 1084 1938 p.
1102 1871 1163 1924 242.

405 2005 657 2062 ucecbxxvn.
676 2007 811 2076 ngnsii.
828 2010 904 2062 1281.
931 2011 972 2062 17.
1003 2008 1135 2062 Octobris.
1161 2008 1193 2062 Iu
1218 2010 1355 2078 presentia
1379 2007 1514 2062 nobilium
1550 2011 1606 2064 nli·
1676 2001 1677 2024 ¹

353 2095 456 2150 chaelis
476 2094 637 2149 Mauroeeui
657 2097 765 2150 comitis
785 2093 908 2165 Rugusii,
922 2095 1023 2150 Marini
1042 2104 1070 2150 et
1089 2095 1197 2150 Nicolai
1211 2113 1323 2150 suorum
1336 2095 1463 2160 militurn,
1477 2097 1604 2152 Antonii

304 2193 307 2204 '
353 2183 387 2238 dc
407 2183 536 2254 Gaioppa
554 2183 654 2250 cleriei,
672 2183 774 2238 Vitalis
794 2184 911 2251 Bodatii,
932 2183 1083 2238 Clementis
1102 2185 1137 2238 de
1156 2173 1294 2254 (longule,
1313 2183 1420 2239 Ursacii
1446 2183 1481 2238 de
1508 2183 1610 2240 Gloria

353 2271 548 2326 canonicorum
567 2271 692 2339 Ragusii,
711 2271 815 2325 Pascae
836 2271 982 2338 Valcassii‚
1001 2271 1077 2327 Junii
1098 2271 1132 2326 dc
1151 2271 1262 2338 Cresco,
1280 2269 1398 2324 Luehari
1423 2269 1457 2326 do
1479 2269 1611 2340 Fusoho,
1677 2287 1678 2362 t

354 2359 511 2412 Grubessae
530 2359 564 2412 de
583 2359 706 2424 Rauenna,
727 2359 835 2413 Vrsacii
855 2358 890 2413 de
908 2359 1024 2426 Gerena,
1043 2358 1157 2414 Palmae
1185 2359 1219 2413 de
1242 2358 1375 2427 Biuzolla,
1400 2359 1547 2413 Laurentii
1569 2361 1608 2414 de
1677 2397 1678 2422 ι

357 2447 467 2513 Menoe,
484 2447 585 2500 Marini
605 2446 639 2500 de
657 2445 792 2516 I'esagna,
811 2447 896 2502 Zeraii
917 2446 1010 2502 Savini
1030 2447 1128 2512 B0ndi,
1153 2445 1296 2500 Paschalis
1314 2446 1461 2512 Marinelli,
1482 2445 1610 2502 Nicolae
1677 2447 1678 2454 ’

359 2535 393 2590 dc
420 2535 543 2589 Cortello
565 2539 593 2588 et
611 2534 729 2590 aliorum
752 2535 914 2590 clericorum
938 2541 966 2590 et
989 2536 1123 2589 laicorum
1146 2536 1175 2588 in
1199 2533 1258 2588 sala
1280 2533 1507 2604 archiepiscopali
1539 2551 1609 2590 con-

355 2624 486 2694 gregatis,
500 2638 563 2676 cum
577 2622 771 2678 Beneventum
783 2622 979 2692 archiesocpus
992 2623 1069 2676 citari
1084 2623 1194 2676 lecisset
1207 2639 1256 2692 per
1269 2621 1467 2692 praesbiteros]
1480 2621 1607 2677 Pascum
1678 2674 1679 2698 ,

354 2711 496 2766 sacristam
515 2709 647 2764 ecclesiae
660 2709 765 2780 Reges.
779 2709 979 2764 subdiaconum
1000 2709 1017 2764 J
1020 2726 1138 2764 oannem
1156 2708 1190 2764 de
1203 2708 1369 2764 Predanello
1380 2709 1417 2764 ad
1430 2710 1607 2764 audiendam

355 2797 518 2852 sententiam
538 2813 620 2867 quarn
640 2796 750 2852 volebat
768 2795 839 2850 serre
859 2803 953 2852 contra
971 2798 1072 2866 ipsum,
1091 2797 1139 2866 qui
1158 2797 1271 2852 tandem
1286 2797 1441 2868 comparuit
1460 2805 1488 2851 et
1508 2804 1610 2867 petere

356 2887 450 2955 coepit
470 2886 578 2939 veniam
598 2884 700 2949 dicens,
719 2884 794 2954 quod
812 2885 890 2939 nulla
907 2886 1013 2939 ratione
1031 2891 1140 2955 poterat
1159 2883 1223 2938 dare
1237 2883 1352 2954 pignora
1364 2886 1399 2938 50
1412 2884 1611 2954 iperperornrn

357 2975 385 3027 in
414 2973 516 3042 quibus
535 2972 735 3026 condemnatus
760 2971 813 3026 luit
838 2988 887 3041 per
910 2971 1156 3042 arehiepiscopum,
1181 2987 1233 3026 nec
1256 2971 1338 3026 etiarn
1363 2969 1545 3040 fidejussores
1575 2973 1612 3027 de

359 3059 420 3114 aliis
439 3062 482 3114 eo.
500 3060 579 3113 Tunc
597 3059 737 3129 predictus
755 3059 978 3128 archiepiscopus
997 3059 1032 3112 ad
1051 3075 1146 3129 preces
1164 3058 1272 3112 comitis
1285 3063 1313 3111 et
1325 3058 1440 3113 aliorum
1454 3057 1612 3113 Laicorum

359 3143 462 3202 obtulit
481 3145 571 3200 eidem
589 3147 691 3202 Joanni
705 3147 904 3216 juramentum,
923 3163 978 3216 quo
997 3147 1122 3216 deposito
1140 3147 1244 3215 recepit
1268 3145 1459 3215 fidejussorem
1488 3141 1612 3202 Petrum

360 3235 394 3288 de
413 3233 499 3288 Scillo
519 3235 683 3288 canonicum
703 3234 876 3303 Ragusiuum
896 3233 930 3288 de
948 3235 983 3287 50
999 3235 1139 3304 iperperis,
1159 3233 1194 3288 de
1212 3233 1273 3288 aliis
1296 3239 1389 3288 autem
1407 3233 1442 3288 50
1466 3249 1532 3288 eum
1562 3238 1613 3290 ab·

271 3344 276 3353 ·
359 3322 448 3376 solvit
473 3323 613 3376 Antonius
638 3322 672 3376 de
697 3321 814 3376 Carletie
839 3322 905 3375 civis
933 3321 1089 3376 Parmensis
1113 3321 1235 3376 notarius
1259 3321 1459 3392 archiepiscopi
1484 3324 1613 3393 scripsit.

357 3409 470 3472 (Confer
489 3427 528 3463 nr.
548 3409 758 3476 MCOOLXII.)

408 3497 538 3550 Fcrlati:
556 3497 640 3565 Illpr.
660 3495 737 3550 Scir.
760 3497 788 3550 Τ.
813 3497 860 3550 VI.
876 3513 906 3563 p.
925 3499 983 3548 117.

409 3617 679 3674 MCCOLXXVIII.
708 3621 783 3672 12⁸4.
812 3622 851 3670 16.
876 3618 1043 3671 li'orcrubris.
1070 3616 1230 3687 Capitulum
1256 3616 1433 3672 Chaemeusis
1467 3617 1613 3674 eeclesiae

355 3708 499 3778 significat,
519 3706 594 3776 quod
612 3705 755 3760 lohannes
774 3713 802 3759 et
821 3705 912 3758 Pousa
931 3704 980 3758 lilii
1000 3705 1107 3758 comitis
1133 3703 1226 3758 Pousa
1245 3711 1302 3758 tam
1321 3721 1372 3774 pro
1390 3721 1420 3758 se
1438 3721 1523 3774 quam
1555 3725 1611 3776 pro

356 3795 486 3848 fratribus
505 3795 562 3848 suis
581 3793 698 3848 Nicolao
720 3799 747 3846 et
765 3792 845 3845 Mark
867 3793 1027 3846 absentibus
1054 3809 1071 3846 a
1096 3799 1172 3862 parto
1196 3809 1251 3846 una
1275 3799 1302 3847 et
1328 3791 1477 3847 Marcellus
1505 3809 1610 3848 eomes

357 3883 502 3935 Crisiensis
521 3881 632 3935 nomine
651 3880 753 3934 domiui
772 3879 814 3933 sui
833 3879 850 3933 J
855 3879 970 3932 ohannis
988 3879 1051 3932 barri
1071 3881 1157 3933 totius
1170 3879 1326 3944 Slaroniae,
1340 3879 1387 3934 lilii
1402 3879 1514 3934 Herrici
1528 3882 1613 3944 bani,

356 3971 391 4023 ab
411 3969 497 4022 altera
515 3968 665 4034 constituti,
685 3966 768 4020 iidem
788 3967 836 4020 filii
856 3967 965 4021 Pousac
985 3971 1084 4021 terram
1111 3985 1203 4022 eorum
1230 3967 1356 4037 Rassyua
1374 3983 1407 4020 eo
1425 3968 1494 4032 iure,
1515 3985 1609 4038 ιμιιιιιι

357 4075 417 4111 eam
438 4065 515 4126 pater
534 4073 628 4110 eorum
648 4071 741 4108 comes
760 4055 853 4108 Pousa
876 4061 903 4108 et
927 4056 1057 4122 magister
1083 4055 1197 4109 Gueclre
1223 4056 1306 4110 irater
1331 4053 1615 4124 eius'possederuut.

357 4145 472 4198 confessi
492 4145 546 4196 sint
565 4143 674 4212 pignori
694 4141 831 4211 obligasse
856 4141 944 4196 eidem
970 4144 1040 4195 liano
1061 4161 1110 4212 pro
1132 4145 1273 4212 octoginta
1299 4149 1325 4196 et
1344 4143 1466 4212 quinque
1490 4145 1612 4205 mareis,

357 4232 469 4285 exclusa
488 4237 578 4284 tamen
599 4237 695 4283 octava
714 4234 791 4298 parte
810 4231 1000 4299 possessionis
1025 4246 1095 4298 quac
1114 4231 1253 4284 nobilibus
1273 4229 1449 4283 dominabus:
1478 4234 1613 4284 consorti

357 4319 450 4388 Tybae
469 4318 518 4371 iiiii
536 4317 675 4386 quondam
696 4317 779 4370 Belus
798 4325 824 4370 et
845 4317 964 4370 consorti
983 4317 1106 4387 magistri
1126 4317 1238 4386 Georgii
1258 4317 1340 4370 cessit
1359 4316 1463 4370 ratione
1483 4325 1610 4386 quartus

358 4405 516 4460 earundem.

413 4493 486 4562 Θήῃ.
508 4497 584 4544 curto
601 4508 677 4560 perp.
698 4491 727 4542 ιή
748 4508 805 4543 meo
825 4491 990 4545 collectione.

411 4631 650 4685 lilCCOLXXlX.
670 4635 745 4685 lto-l.
759 4635 801 4685 23.
820 4632 888 4684 Nor.
909 4632 1069 4702 Capitulum
1088 4631 1154 4686 eccl.
1174 4631 1349 4685 Ohasmensia
1375 4631 1509 4700 non'licat,
1528 4635 1615 4703 quod

358 4719 375 4775 J
378 4718 499 4774 ohannes
513 4727 539 4774 et
549 4719 643 4776 Pousa
656 4719 704 4772 filii
718 4719 825 4773 comitis
838 4719 932 4774 Pousa
944 4727 1001 4774 tarn
1013 4736 1063 4790 pro
1078 4737 1106 4774 se
1126 4736 1209 4789 quarn
1221 4735 1272 4790 pro
1285 4718 1402 4774 Nicolao
1414 4723 1443 4774 et
1455 4717 1540 4774 Marlr
1555 4723 1616 4778 sta·
