3544 5344
370 400 391 468 2
866 431 887 470 1.
911 415 1110 488 summovit,

421 591 474 646 ΙΙΙ,
493 594 613 648 Romae.
630 591 780 660 Laterani,
799 590 1085 645 25.Jancarti1200.
1105 591 1282 645 Innocentius
1299 590 1353 644 111.
1372 609 1447 663 papa
1464 593 1610 649 confirmat

369 680 501 750 magistro
520 685 548 732 et
565 677 695 731 fratribus
712 676 825 730 militiae
842 676 937 746 templi
955 676 983 729 in
1006 675 1137 731 Slavonia
1154 677 1310 732 constitutis
1329 679 1479 734 confinium
1497 697 1609 752 compo·

370 765 495 820 sitlonem
513 781 576 819 cum
595 764 761 818 monasterio
779 763 829 818 BS.
849 763 968 816 Oosmae
987 768 1014 816 et
1031 763 1161 816 Damiani
1179 781 1252 818 anno
1272 765 1347 818 1194.
1366 765 1470 820 initam.

425 853 554 906 Tbcincr:
574 851 760 906 Monumenta
778 850 925 904 Slcoorum
943 849 1176 904 meridionalem.
1199 853 1219 902 I.
1234 867 1264 918 p.
1284 855 1324 902 11.

421 957 472 1011 IV.
492 958 604 1012 Rornae
630 955 779 1023 Laterani,
800 957 825 1006 2.
847 953 1043 1007 martii1200.
1067 951 1245 1007 Innocentius
1269 970 1344 1024 papa
1367 955 1543 1010 recomendat
1566 973 1611 1010 ca-

370 1044 458 1115 pitulo
477 1049 505 1098 et
523 1042 704 1111 suffraganeis
728 1039 873 1094 ecclessiae
892 1038 1063 1109 Spalatensis
1088 1055 1168 1092 suum
1194 1039 1222 1093 in
1241 1039 1417 1110 Hnngariam
1440 1042 1555 1096 missum
1573 1042 1610 1096 le-

369 1135 467 1200 gatum
491 1129 677 1199 G(regorium)
701 1132 812 1182 sanctae
837 1126 942 1180 Mariae
965 1125 994 1178 in
1017 1125 1123 1194 AquIro
1147 1124 1294 1182 diaconum
1318 1127 1498 1194 cardinalem,
1522 1129 1611 1182 virum

369 1217 508 1270 literatum
536 1215 621 1270 etde
645 1213 826 1268 nobilioribus
847 1211 981 1266 Romanis
1006 1210 1166 1278 oriundum,
1194 1228 1277 1280 quem
1301 1213 1434 1284 praecipit
1460 1214 1611 1268 honorifice

369 1305 481 1357 tractari
499 1309 527 1356 et
544 1302 632 1373 ipsius
650 1301 755 1356 monita
772 1299 885 1353 firmiter
902 1298 989 1352 teneri
1006 1313 1039 1351 ac
1058 1298 1167 1352 servari.

427 1389 568 1445 Garrora:
586 1389 719 1442 Arctioc'o
738 1387 894 1455 capitulare
913 1386 943 1438 di
961 1384 1086 1453 Spatctc,
1100 1401 1130 1454 p.
1152 1389 1176 1438 8.

421 1502 457 1556 V.
476 1501 601 1572 Spalati,
619 1505 653 1552 13
671 1499 745 1554 Jalir'
763 1502 844 1570 1200.
866 1495 1023 1550 Bernardus
1048 1495 1271 1568 archiepiscopus
1290 1497 1463 1568 Spalatensis
1486 1500 1612 1555 notificat

372 1588 481 1643 Obaaae
498 1587 656 1641 abbatissae
670 1585 699 1640 B.
712 1583 861 1650 Benedicti,
880 1582 955 1652 quod
973 1583 1113 1638 intellecto
1131 1584 1239 1653 plenius
1257 1585 1439 1640 instrumento
1453 1586 1612 1641 Grubessae

370 1677 396 1730 b.
409 1693 445 1729 m.
458 1675 574 1740 comitis,
587 1691 622 1728 er
635 1688 772 1727 consensu
785 1671 897 1741 majoris
909 1671 995 1741 partis
1008 1671 1142 1726 nobilium
1158 1670 1363 1741 Spalatensium
1376 1674 1509 1741 confecto,
1521 1674 1556 1728 de
1568 1675 1612 1728 bis

371 1779 443 1832 quae
466 1762 577 1816 Inerant
594 1761 622 1813 in
641 1757 827 1814 controversia
851 1758 964 1812 actitata
981 1759 1052 1812 inter
1076 1757 1245 1810 abbatissam
1268 1775 1288 1812 s.
1308 1759 1450 1814 Benedicti
1472 1765 1500 1815 et
1517 1760 1612 1816 Vulci-

307 1914 309 1923 Ι
369 1866 435 1902 nam
458 1848 547 1902 filium
564 1847 618 1900 Biti
636 1845 771 1900 Nasitorti
796 1859 879 1914 super
896 1843 1032 1898 territorio
1056 1843 1131 1912 quod
1150 1845 1238 1898 estin
1256 1845 1349 1898 Dilato
1368 1863 1452 1916 super
1469 1845 1611 1917 Viperam,

370 1933 446 2004 quod
473 1935 608 1989 vocitatur
631 1933 840 2002 Lugoperscina
864 1937 891 1986 et
915 1936 957 1985 est
980 1931 1009 1984 in
1036 1931 1112 1984 curia
1139 1931 1288 2000 spalatensi
1313 1934 1508 1999 constitutum,
1535 1933 1612 2002 quod

368 2021 535 2076 territorium
553 2020 650 2074 datum
667 2019 720 2073 fnit
734 2020 797 2088 jure
815 2017 996 2072 haereditario
1020 2016 1165 2071 ecclessiae
1185 2033 1205 2069 s.
1223 2017 1365 2072 Benedicti
1387 2025 1415 2073 et
1432 2019 1565 2074 traditum
1588 2021 1613 2074 ei

370 2107 398 2160 in
418 2113 584 2178 perpetuum
596 2124 613 2160 a
624 2123 690 2175 rege
703 2105 861 2172 Bninimiro,
880 2106 951 2158 sicut
968 2120 1018 2174 per
1030 2103 1173 2172 publicum
1187 2104 1400 2158 instrumentum
1416 2106 1475 2160 eius
1488 2111 1613 2177 apparet.

371 2193 529 2248 Constituto
550 2193 578 2246 in
598 2193 759 2263 praesencia
783 2209 834 2246 sua
858 2190 992 2245 advocato
1017 2189 1175 2243 abbatissae
1193 2189 1336 2244 Borislavo
1360 2191 1417 2246 filio
1435 2191 1544 2247 Nicolai
1567 2210 1613 2249 co·

370 2280 444 2334 mitis
469 2279 570 2334 Cacicli
595 2287 623 2334 et
646 2279 767 2333 Vulcina
791 2279 948 2332 adversario
973 2277 1032 2330 sine
1056 2275 1149 2345 aliquo
1175 2275 1324 2342 advocato,
1350 2280 1537 2332 controversia
1560 2279 1613 2334 hoc

370 2367 453 2422 modo
472 2366 565 2421 decisa
583 2371 633 2432 est,
658 2365 733 2434 quod
751 2365 888 2419 Vulcinae
903 2363 1028 2434 judiciali
1046 2363 1182 2418 sententia
1200 2363 1339 2418 silentium
1363 2365 1524 2435 impositum
1543 2373 1570 2418 et
1588 2367 1613 2419 ei

371 2452 541 2524 prohibitum
565 2452 764 2506 monasterium
787 2452 816 2504 in
834 2457 973 2520 posterius
994 2451 1131 2504 ullatenus
1156 2450 1309 2504 molestare.
1337 2451 1430 2504 Metae
1454 2451 1578 2506 fuerunt:
1597 2469 1614 2504 a

370 2541 476 2610 Vipera
493 2539 634 2608 quomodo
651 2537 728 2592 vadit
745 2537 844 2592 Ptedel
862 2554 883 2590 s.
896 2537 1010 2592 Domnii
1029 2554 1117 2606 usque
1136 2535 1171 2590 ad
1189 2538 1263 2590 viam
1280 2555 1365 2608 supra
1382 2555 1466 2604 mare,
1485 2555 1542 2608 qua
1559 2539 1614 2592 itur

371 2617 544 2695 Tragurium,
570 2625 670 2680 deinde
694 2624 730 2679 ad
754 2625 924 2680 occidentem
948 2641 1036 2696 usque
1060 2624 1095 2678 ad
1115 2633 1200 2678 terras
1224 2625 1427 2694 blessagalinae
1451 2631 1479 2680 et
1503 2641 1613 2679 sursum

371 2714 443 2767 sieut
460 2712 537 2766 vadit
554 2719 637 2782 potoc
656 2714 784 2782 superius
802 2711 838 2765 ad
856 2719 986 2777 montem,
1008 2728 1091 2780 quem
1110 2719 1193 2782 potoc
1211 2713 1362 2781 assignavit
1381 2711 1487 2766 villicus
1499 2713 1571 2782 regis
1584 2713 1612 2764 in

371 2799 528 2870 praesentia
546 2799 680 2852 nobilium
692 2797 792 2852 Srecae
810 2797 945 2867 Bogdani,
963 2798 1107 2852 Kalendae
1126 2798 1232 2863 Nicola,
1253 2797 1363 2852 Caesari
1381 2797 1484 2864 Radae,
1503 2799 1615 2852 Pisuale

371 2885 477 2942 Sabatii
496 2903 565 2941 com.
584 2885 683 2956 notarii
701 2892 728 2938 et
745 2884 869 2955 pristaldi
888 2883 1129 2954 archiepiscopalis
1147 2885 1280 2939 Vulcasii.

423 2973 551 3028 Fcrlutr':
569 2973 651 3040 illyr.
670 2971 748 3026 Beer.
765 2973 793 3023 Τ.
806 2971 870 3038 ΙΙΙ.,
887 2987 916 3038 p.
930 2974 990 3023 233.
1013 2971 1086 3041 Orio.
1105 2972 1137 3026 ia
1155 2973 1268 3026 arctico
1285 2972 1450 3027 monialium
1466 2973 1493 3028 S.
1506 2975 1615 3028 Mariae

371 3059 502 3114 cherac.

423 3165 474 3220 VI.
497 3167 616 3222 Rornae.
637 3164 786 3232 Laterani,
804 3167 842 3216 11.
861 3163 980 3218 octobris
998 3166 1079 3214 1200.
1102 3165 1281 3219 Innocentius
1300 3165 1353 3218 111.
1378 3181 1453 3235 papa
1476 3165 1613 3234 etgnificat

372 3252 495 3306 Henrioo
520 3251 577 3318 regi
598 3249 769 3318 Hungariae,
793 3265 863 3319 quas
887 3265 993 3318 poenas
1016 3249 1044 3301 in
1062 3250 1214 3304 haereticos
1238 3253 1418 3318 eonstItuerit,
1443 3251 1611 3320 mandatque

371 3345 403 3392 ut
414 3340 574 3403 Petarenos,
592 3351 663 3404 quos
682 3336 846 3405 spalatensIs
865 3335 1089 3405 archIepiscopus
1102 3335 1137 3390 de
1150 3336 1307 3406 Spaletensi
1320 3343 1348 3390 et
1360 3339 1536 3407 Tragurieusi
1548 3339 1611 3392 civi-

371 3424 475 3478 tatibus
493 3423 645 3494 expulerat,
659 3422 775 3477 Culinm
793 3430 886 3476 autem
904 3421 993 3476 banus
1006 3422 1114 3477 Bosnae
1126 3422 1180 3476 illis
1192 3440 1247 3478 non
1260 3423 1350 3477 solum
1363 3429 1453 3478 tutum
1466 3425 1612 3478 latibulum

373 3509 422 3563 sed
440 3516 468 3564 et
485 3509 654 3580 praesidium
673 3509 795 3575 contulit,
812 3526 868 3562 una
886 3525 950 3564 cum
967 3507 1041 3564 bano
1060 3526 1077 3562 a
1094 3525 1179 3578 regno
1198 3509 1332 3579 expellat;
1350 3516 1447 3564 contra
1464 3511 1612 3566 Nicolaum

372 3613 437 3650 vero
456 3597 607 3650 Farensem
624 3597 787 3667 episcopum
804 3597 832 3649 in
850 3597 1026 3666 metropolim
1041 3595 1207 3666 jadertinam
1225 3597 1362 3652 intrusum
1379 3597 1518 3667 procedat.

427 3683 560 3738 Tbcr'cer:
578 3686 653 3738 Mon.
672 3682 746 3737 δίαν.
765 3684 861 3738 merr'd.
879 3684 903 3736 Ι.
920 3701 949 3752 p.
968 3689 1009 3738 12.

424 3789 490 3844 VII.
509 3791 628 3845 Romae.
647 3788 795 3854 Laterani,
813 3791 854 3840 14.
874 3789 998 3842 Octobris
1017 3793 1096 3841 1200.
1122 3789 1301 3843 Innocentius
1320 3789 1373 3843 ΠΙ.
1396 3805 1471 3858 papa
1494 3790 1613 3858 Iniungit

374 3876 579 3946 archiepiscopo
598 3873 756 3944 spalatensi
780 3873 941 3942 (Bernardo)
959 3880 990 3928 ut
1008 3875 1156 3928 Nicolaum
1179 3875 1320 3943 quondam
1341 3875 1457 3929 farensis
1481 3877 1612 3931 ecelesiae

373 3963 541 4032 epIscopum,
561 3962 608 4032 qui
627 3960 698 4015 duos
717 3961 836 4014 necdum
853 3963 882 4013 in
900 3961 1053 4014 minoribus
1072 3961 1215 4014 ordinibus
1233 3962 1405 4027 constitutos,
1424 3963 1453 4014 in
1472 3963 1613 4032 provincia

373 4049 522 4116 spalatensi
549 4049 695 4118 episcopos
723 4048 786 4116 eligi
814 4048 928 4112 fecerat,
957 4053 985 4100 et
1008 4047 1034 4099 in
1061 4046 1206 4102 Jadertina
1230 4049 1366 4118 provintia
1389 4054 1452 4118 post
1475 4049 1560 4101 latam
1584 4048 1612 4100 in

373 4151 436 4188 eum
455 4136 644 4205 suspensionis
658 4135 822 4190 sententiam
834 4133 971 4202 quosdam
990 4134 1024 4187 ad
1044 4135 1153 4190 ordines
1167 4152 1221 4188 non
1240 4136 1349 4190 erubuit
1367 4151 1536 4204 promovere,
1556 4151 1612 4187 una

373 4239 437 4275 cum
456 4223 636 4291 suffraganeis
655 4223 712 4276 suis
731 4223 847 4291 singulis
865 4220 964 4274 diebus
982 4221 1126 4276 dominicIs
1144 4227 1172 4276 et
1190 4221 1294 4276 festivis
1310 4237 1359 4291 per
1372 4221 1529 4275 universam
1542 4220 1612 4290 Spa·

372 4310 507 4364 latensem
530 4311 699 4380 provinciam
723 4310 993 4364 excommunicatum
1017 4310 1126 4380 publice
1150 4311 1266 4374 nuntiet,
1290 4307 1431 4362 ordinatos
1449 4308 1485 4361 ab
1509 4325 1541 4361 eo
1560 4308 1612 4362 cle·

372 4396 444 4450 ricos
468 4396 503 4449 ab
528 4397 619 4450 officio
638 4403 666 4450 et
683 4396 816 4450 beneficio
841 4394 1001 4466 suspendat,
1026 4403 1054 4451 et
1077 4413 1126 4466 per
1142 4395 1316 4450 JadertInam
1339 4395 1508 4465 provinciam
1530 4394 1612 4448 faciat

373 4481 447 4536 idem
465 4482 575 4552 publice
593 4484 720 4548 nuntiari,
739 4483 813 4552 quod
833 4483 884 4536 nisi
902 4484 1048 4552 resipuerit
1066 4483 1136 4537 Infra
1153 4499 1283 4550 mensem,
1309 4499 1363 4536 non
1383 4483 1472 4536 solum
1491 4498 1508 4535 a
1526 4480 1612 4550 digni·

373 4575 431 4623 tate
448 4585 544 4623 verum
563 4569 645 4622 etiam
664 4569 699 4622 ab
718 4569 860 4624 ordinibus
878 4567 1059 4640 deponendus
1079 4571 1121 4624 sit

376 4673 382 4684 ·
429 4656 559 4710 Thelser:
584 4655 639 4709 Vct.
658 4657 730 4709 Mon.
751 4657 896 4712 Stenarum
915 4659 1011 4712 merid.
1031 4658 1054 4712 1.
1071 4675 1100 4726 p.
1120 4662 1160 4710 13.
