3376 5350
625 389 771 436 ΒΗΜΛ.
1260 383 1325 450 459

79 569 142 623 miti
160 567 262 624 Oobnn.
282 569 362 626 bleta
376 569 475 642 meipit
486 572 567 626 iuxta
577 569 689 626 fluvium
704 571 826 642 Kanysa,
839 574 1001 628 mmmmm
1014 588 1077 627 eum
1091 573 1179 628 vineis
1196 573 1232 628 de
1242 573 1327 630 Celae

79 663 108 710 et
127 663 200 711 tem
215 655 332 727 Rogata

138 743 261 798 Weneelr
283 744 348 801 Cod.
368 743 438 816 dipl.
457 746 566 818 Aspnd.
587 746 623 801 X.
642 749 702 800 ³61.

116 883 296 940 MDcxvn
316 888 392 940 1299.
412 890 452 940 17.
472 887 557 942 braii.
577 887 739 960 Capitulum
763 887 842 957 Zagr.
868 887 1000 944 ecelesiae
1025 893 1123 942 notum
1151 887 1225 956 iacit,
1251 887 1326 958 quod

79 973 202 1042 Georgio
220 973 279 1027 filio
298 971 386 1040 Pauli,
408 973 456 1030 filii
481 973 562 1042 Vide,
586 975 622 1029 ab
646 991 702 1028 una
724 980 811 1044 parte,
835 981 863 1032 et
886 974 975 1029 Paulo
1001 975 1058 1029 fibo
1076 975 1161 1030 Bosin
1180 975 1215 1028 ab
1240 975 1327 1030 altera

81 1060 277 1130 iobagionibua
290 1061 373 1116 castri
391 1061 471 1130 Zagr.
490 1061 673 1132 personaliter
691 1063 859 1128 constitutis,
877 1061 953 1117 idern
971 1061 1109 1132 Georgius
1128 1061 1273 1118 confessus
1291 1062 1327 1116 sit

80 1163 113 1202 se
132 1147 287 1216 portionem
305 1154 394 1202 terrae
412 1147 587 1203 Conteneuob
606 1165 656 1220 per
674 1155 781 1218 patrem
800 1149 860 1202 eius
878 1165 895 1202 a
913 1148 1002 1202 Paulo
1021 1149 1078 1202 filio
1097 1147 1198 1216 Oporia
1218 1165 1329 1222 eompa-

81 1241 167 1300 ratae,
187 1234 343 1290 vendidisse
363 1233 453 1290 Panlo
472 1239 499 1291 et
518 1236 576 1289 suis
593 1235 758 1290 haeredibus
782 1251 833 1306 pro
849 1235 885 1290 35
903 1237 1003 1290 mareis
1028 1235 1203 1292 denariorum
1229 1237 1330 1308 'hagra-

79 1315 226 1377 biensium'.

138 1407 265 1462 masse.-
283 1410 362 1464 Mos.
383 1411 460 1465 Hist.
482 1411 510 1464 Τ.
530 1411 554 1465 1.
573 1429 601 1482 p.
619 1415 678 1466 242.

136 1549 331 1607 MDCXVIII.
351 1554 427 1606 n299.
447 1556 488 1606 14.
508 1552 602 1608 duali.
621 1553 787 1608 Hrivatinus
804 1569 905 1620 eomes,
930 1553 978 1608 filii
1003 1561 1032 1608 et
1056 1553 1155 1608 fratres
1180 1553 1239 1608 eius
1264 1569 1329 1610 oon·

83 1639 226 1708 sanguem
244 1645 273 1694 et
291 1639 401 1710 cognati
419 1639 498 1694 Pauli
518 1641 583 1695 bani
599 1640 763 1696 Croatorum
781 1648 809 1696 et
828 1640 940 1711 Georgii
960 1647 988 1696 et
1007 1639 1123 1696 Mladini
1137 1641 1262 1706 lratnun,
1282 1657 1326 1694 oo-

82 1725 190 1787 mitum‚
206 1725 312 1780 habent
324 1727 561 1781 confirmationem
579 1745 597 1781 a
614 1727 715 1784 Cereio
734 1728 770 1784 11.
790 1745 857 1799 rege
874 1734 902 1783 et
920 1728 1010 1782 Maria
1027 1729 1122 1798 regins
1134 1728 1168 1784 de
1181 1728 1329 1782 donatione

82 1811 157 1866 sacta
175 1813 215 1867 eia
233 1814 262 1866 in
281 1813 407 1884 partibus
425 1813 572 1869 Slavoniae
590 1831 607 1869 a
625 1815 766 1886 quondam
785 1816 889 1872 Karolo
901 1817 1085 1886 primogenito
1104 1832 1169 1885 rege
1187 1816 1328 1886 Ungariae

83 1915 134 1970 pro
153 1900 258 1954 meritis
276 1901 305 1954 in
323 1902 517 1972 prosecutione
531 1919 630 1957 causae
649 1919 716 1957 suae
733 1904 760 1957 in
780 1903 911 1973 Ungaria.

141 1987 267 2042 Wensel:
284 1989 358 2042 Acta
376 1994 470 2043 extera
488 1990 513 2042 Ι.
532 2007 558 2060 p.
578 1985 642 2046 133:

136 2128 300 2184 MDCXIX.
318 2130 451 2202 Neapoli.
470 2133 547 2188 1299.
566 2134 607 2184 19.
626 2132 718 2186 Iunii.
738 2131 855 2186 Carolus
879 2131 915 2186 IL
940 2131 1051 2185 Siciliae
1070 2146 1118 2184 rex
1143 2130 1266 2184 Hennoo
1294 2131 1330 2185 de

84 2216 216 2271 Heruilla
232 2216 384 2272 Postulans
402 2213 535 2290 magistro
553 2217 728 2273 Procuratori
746 2219 866 2289 Apuliae
885 2219 1006 2284 mandat,
1030 2225 1063 2273 ut
1086 2219 1180 2272 statim
1198 2219 1327 2272 balistam

89 2321 175 2359 unam
192 2304 230 2359 de
245 2312 336 2373 turno,
355 2305 391 2361 de
407 2307 515 2362 balistis
532 2307 624 2360 curiae
636 2308 727 2377 regiae
740 2323 815 2377 quae
824 2307 878 2361 sub
892 2305 1019 2360 emtodia
1031 2306 1092 2360 eius
1103 2312 1176 2370 sunt,
1188 2306 1328 2360 Domaldo

85 2391 122 2445 de
145 2391 270 2462 Ungaria
294 2391 445 2462 (Slavonia)
472 2393 555 2447 latori
576 2393 763 2463 praesentium
789 2394 900 2448 nomine
925 2399 953 2448 st
976 2409 1026 2463 pro
1052 2399 1132 2463 porte
1155 2392 1256 2448 nobilis
1281 2394 1329 2448 viri

85 2479 166 2532 Pauli
184 2479 249 2534 bani
267 2481 411 2550 assignare
428 2485 564 2552 procuret.
584 2481 614 2536 Si
634 2497 690 2536 non
708 2475 792 2536 habet
811 2486 885 2536 emat
903 2480 939 2536 de
957 2482 1076 2551 pecunia
1094 2482 1194 2536 curiae.

142 2567 267 2621 Wesml:
284 2569 357 2622 Aeto
375 2574 469 2622 extera
489 2571 511 2622 Ι.
529 2586 555 2638 p.
575 2571 635 2623 134.

139 2707 288 2763 MDCXX.
313 2711 390 2762 1299.
417 2711 457 2762 13.
483 2708 566 2762 Jolii.
592 2708 752 2779 Capitulum
781 2709 915 2764 ecelesiae
938 2708 1055 2778 Zagrab.
1081 2707 1232 2776 significat
1255 2707 1330 2778 quod

87 2797 253 2850 constitutus
271 2812 364 2850 eoram
383 2812 416 2850 eo
435 2795 517 2850 Wlok
536 2795 609 2851 filins
621 2796 715 2850 Rodik
728 2797 762 2850 de
776 2797 904 2852 Guerehe
921 2796 1065 2850 confessus
1078 2800 1120 2849 est
1132 2811 1162 2850 se
1174 2794 1330 2850 vendidisse

87 2883 251 2956 Maroolpho
270 2891 298 2939 et
315 2884 446 2938 fratribus
466 2885 526 2938 eius
538 2883 667 2938 Peznano
687 2891 715 2939 et
732 2881 864 2954 Endreylr
876 2883 1018 2938 nobilibus
1037 2883 1072 2938 de
1091 2881 1188 2936 eadem
1201 2882 1330 2937 Guerohe

85 2973 287 3042 possessionem
314 2987 392 3026 suam
416 2971 626 3026 haereditariam
646 2972 818 3042 Mrzlopolje,
842 2973 920 3026 iuxta
943 2970 1170 3025 consuetudinem
1194 2969 1329 3024 nobilium

86 3059 122 3113 de
140 3059 268 3114 Gumebe
291 3075 326 3114 ex
349 3061 463 3130 antiqno
488 3061 678 3130 approbatam,
697 3077 748 3130 pro
771 3060 866 3114 decem
890 3065 918 3114 et
941 3065 1005 3114 ooto
1032 3058 1131 3112 mareis
1156 3057 1329 3112 denariorum

84 3145 235 3200 banalium.
255 3146 344 3216 Cujus
365 3153 454 3201 terrae
471 3153 569 3213 metae,
588 3148 660 3200 siout
677 3147 771 3202 retulit
788 3147 920 3216 magister
939 3147 1062 3202 Bonoras
1081 3147 1229 3201 eanonicus
1248 3145 1328 3214 Zagr.

87 3235 226 3303 incipiunt
243 3236 272 3288 in
290 3251 363 3305 aqua
381 3235 543 3302 Coroniam,
563 3234 610 3288 ubi
629 3220 734 3288 rivulus
758 3235 918 3290 Brezoueob
935 3235 1018 3289 intrat
1036 3236 1063 3288 in
1083 3250 1152 3301 eam,
1164 3233 1229 3288 inde
1247 3249 1331 3302 supra

84 3321 204 3376 rivulum
223 3329 250 3376 et
268 3339 318 3393 per
335 3327 457 3378 montem
475 3324 551 3377 venit
569 3321 604 3376 ad
623 3323 716 3376 loonm
734 3323 782 3377 nbi
801 3323 905 3377 rivulus
924 3321 1103 3392 Topoloueeb
1121 3323 1205 3374 intrat
1222 3321 1251 3374 in
1264 3320 1329 3374 Bre-

84 3409 199 3476 zoueeh,
217 3409 282 3464 inde
300 3427 350 3480 per
367 3415 492 3465 montem
510 3411 585 3466 renit
603 3410 642 3480 ad
658 3427 789 3481 magnam
801 3411 873 3465 viam
886 3413 914 3463 et
927 3409 1001 3463 venit
1013 3407 1049 3462 ad
1062 3408 1175 3461 alteram
1186 3423 1330 3476 perquam

85 3498 142 3550 itur
160 3495 195 3551 de
213 3497 278 3551 villa
296 3497 438 3552 Dobrenin
457 3499 493 3552 ad
521 3497 699 3562 Sumebant,
726 3497 790 3551 inde
815 3514 864 3567 per
887 3511 1017 3566 magnum
1043 3496 1164 3564 spatium
1192 3501 1220 3547 et
1243 3496 1331 3548 varias
1378 3515 1381 3520 ’

83 3589 174 3638 metas
192 3585 228 3638 ad
247 3583 429 3640 Coronioham
448 3587 495 3641 nbi
514 3590 698 3640 commetatur
716 3591 805 3638 terrae
823 3583 937 3638 [beseve
948 3583 1040 3652 loque,
1053 3581 1118 3636 inde
1131 3597 1241 3634 sursum
1255 3583 1330 3634 venit

83 3671 120 3726 ad
139 3672 267 3742 priorem.
287 3673 443 3727 Astiterunt
461 3673 544 3727 vieini
563 3679 591 3726 et
609 3673 727 3743 proximi
752 3677 909 3742 emptorum
932 3678 961 3726 et
978 3670 1142 3726 venditoris:
1163 3669 1238 3722 Pezlr
1256 3668 1329 3722 lilius

82 3761 225 3828 Dragani,
243 3759 346 3816 Ivnben
364 3761 438 3816 filins
457 3759 616 3830 Craymerii‚
635 3759 787 3828 Gregorius
806 3759 880 3814 filius
897 3758 1050 3826 Dobronh,
1070 3757 1227 3827 stephanus
1240 3763 1268 3812 et
1279 3756 1328 3810 Jo-

83 3847 190 3902 bannes
213 3847 262 3902 filii
283 3847 417 3914 Ioomerii,
438 3847 494 3902 Vid
514 3847 588 3902 tilius
609 3846 719 3914 Wlkan,
740 3845 806 3902 Wllr
824 3846 899 3902 lilius
917 3845 1058 3916 Poligrad‚
1085 3843 1235 3900 Radislam
1256 3845 1329 3898 lilius

82 3934 222 4004 Tugnrny,
241 3937 288 4005 qui
307 3952 405 3990 omnes
423 3935 608 3990 venditionem
627 3934 810 3990 ratifieabant

137 4021 185 4075 Es
202 4024 274 4076 aetia
292 4023 398 4078 oroltioi
416 4023 495 4093 repsi
516 4022 643 4077 Croalioe
658 4037 710 4091 per
728 4021 832 4076 bonam
851 4020 1134 4089 Kbuea-Hederodry
1152 4019 1263 4074 oblatis.

139 4163 517 4220 andnimandans
542 4163 629 4218 Jslio.
655 4163 815 4218 Conventus
840 4161 999 4217 monasterii
1024 4159 1205 4216 Varadiensis
1230 4164 1329 4212 notum

83 4251 160 4319 faoit,
179 4251 253 4322 quod
273 4251 381 4307 nobiles
395 4253 512 4324 juvenes
531 4251 678 4322 Philippus
696 4251 770 4304 iilius
788 4251 911 4320 magistri
928 4247 1049 4320 Philippi
1068 4250 1105 4303 ab
1121 4263 1177 4302 una
1201 4251 1278 4318 parte
1303 4251 1331 4299 et

81 4340 215 4407 magister
240 4339 386 4394 ladislaus
415 4339 488 4392 filius
512 4338 636 4393 eiusdem
659 4339 784 4410 magistri
808 4338 929 4410 Philippi
954 4337 1074 4404 maioris,
1099 4336 1184 4392 irater
1211 4335 1270 4388 eius
1294 4333 1329 4386 ab

81 4427 170 4480 altera
189 4443 272 4497 super
290 4428 464 4497 possessione
484 4425 675 4494 Grabsasolva‚
695 4443 769 4496 quae
788 4431 830 4480 est
848 4427 986 4496 possessio
1011 4423 1133 4494 magistri
1158 4421 1281 4492 Philippi
1301 4421 1328 4473 in

81 4514 209 4583 partibus
227 4514 429 4569 ultradrnvanis
448 4515 476 4568 in
496 4513 628 4568 comitatu
648 4513 683 4567 de
703 4513 822 4568 Wollrov
834 4514 912 4566 iuxta
924 4511 1111 4581 possesionem
1127 4511 1192 4564 dicti
1205 4509 1326 4563 Ladislai
1371 4541 1376 4547 -

80 4601 249 4658 Zombothel
268 4609 403 4668 vocatam,
421 4603 488 4657 item
507 4617 590 4671 super
608 4601 781 4671 possessione
800 4600 887 4654 Chala
901 4600 927 4654 in
941 4601 1074 4654 comitatu
1089 4598 1122 4652 de
1136 4597 1251 4664 Tholas,
1269 4597 1325 4651 tale

80 4689 276 4744 concambium
298 4689 421 4744 feserunt
444 4691 515 4744 inter
533 4705 570 4756 sa,
590 4688 664 4759 qnod
685 4688 786 4742 dietam
805 4688 1009 4758 possessionem
1028 4685 1218 4753 Crabsalblva,
1237 4683 1329 4739 dietus
