<?xml version="1.0" encoding="UTF-8"?>
<!DOCTYPE html PUBLIC "-//W3C//DTD XHTML 1.0 Transitional//EN"
    "http://www.w3.org/TR/xhtml1/DTD/xhtml1-transitional.dtd">
<html xmlns="http://www.w3.org/1999/xhtml" xml:lang="en" lang="en">
 <head>
  <title>
</title>
<meta http-equiv="Content-Type" content="text/html;charset=utf-8" />
  <meta name='ocr-system' content='tesseract 3.04.00' />
  <meta name='ocr-capabilities' content='ocr_page ocr_carea ocr_par ocr_line ocrx_word'/>
</head>
<body>
  <div class='ocr_page' id='page_1' title='image "./regestadocument00sakcgoog_0440.png"; bbox 0 0 3376 5350; ppageno 0'>
   <div class='ocr_carea' id='block_1_1' title="bbox 352 347 1098 418">
    <p class='ocr_par' dir='ltr' id='par_1_1' title="bbox 352 347 1098 418">
     <span class='ocr_line' id='line_1_1' title="bbox 352 347 1098 418; baseline 0.001 -17"><span class='ocrx_word' id='word_1_1' title='bbox 352 351 418 418; x_wconf 83' lang='lat'>436</span> <span class='ocrx_word' id='word_1_2' title='bbox 852 361 871 402; x_wconf 87' lang='lat' dir='ltr'>r.</span> <span class='ocrx_word' id='word_1_3' title='bbox 890 347 1098 415; x_wconf 77' lang='lat' dir='ltr'>uuuunrrrvrc,</span> 
     </span>
    </p>
   </div>
   <div class='ocr_carea' id='block_1_2' title="bbox 351 539 1606 1656">
    <p class='ocr_par' dir='ltr' id='par_1_2' title="bbox 351 539 1606 1656">
     <span class='ocr_line' id='line_1_2' title="bbox 353 539 1599 610; baseline 0.003 -18"><span class='ocrx_word' id='word_1_4' title='bbox 353 541 493 594; x_wconf 90' lang='lat' dir='ltr'>librarum.</span> <span class='ocrx_word' id='word_1_5' title='bbox 513 539 595 606; x_wconf 83' lang='lat' dir='ltr'>Quod</span> <span class='ocrx_word' id='word_1_6' title='bbox 615 545 794 610; x_wconf 89' lang='lat' dir='ltr'>praeceptum</span> <span class='ocrx_word' id='word_1_7' title='bbox 819 539 970 610; x_wconf 79' lang='lat' dir='ltr'>Gregorius</span> <span class='ocrx_word' id='word_1_8' title='bbox 988 541 1072 610; x_wconf 83' lang='lat' dir='ltr'><strong>episc.</strong></span> <span class='ocrx_word' id='word_1_9' title='bbox 1090 540 1282 610; x_wconf 81' lang='lat' dir='ltr'>Traguriensis</span> <span class='ocrx_word' id='word_1_10' title='bbox 1300 542 1329 594; x_wconf 92' lang='lat' dir='ltr'>in</span> <span class='ocrx_word' id='word_1_11' title='bbox 1347 540 1420 596; x_wconf 86' lang='lat' dir='ltr'>festo</span> <span class='ocrx_word' id='word_1_12' title='bbox 1438 542 1465 596; x_wconf 91' lang='lat' dir='ltr'>b.</span> <span class='ocrx_word' id='word_1_13' title='bbox 1485 543 1599 598; x_wconf 89' lang='lat' dir='ltr'>Domnii</span> 
     </span>
     <span class='ocr_line' id='line_1_3' title="bbox 354 625 1601 698; baseline 0 -16"><span class='ocrx_word' id='word_1_14' title='bbox 354 628 547 698; x_wconf 87' lang='lat' dir='ltr'>praesentibus</span> <span class='ocrx_word' id='word_1_15' title='bbox 565 628 746 696; x_wconf 75' lang='lat' dir='ltr'>sutliaganeis</span> <span class='ocrx_word' id='word_1_16' title='bbox 766 627 871 681; x_wconf 89' lang='lat' dir='ltr'>dictum</span> <span class='ocrx_word' id='word_1_17' title='bbox 891 629 1052 697; x_wconf 87' lang='lat' dir='ltr'>episcopum</span> <span class='ocrx_word' id='word_1_18' title='bbox 1072 625 1292 682; x_wconf 82' lang='lat' dir='ltr'>Scardonensem</span> <span class='ocrx_word' id='word_1_19' title='bbox 1311 627 1457 698; x_wconf 78' lang='lat' dir='ltr'>infregisse</span> <span class='ocrx_word' id='word_1_20' title='bbox 1475 635 1521 683; x_wconf 89' lang='lat' dir='ltr'>est</span> <span class='ocrx_word' id='word_1_21' title='bbox 1539 645 1601 682; x_wconf 91' lang='lat' dir='ltr'>con·</span> 
     </span>
     <span class='ocr_line' id='line_1_4' title="bbox 355 713 1602 786; baseline 0.001 -17"><span class='ocrx_word' id='word_1_22' title='bbox 355 723 477 786; x_wconf 87' lang='lat' dir='ltr'>questus,</span> <span class='ocrx_word' id='word_1_23' title='bbox 498 713 593 769; x_wconf 89' lang='lat' dir='ltr'>dicens</span> <span class='ocrx_word' id='word_1_24' title='bbox 611 713 686 784; x_wconf 92' lang='lat' dir='ltr'>quod</span> <span class='ocrx_word' id='word_1_25' title='bbox 704 715 750 768; x_wconf 91' lang='lat' dir='ltr'>ille</span> <span class='ocrx_word' id='word_1_26' title='bbox 769 714 883 768; x_wconf 87' lang='lat' dir='ltr'>clericos</span> <span class='ocrx_word' id='word_1_27' title='bbox 902 713 1094 768; x_wconf 82' lang='lat' dir='ltr'>Sibenicenses</span> <span class='ocrx_word' id='word_1_28' title='bbox 1106 714 1142 768; x_wconf 87' lang='lat' dir='ltr'>ad</span> <span class='ocrx_word' id='word_1_29' title='bbox 1156 731 1248 770; x_wconf 84' lang='lat' dir='ltr'>sacros</span> <span class='ocrx_word' id='word_1_30' title='bbox 1261 713 1372 770; x_wconf 84' lang='lat' dir='ltr'>ordines</span> <span class='ocrx_word' id='word_1_31' title='bbox 1386 719 1557 785; x_wconf 82' lang='lat' dir='ltr'>promoverit</span> <span class='ocrx_word' id='word_1_32' title='bbox 1574 727 1602 770; x_wconf 89' lang='lat' dir='ltr'>et</span> 
     </span>
     <span class='ocr_line' id='line_1_5' title="bbox 354 801 1601 866; baseline 0 -8"><span class='ocrx_word' id='word_1_33' title='bbox 354 804 408 858; x_wconf 88' lang='lat' dir='ltr'>alia</span> <span class='ocrx_word' id='word_1_34' title='bbox 433 809 605 858; x_wconf 85' lang='lat' dir='ltr'>sacramenta</span> <span class='ocrx_word' id='word_1_35' title='bbox 630 801 814 866; x_wconf 83' lang='lat' dir='ltr'>celebraverit,</span> <span class='ocrx_word' id='word_1_36' title='bbox 839 818 902 855; x_wconf 91' lang='lat' dir='ltr'>cum</span> <span class='ocrx_word' id='word_1_37' title='bbox 927 801 993 856; x_wconf 88' lang='lat' dir='ltr'>dicti</span> <span class='ocrx_word' id='word_1_38' title='bbox 1018 803 1108 856; x_wconf 88' lang='lat' dir='ltr'>clerici</span> <span class='ocrx_word' id='word_1_39' title='bbox 1133 809 1161 856; x_wconf 89' lang='lat' dir='ltr'>et</span> <span class='ocrx_word' id='word_1_40' title='bbox 1185 809 1274 856; x_wconf 90' lang='lat' dir='ltr'>totum</span> <span class='ocrx_word' id='word_1_41' title='bbox 1300 801 1460 858; x_wconf 78' lang='lat' dir='ltr'>Sibenieurn</span> <span class='ocrx_word' id='word_1_42' title='bbox 1485 804 1601 858; x_wconf 81' lang='lat' dir='ltr'>subiecti</span> 
     </span>
     <span class='ocr_line' id='line_1_6' title="bbox 355 888 1601 960; baseline 0.001 -17"><span class='ocrx_word' id='word_1_43' title='bbox 355 891 411 944; x_wconf 90' lang='lat' dir='ltr'>sint</span> <span class='ocrx_word' id='word_1_44' title='bbox 420 891 592 960; x_wconf 86' lang='lat' dir='ltr'>episcopatui</span> <span class='ocrx_word' id='word_1_45' title='bbox 603 889 738 960; x_wconf 80' lang='lat' dir='ltr'>Tragurii,</span> <span class='ocrx_word' id='word_1_46' title='bbox 749 888 907 942; x_wconf 88' lang='lat' dir='ltr'>excusando</span> <span class='ocrx_word' id='word_1_47' title='bbox 922 905 951 942; x_wconf 85' lang='lat' dir='ltr'>se</span> <span class='ocrx_word' id='word_1_48' title='bbox 965 905 1027 943; x_wconf 91' lang='lat' dir='ltr'>curn</span> <span class='ocrx_word' id='word_1_49' title='bbox 1047 889 1177 943; x_wconf 90' lang='lat' dir='ltr'>mandalo</span> <span class='ocrx_word' id='word_1_50' title='bbox 1190 889 1397 960; x_wconf 87' lang='lat' dir='ltr'>archiepiscopi,</span> <span class='ocrx_word' id='word_1_51' title='bbox 1411 906 1498 960; x_wconf 85' lang='lat' dir='ltr'>quare</span> <span class='ocrx_word' id='word_1_52' title='bbox 1511 891 1601 946; x_wconf 81' lang='lat' dir='ltr'>eidem</span> 
     </span>
     <span class='ocr_line' id='line_1_7' title="bbox 353 975 1600 1048; baseline 0.001 -17"><span class='ocrx_word' id='word_1_53' title='bbox 353 977 473 1048; x_wconf 81' lang='lat' dir='ltr'>graviter</span> <span class='ocrx_word' id='word_1_54' title='bbox 491 978 582 1031; x_wconf 84' lang='lat' dir='ltr'>extitit</span> <span class='ocrx_word' id='word_1_55' title='bbox 600 976 718 1030; x_wconf 84' lang='lat' dir='ltr'>infestus</span> <span class='ocrx_word' id='word_1_56' title='bbox 736 983 764 1030; x_wconf 88' lang='lat' dir='ltr'>et</span> <span class='ocrx_word' id='word_1_57' title='bbox 782 975 915 1030; x_wconf 85' lang='lat' dir='ltr'>molestus</span> <span class='ocrx_word' id='word_1_58' title='bbox 933 975 1006 1030; x_wconf 91' lang='lat' dir='ltr'>idem</span> <span class='ocrx_word' id='word_1_59' title='bbox 1026 977 1174 1046; x_wconf 87' lang='lat' dir='ltr'>episcopus</span> <span class='ocrx_word' id='word_1_60' title='bbox 1194 977 1392 1047; x_wconf 84' lang='lat' dir='ltr'>Traguriensia.</span> <span class='ocrx_word' id='word_1_61' title='bbox 1412 976 1469 1033; x_wconf 86' lang='lat' dir='ltr'>Sed</span> <span class='ocrx_word' id='word_1_62' title='bbox 1488 987 1600 1048; x_wconf 81' lang='lat' dir='ltr'>oportet</span> 
     </span>
     <span class='ocr_line' id='line_1_8' title="bbox 354 1062 1602 1135; baseline 0.001 -17"><span class='ocrx_word' id='word_1_63' title='bbox 354 1065 485 1135; x_wconf 85' lang='lat' dir='ltr'>episcopo</span> <span class='ocrx_word' id='word_1_64' title='bbox 504 1063 598 1118; x_wconf 80' lang='lat' dir='ltr'>Scard.</span> <span class='ocrx_word' id='word_1_65' title='bbox 618 1063 688 1118; x_wconf 89' lang='lat' dir='ltr'>bene</span> <span class='ocrx_word' id='word_1_66' title='bbox 707 1063 827 1118; x_wconf 87' lang='lat' dir='ltr'>recolere</span> <span class='ocrx_word' id='word_1_67' title='bbox 846 1079 909 1116; x_wconf 91' lang='lat' dir='ltr'>cum</span> <span class='ocrx_word' id='word_1_68' title='bbox 939 1079 1026 1132; x_wconf 87' lang='lat' dir='ltr'>nuper</span> <span class='ocrx_word' id='word_1_69' title='bbox 1044 1063 1072 1116; x_wconf 91' lang='lat' dir='ltr'>in</span> <span class='ocrx_word' id='word_1_70' title='bbox 1091 1065 1221 1118; x_wconf 87' lang='lat' dir='ltr'>societate</span> <span class='ocrx_word' id='word_1_71' title='bbox 1246 1062 1326 1117; x_wconf 87' lang='lat' dir='ltr'>Pauli</span> <span class='ocrx_word' id='word_1_72' title='bbox 1350 1063 1415 1118; x_wconf 90' lang='lat' dir='ltr'>bani</span> <span class='ocrx_word' id='word_1_73' title='bbox 1440 1065 1602 1120; x_wconf 67' lang='lat' dir='ltr'><strong>accessisset</strong></span> 
     </span>
     <span class='ocr_line' id='line_1_9' title="bbox 353 1149 1602 1222; baseline 0.001 -16"><span class='ocrx_word' id='word_1_74' title='bbox 353 1151 389 1206; x_wconf 89' lang='lat' dir='ltr'>ad</span> <span class='ocrx_word' id='word_1_75' title='bbox 408 1167 471 1206; x_wconf 89' lang='lat' dir='ltr'>eum</span> <span class='ocrx_word' id='word_1_76' title='bbox 489 1167 572 1222; x_wconf 88' lang='lat' dir='ltr'>super</span> <span class='ocrx_word' id='word_1_77' title='bbox 590 1151 689 1205; x_wconf 89' lang='lat' dir='ltr'>eodem</span> <span class='ocrx_word' id='word_1_78' title='bbox 708 1149 782 1205; x_wconf 85' lang='lat' dir='ltr'>lacto</span> <span class='ocrx_word' id='word_1_79' title='bbox 799 1166 855 1205; x_wconf 91' lang='lat' dir='ltr'>uon</span> <span class='ocrx_word' id='word_1_80' title='bbox 874 1150 962 1204; x_wconf 89' lang='lat' dir='ltr'>solnm</span> <span class='ocrx_word' id='word_1_81' title='bbox 982 1167 999 1204; x_wconf 89' lang='lat' dir='ltr'>a</span> <span class='ocrx_word' id='word_1_82' title='bbox 1016 1151 1248 1219; x_wconf 80' lang='lat' dir='ltr'>Traguriensibus</span> <span class='ocrx_word' id='word_1_83' title='bbox 1272 1150 1321 1204; x_wconf 87' lang='lat' dir='ltr'>sed</span> <span class='ocrx_word' id='word_1_84' title='bbox 1347 1152 1430 1206; x_wconf 89' lang='lat' dir='ltr'>ctiam</span> <span class='ocrx_word' id='word_1_85' title='bbox 1455 1151 1602 1221; x_wconf 85' lang='lat' dir='ltr'>Spalaten·</span> 
     </span>
     <span class='ocr_line' id='line_1_10' title="bbox 353 1237 1603 1310; baseline -0.001 -17"><span class='ocrx_word' id='word_1_86' title='bbox 353 1240 430 1294; x_wconf 88' lang='lat' dir='ltr'>sibus</span> <span class='ocrx_word' id='word_1_87' title='bbox 448 1239 625 1310; x_wconf 81' lang='lat' dir='ltr'>gravissimas</span> <span class='ocrx_word' id='word_1_88' title='bbox 649 1239 861 1292; x_wconf 86' lang='lat' dir='ltr'>lamentationes</span> <span class='ocrx_word' id='word_1_89' title='bbox 881 1243 908 1292; x_wconf 87' lang='lat' dir='ltr'>et</span> <span class='ocrx_word' id='word_1_90' title='bbox 925 1237 1060 1292; x_wconf 82' lang='lat' dir='ltr'>terribiles</span> <span class='ocrx_word' id='word_1_91' title='bbox 1085 1238 1295 1308; x_wconf 79' lang='lat' dir='ltr'>conquestiones</span> <span class='ocrx_word' id='word_1_92' title='bbox 1320 1238 1347 1292; x_wconf 91' lang='lat' dir='ltr'>in</span> <span class='ocrx_word' id='word_1_93' title='bbox 1371 1239 1529 1308; x_wconf 89' lang='lat' dir='ltr'>praesentia</span> <span class='ocrx_word' id='word_1_94' title='bbox 1553 1255 1603 1310; x_wconf 90' lang='lat' dir='ltr'>po-</span> 
     </span>
     <span class='ocr_line' id='line_1_11' title="bbox 352 1323 1606 1397; baseline 0 -16"><span class='ocrx_word' id='word_1_95' title='bbox 352 1328 460 1382; x_wconf 88' lang='lat' dir='ltr'>tcstatis</span> <span class='ocrx_word' id='word_1_96' title='bbox 479 1325 651 1396; x_wconf 70' lang='lat' dir='ltr'>spalatensis</span> <span class='ocrx_word' id='word_1_97' title='bbox 670 1333 697 1380; x_wconf 89' lang='lat' dir='ltr'>et</span> <span class='ocrx_word' id='word_1_98' title='bbox 715 1327 840 1380; x_wconf 90' lang='lat' dir='ltr'>omnium</span> <span class='ocrx_word' id='word_1_99' title='bbox 859 1325 994 1380; x_wconf 79' lang='lat' dir='ltr'>nobilium</span> <span class='ocrx_word' id='word_1_100' title='bbox 1013 1323 1118 1397; x_wconf 83' lang='lat' dir='ltr'>Spalat.</span> <span class='ocrx_word' id='word_1_101' title='bbox 1144 1333 1292 1381; x_wconf 75' lang='lat' dir='ltr'>contrane</span> <span class='ocrx_word' id='word_1_102' title='bbox 1320 1325 1410 1396; x_wconf 80' lang='lat' dir='ltr'>rigide</span> <span class='ocrx_word' id='word_1_103' title='bbox 1435 1332 1463 1380; x_wconf 90' lang='lat' dir='ltr'>et</span> <span class='ocrx_word' id='word_1_104' title='bbox 1481 1326 1554 1380; x_wconf 91' lang='lat' dir='ltr'>dura</span> <span class='ocrx_word' id='word_1_105' title='bbox 1577 1335 1606 1381; x_wconf 87' lang='lat' dir='ltr'>et</span> 
     </span>
     <span class='ocr_line' id='line_1_12' title="bbox 353 1412 1605 1484; baseline -0.002 -16"><span class='ocrx_word' id='word_1_106' title='bbox 353 1415 483 1468; x_wconf 86' lang='lat' dir='ltr'>molestas</span> <span class='ocrx_word' id='word_1_107' title='bbox 501 1413 701 1484; x_wconf 73' lang='lat' dir='ltr'>appellationes</span> <span class='ocrx_word' id='word_1_108' title='bbox 719 1412 862 1467; x_wconf 78' lang='lat' dir='ltr'>audiverit.</span> <span class='ocrx_word' id='word_1_109' title='bbox 882 1412 1028 1478; x_wconf 78' lang='lat' dir='ltr'>Quatenus</span> <span class='ocrx_word' id='word_1_110' title='bbox 1046 1414 1071 1468; x_wconf 90' lang='lat' dir='ltr'>ei</span> <span class='ocrx_word' id='word_1_111' title='bbox 1090 1413 1204 1468; x_wconf 85' lang='lat' dir='ltr'>mandat</span> <span class='ocrx_word' id='word_1_112' title='bbox 1222 1419 1254 1468; x_wconf 87' lang='lat' dir='ltr'>ut</span> <span class='ocrx_word' id='word_1_113' title='bbox 1281 1413 1310 1467; x_wconf 93' lang='lat' dir='ltr'>iu</span> <span class='ocrx_word' id='word_1_114' title='bbox 1336 1419 1418 1468; x_wconf 85' lang='lat' dir='ltr'>antea</span> <span class='ocrx_word' id='word_1_115' title='bbox 1441 1413 1605 1470; x_wconf 83' lang='lat' dir='ltr'>nullatenus</span> 
     </span>
     <span class='ocr_line' id='line_1_13' title="bbox 351 1498 1488 1571; baseline 0.003 -17"><span class='ocrx_word' id='word_1_116' title='bbox 351 1506 484 1571; x_wconf 90' lang='lat' dir='ltr'>atemptet</span> <span class='ocrx_word' id='word_1_117' title='bbox 502 1501 530 1554; x_wconf 90' lang='lat' dir='ltr'>in</span> <span class='ocrx_word' id='word_1_118' title='bbox 549 1498 698 1571; x_wconf 87' lang='lat' dir='ltr'>praedictis</span> <span class='ocrx_word' id='word_1_119' title='bbox 716 1499 857 1566; x_wconf 83' lang='lat' dir='ltr'>excedere,</span> <span class='ocrx_word' id='word_1_120' title='bbox 875 1499 897 1554; x_wconf 89' lang='lat' dir='ltr'>si</span> <span class='ocrx_word' id='word_1_121' title='bbox 917 1516 1034 1570; x_wconf 88' lang='lat' dir='ltr'>poenam</span> <span class='ocrx_word' id='word_1_122' title='bbox 1054 1501 1162 1556; x_wconf 90' lang='lat' dir='ltr'>concilii</span> <span class='ocrx_word' id='word_1_123' title='bbox 1181 1503 1319 1556; x_wconf 87' lang='lat' dir='ltr'>incurrere</span> <span class='ocrx_word' id='word_1_124' title='bbox 1337 1517 1393 1556; x_wconf 88' lang='lat' dir='ltr'>uon</span> <span class='ocrx_word' id='word_1_125' title='bbox 1413 1502 1488 1557; x_wconf 80' lang='lat' dir='ltr'>velit</span> 
     </span>
     <span class='ocr_line' id='line_1_14' title="bbox 405 1586 897 1656; baseline -0.004 -14"><span class='ocrx_word' id='word_1_126' title='bbox 405 1587 525 1642; x_wconf 82' lang='lat' dir='ltr'>Lucius:</span> <span class='ocrx_word' id='word_1_127' title='bbox 544 1587 626 1642; x_wconf 86' lang='lat' dir='ltr'>Mem.</span> <span class='ocrx_word' id='word_1_128' title='bbox 646 1586 677 1640; x_wconf 80' lang='lat' dir='ltr'>di</span> <span class='ocrx_word' id='word_1_129' title='bbox 698 1587 774 1640; x_wconf 81' lang='lat' dir='ltr'>Traa</span> <span class='ocrx_word' id='word_1_130' title='bbox 788 1603 819 1656; x_wconf 81' lang='lat' dir='ltr'>p.</span> <span class='ocrx_word' id='word_1_131' title='bbox 838 1591 897 1642; x_wconf 79' lang='lat'><strong><em>132.</em></strong></span> 
     </span>
    </p>
   </div>
   <div class='ocr_carea' id='block_1_3' title="bbox 408 1727 1605 1800">
    <p class='ocr_par' dir='ltr' id='par_1_3' title="bbox 408 1727 1605 1800">
     <span class='ocr_line' id='line_1_15' title="bbox 408 1727 1605 1800; baseline 0.003 -19"><span class='ocrx_word' id='word_1_132' title='bbox 408 1727 562 1784; x_wconf 83' lang='lat' dir='ltr'>MDXXV.</span> <span class='ocrx_word' id='word_1_133' title='bbox 581 1727 723 1784; x_wconf 71' lang='lat' dir='ltr'>venetiis.</span> <span class='ocrx_word' id='word_1_134' title='bbox 748 1730 825 1782; x_wconf 80' lang='lat'><strong><em>1293.</em></strong></span> <span class='ocrx_word' id='word_1_135' title='bbox 849 1731 892 1782; x_wconf 80' lang='lat'>27.</span> <span class='ocrx_word' id='word_1_136' title='bbox 916 1727 1000 1784; x_wconf 85' lang='lat' dir='ltr'>Maii.</span> <span class='ocrx_word' id='word_1_137' title='bbox 1026 1730 1116 1800; x_wconf 87' lang='lat' dir='ltr'>Capta</span> <span class='ocrx_word' id='word_1_138' title='bbox 1134 1747 1197 1800; x_wconf 87' lang='lat' dir='ltr'>pars</span> <span class='ocrx_word' id='word_1_139' title='bbox 1215 1731 1243 1786; x_wconf 89' lang='lat' dir='ltr'>in</span> <span class='ocrx_word' id='word_1_140' title='bbox 1262 1732 1359 1785; x_wconf 86' lang='lat' dir='ltr'>maiori</span> <span class='ocrx_word' id='word_1_141' title='bbox 1383 1729 1508 1796; x_wconf 86' lang='lat' dir='ltr'>consilio,</span> <span class='ocrx_word' id='word_1_142' title='bbox 1527 1731 1605 1800; x_wconf 91' lang='lat' dir='ltr'>qnod</span> 
     </span>
    </p>
   </div>
   <div class='ocr_carea' id='block_1_4' title="bbox 252 1813 1605 1888">
    <p class='ocr_par' dir='ltr' id='par_1_4' title="bbox 252 1813 1605 1888">
     <span class='ocr_line' id='line_1_16' title="bbox 252 1813 1605 1888; baseline 0.001 -18"><span class='ocrx_word' id='word_1_143' title='bbox 252 1845 254 1850; x_wconf 95' lang='lat'>·</span> <span class='ocrx_word' id='word_1_144' title='bbox 355 1816 404 1870; x_wconf 87' lang='lat' dir='ltr'>liat</span> <span class='ocrx_word' id='word_1_145' title='bbox 422 1817 511 1885; x_wconf 84' lang='lat' dir='ltr'>gratia</span> <span class='ocrx_word' id='word_1_146' title='bbox 529 1815 623 1870; x_wconf 89' lang='lat' dir='ltr'>comiti</span> <span class='ocrx_word' id='word_1_147' title='bbox 642 1813 759 1875; x_wconf 87' lang='lat' dir='ltr'>Podino.</span> <span class='ocrx_word' id='word_1_148' title='bbox 778 1815 826 1882; x_wconf 94' lang='lat' dir='ltr'>qui</span> <span class='ocrx_word' id='word_1_149' title='bbox 846 1814 921 1868; x_wconf 89' lang='lat' dir='ltr'>dedit</span> <span class='ocrx_word' id='word_1_150' title='bbox 940 1815 1108 1886; x_wconf 86' lang='lat' dir='ltr'>reipublicae</span> <span class='ocrx_word' id='word_1_151' title='bbox 1121 1817 1277 1884; x_wconf 76' lang='lat' dir='ltr'>Abnisium,</span> <span class='ocrx_word' id='word_1_152' title='bbox 1291 1816 1325 1870; x_wconf 91' lang='lat' dir='ltr'>de</span> <span class='ocrx_word' id='word_1_153' title='bbox 1344 1817 1484 1888; x_wconf 78' lang='lat' dir='ltr'>amphoris</span> <span class='ocrx_word' id='word_1_154' title='bbox 1504 1819 1605 1887; x_wconf 78' lang='lat' dir='ltr'>viginti</span> 
     </span>
    </p>
   </div>
   <div class='ocr_carea' id='block_1_5' title="bbox 354 1901 1608 2146">
    <p class='ocr_par' dir='ltr' id='par_1_5' title="bbox 354 1901 1608 2146">
     <span class='ocr_line' id='line_1_17' title="bbox 354 1901 1608 1975; baseline 0 -17"><span class='ocrx_word' id='word_1_155' title='bbox 354 1905 419 1970; x_wconf 83' lang='lat' dir='ltr'>vini,</span> <span class='ocrx_word' id='word_1_156' title='bbox 438 1903 566 1974; x_wconf 86' lang='lat' dir='ltr'>portandi</span> <span class='ocrx_word' id='word_1_157' title='bbox 585 1901 710 1972; x_wconf 87' lang='lat' dir='ltr'>quolibet</span> <span class='ocrx_word' id='word_1_158' title='bbox 728 1917 801 1956; x_wconf 88' lang='lat' dir='ltr'>anno</span> <span class='ocrx_word' id='word_1_159' title='bbox 820 1901 878 1956; x_wconf 90' lang='lat' dir='ltr'>sine</span> <span class='ocrx_word' id='word_1_160' title='bbox 897 1901 973 1956; x_wconf 90' lang='lat' dir='ltr'>datio</span> <span class='ocrx_word' id='word_1_161' title='bbox 991 1901 1027 1956; x_wconf 85' lang='lat' dir='ltr'>ad</span> <span class='ocrx_word' id='word_1_162' title='bbox 1051 1909 1138 1958; x_wconf 82' lang='lat' dir='ltr'>terras</span> <span class='ocrx_word' id='word_1_163' title='bbox 1161 1905 1320 1974; x_wconf 87' lang='lat' dir='ltr'>amicorum,</span> <span class='ocrx_word' id='word_1_164' title='bbox 1345 1919 1434 1975; x_wconf 90' lang='lat' dir='ltr'>usque</span> <span class='ocrx_word' id='word_1_165' title='bbox 1458 1903 1495 1958; x_wconf 88' lang='lat' dir='ltr'>ad</span> <span class='ocrx_word' id='word_1_166' title='bbox 1520 1903 1608 1958; x_wconf 89' lang='lat' dir='ltr'>bene·</span> 
     </span>
     <span class='ocr_line' id='line_1_18' title="bbox 356 1989 596 2062; baseline -0.008 -17"><span class='ocrx_word' id='word_1_167' title='bbox 356 1991 490 2062; x_wconf 89' lang='lat' dir='ltr'>placitum</span> <span class='ocrx_word' id='word_1_168' title='bbox 509 1989 596 2044; x_wconf 86' lang='lat' dir='ltr'>ducis.</span> 
     </span>
     <span class='ocr_line' id='line_1_19' title="bbox 411 2077 793 2146; baseline 0 -16"><span class='ocrx_word' id='word_1_169' title='bbox 411 2077 527 2144; x_wconf 75' lang='lat' dir='ltr'>Ljubr&#39;d:</span> <span class='ocrx_word' id='word_1_170' title='bbox 545 2078 624 2131; x_wconf 78' lang='lat' dir='ltr'>Mora.</span> <span class='ocrx_word' id='word_1_171' title='bbox 644 2077 668 2131; x_wconf 88' lang='lat' dir='ltr'>I.</span> <span class='ocrx_word' id='word_1_172' title='bbox 684 2079 793 2146; x_wconf 82' lang='lat' dir='ltr'>p.179.</span> 
     </span>
    </p>
   </div>
   <div class='ocr_carea' id='block_1_6' title="bbox 354 2217 1609 2550">
    <p class='ocr_par' dir='ltr' id='par_1_6' title="bbox 354 2217 1609 2464">
     <span class='ocr_line' id='line_1_20' title="bbox 407 2217 1605 2290; baseline 0.003 -18"><span class='ocrx_word' id='word_1_173' title='bbox 407 2217 576 2272; x_wconf 82' lang='lat' dir='ltr'>MDXXVI.</span> <span class='ocrx_word' id='word_1_174' title='bbox 596 2219 674 2274; x_wconf 74' lang='lat' dir='ltr'>Bari.</span> <span class='ocrx_word' id='word_1_175' title='bbox 695 2221 771 2272; x_wconf 73' lang='lat'><strong><em>1293.</em></strong></span> <span class='ocrx_word' id='word_1_176' title='bbox 789 2219 834 2272; x_wconf 78' lang='lat'>22.</span> <span class='ocrx_word' id='word_1_177' title='bbox 853 2218 944 2272; x_wconf 75' lang='lat' dir='ltr'>Junii.</span> <span class='ocrx_word' id='word_1_178' title='bbox 964 2218 1082 2272; x_wconf 79' lang='lat' dir='ltr'>Carolus</span> <span class='ocrx_word' id='word_1_179' title='bbox 1101 2217 1247 2272; x_wconf 83' lang='lat' dir='ltr'>Martellus</span> <span class='ocrx_word' id='word_1_180' title='bbox 1265 2233 1313 2272; x_wconf 87' lang='lat' dir='ltr'>rex</span> <span class='ocrx_word' id='word_1_181' title='bbox 1334 2217 1442 2284; x_wconf 83' lang='lat' dir='ltr'>Sicilae,</span> <span class='ocrx_word' id='word_1_182' title='bbox 1456 2219 1605 2290; x_wconf 78' lang='lat' dir='ltr'>Ungariae</span> 
     </span>
     <span class='ocr_line' id='line_1_21' title="bbox 354 2305 1609 2376; baseline 0.003 -16"><span class='ocrx_word' id='word_1_183' title='bbox 354 2313 406 2362; x_wconf 86' lang='lat' dir='ltr'>etc.</span> <span class='ocrx_word' id='word_1_184' title='bbox 424 2307 545 2360; x_wconf 91' lang='lat' dir='ltr'>nobilem</span> <span class='ocrx_word' id='word_1_185' title='bbox 563 2305 651 2358; x_wconf 78' lang='lat' dir='ltr'>tirum</span> <span class='ocrx_word' id='word_1_186' title='bbox 670 2305 823 2374; x_wconf 88' lang='lat' dir='ltr'>dompnum</span> <span class='ocrx_word' id='word_1_187' title='bbox 841 2305 971 2360; x_wconf 87' lang='lat' dir='ltr'>Maurum</span> <span class='ocrx_word' id='word_1_188' title='bbox 985 2305 1141 2360; x_wconf 83' lang='lat' dir='ltr'>Zabilioum</span> <span class='ocrx_word' id='word_1_189' title='bbox 1161 2306 1196 2360; x_wconf 93' lang='lat' dir='ltr'>de</span> <span class='ocrx_word' id='word_1_190' title='bbox 1213 2305 1328 2372; x_wconf 88' lang='lat' dir='ltr'>Zadara,</span> <span class='ocrx_word' id='word_1_191' title='bbox 1340 2318 1423 2376; x_wconf 87' lang='lat' dir='ltr'>quem</span> <span class='ocrx_word' id='word_1_192' title='bbox 1441 2307 1478 2362; x_wconf 95' lang='lat' dir='ltr'>ob</span> <span class='ocrx_word' id='word_1_193' title='bbox 1497 2309 1563 2364; x_wconf 87' lang='lat' dir='ltr'>eius</span> <span class='ocrx_word' id='word_1_194' title='bbox 1580 2311 1609 2364; x_wconf 90' lang='lat' dir='ltr'>in</span> 
     </span>
     <span class='ocr_line' id='line_1_22' title="bbox 355 2391 1526 2464; baseline 0.003 -17"><span class='ocrx_word' id='word_1_195' title='bbox 355 2410 385 2448; x_wconf 88' lang='lat' dir='ltr'>se</span> <span class='ocrx_word' id='word_1_196' title='bbox 403 2393 501 2447; x_wconf 84' lang='lat' dir='ltr'>merita</span> <span class='ocrx_word' id='word_1_197' title='bbox 518 2409 569 2448; x_wconf 92' lang='lat' dir='ltr'>suo</span> <span class='ocrx_word' id='word_1_198' title='bbox 588 2391 726 2446; x_wconf 90' lang='lat' dir='ltr'>consortio</span> <span class='ocrx_word' id='word_1_199' title='bbox 745 2393 809 2446; x_wconf 85' lang='lat' dir='ltr'>exin</span> <span class='ocrx_word' id='word_1_200' title='bbox 828 2407 978 2462; x_wconf 79' lang='lat' dir='ltr'>aggregare</span> <span class='ocrx_word' id='word_1_201' title='bbox 996 2392 1123 2460; x_wconf 86' lang='lat' dir='ltr'>intendit,</span> <span class='ocrx_word' id='word_1_202' title='bbox 1136 2394 1164 2448; x_wconf 89' lang='lat' dir='ltr'>in</span> <span class='ocrx_word' id='word_1_203' title='bbox 1177 2393 1220 2447; x_wconf 90' lang='lat' dir='ltr'>sui</span> <span class='ocrx_word' id='word_1_204' title='bbox 1233 2393 1416 2464; x_wconf 84' lang='lat' dir='ltr'>praesentiam</span> <span class='ocrx_word' id='word_1_205' title='bbox 1435 2402 1526 2450; x_wconf 79' lang='lat' dir='ltr'>vocat</span> 
     </span>
    </p>

    <p class='ocr_par' dir='ltr' id='par_1_7' title="bbox 408 2478 926 2550">
     <span class='ocr_line' id='line_1_23' title="bbox 408 2478 926 2550; baseline -0.002 -16"><span class='ocrx_word' id='word_1_206' title='bbox 408 2481 549 2534; x_wconf 74' lang='lat' dir='ltr'>Artiaca</span> <span class='ocrx_word' id='word_1_207' title='bbox 567 2478 639 2550; x_wconf 80' lang='lat' dir='ltr'>pooj.</span> <span class='ocrx_word' id='word_1_208' title='bbox 654 2478 758 2548; x_wconf 75' lang='lat' dir='ltr'>juqoal.</span> <span class='ocrx_word' id='word_1_209' title='bbox 778 2479 837 2548; x_wconf 77' lang='lat' dir='ltr'>kaj.</span> <span class='ocrx_word' id='word_1_210' title='bbox 860 2479 926 2534; x_wconf 85' lang='lat' dir='ltr'><em>VII.</em></span> 
     </span>
    </p>
   </div>
   <div class='ocr_carea' id='block_1_7' title="bbox 409 2619 1608 2693">
    <p class='ocr_par' dir='ltr' id='par_1_8' title="bbox 409 2619 1608 2693">
     <span class='ocr_line' id='line_1_24' title="bbox 409 2619 1608 2693; baseline 0.003 -19"><span class='ocrx_word' id='word_1_211' title='bbox 409 2619 594 2675; x_wconf 85' lang='lat' dir='ltr'>MDXXVII.</span> <span class='ocrx_word' id='word_1_212' title='bbox 614 2619 769 2676; x_wconf 67' lang='lat' dir='ltr'>Nuceriae.</span> <span class='ocrx_word' id='word_1_213' title='bbox 788 2622 863 2674; x_wconf 81' lang='lat'><em>1293.</em></span> <span class='ocrx_word' id='word_1_214' title='bbox 881 2622 924 2674; x_wconf 82' lang='lat'>23.</span> <span class='ocrx_word' id='word_1_215' title='bbox 944 2620 1037 2674; x_wconf 66' lang='lat' dir='ltr'>June.</span> <span class='ocrx_word' id='word_1_216' title='bbox 1052 2619 1169 2674; x_wconf 85' lang='lat' dir='ltr'>Carolus</span> <span class='ocrx_word' id='word_1_217' title='bbox 1187 2621 1224 2675; x_wconf 92' lang='grc' dir='ltr'>Π.</span> <span class='ocrx_word' id='word_1_218' title='bbox 1243 2637 1291 2675; x_wconf 86' lang='lat' dir='ltr'>rex</span> <span class='ocrx_word' id='word_1_219' title='bbox 1309 2619 1427 2688; x_wconf 85' lang='lat' dir='ltr'>Siciliae,</span> <span class='ocrx_word' id='word_1_220' title='bbox 1443 2622 1608 2693; x_wconf 84' lang='lat' dir='ltr'>justiciario</span> 
     </span>
    </p>
   </div>
   <div class='ocr_carea' id='block_1_8' title="bbox 355 2706 1615 3216">
    <p class='ocr_par' dir='ltr' id='par_1_9' title="bbox 355 2706 1615 3128">
     <span class='ocr_line' id='line_1_25' title="bbox 356 2706 1612 2783; baseline 0.002 -20"><span class='ocrx_word' id='word_1_221' title='bbox 356 2715 443 2763; x_wconf 89' lang='lat' dir='ltr'>terrae</span> <span class='ocrx_word' id='word_1_222' title='bbox 462 2707 597 2762; x_wconf 89' lang='lat' dir='ltr'>Hidrunti</span> <span class='ocrx_word' id='word_1_223' title='bbox 615 2707 694 2762; x_wconf 90' lang='lat' dir='ltr'>iubet</span> <span class='ocrx_word' id='word_1_224' title='bbox 712 2707 884 2778; x_wconf 89' lang='lat' dir='ltr'>quaerulanti</span> <span class='ocrx_word' id='word_1_225' title='bbox 899 2706 1038 2774; x_wconf 88' lang='lat' dir='ltr'>Michaeli,</span> <span class='ocrx_word' id='word_1_226' title='bbox 1056 2708 1114 2762; x_wconf 89' lang='lat' dir='ltr'>filio</span> <span class='ocrx_word' id='word_1_227' title='bbox 1133 2707 1268 2764; x_wconf 87' lang='lat' dir='ltr'>Camurtii</span> <span class='ocrx_word' id='word_1_228' title='bbox 1288 2707 1322 2764; x_wconf 90' lang='lat' dir='ltr'>de</span> <span class='ocrx_word' id='word_1_229' title='bbox 1342 2710 1453 2764; x_wconf 82' lang='lat' dir='ltr'>civitate</span> <span class='ocrx_word' id='word_1_230' title='bbox 1473 2709 1612 2783; x_wconf 85' lang='lat' dir='ltr'>Spalatri,</span> 
     </span>
     <span class='ocr_line' id='line_1_26' title="bbox 355 2793 1612 2866; baseline 0.002 -16"><span class='ocrx_word' id='word_1_231' title='bbox 355 2797 462 2851; x_wconf 88' lang='lat' dir='ltr'>restitui</span> <span class='ocrx_word' id='word_1_232' title='bbox 482 2811 586 2850; x_wconf 89' lang='lat' dir='ltr'>merces</span> <span class='ocrx_word' id='word_1_233' title='bbox 605 2801 633 2849; x_wconf 88' lang='lat' dir='ltr'>et</span> <span class='ocrx_word' id='word_1_234' title='bbox 651 2811 703 2862; x_wconf 91' lang='lat' dir='ltr'>res,</span> <span class='ocrx_word' id='word_1_235' title='bbox 723 2795 775 2862; x_wconf 82' lang='lat' dir='ltr'>(vel</span> <span class='ocrx_word' id='word_1_236' title='bbox 794 2793 1013 2864; x_wconf 80' lang='lat' dir='ltr'>aequivalentem</span> <span class='ocrx_word' id='word_1_237' title='bbox 1032 2795 1189 2864; x_wconf 84' lang='lat' dir='ltr'>pecuniam)</span> <span class='ocrx_word' id='word_1_238' title='bbox 1209 2795 1298 2850; x_wconf 90' lang='lat' dir='ltr'>eidem</span> <span class='ocrx_word' id='word_1_239' title='bbox 1311 2813 1360 2866; x_wconf 91' lang='lat' dir='ltr'>per</span> <span class='ocrx_word' id='word_1_240' title='bbox 1375 2795 1558 2852; x_wconf 88' lang='lat' dir='ltr'>Leonardum</span> <span class='ocrx_word' id='word_1_241' title='bbox 1574 2800 1612 2853; x_wconf 87' lang='lat' dir='ltr'>de</span> 
     </span>
     <span class='ocr_line' id='line_1_27' title="bbox 356 2881 1614 2958; baseline 0.002 -20"><span class='ocrx_word' id='word_1_242' title='bbox 356 2883 463 2938; x_wconf 83' lang='lat' dir='ltr'>Monila</span> <span class='ocrx_word' id='word_1_243' title='bbox 487 2889 515 2936; x_wconf 89' lang='lat' dir='ltr'>et</span> <span class='ocrx_word' id='word_1_244' title='bbox 539 2884 630 2936; x_wconf 85' lang='lat' dir='ltr'>socios</span> <span class='ocrx_word' id='word_1_245' title='bbox 655 2884 680 2936; x_wconf 87' lang='lat' dir='ltr'>vi</span> <span class='ocrx_word' id='word_1_246' title='bbox 705 2882 812 2936; x_wconf 85' lang='lat' dir='ltr'>ablatas</span> <span class='ocrx_word' id='word_1_247' title='bbox 836 2899 851 2936; x_wconf 91' lang='lat' dir='ltr'>e</span> <span class='ocrx_word' id='word_1_248' title='bbox 876 2881 978 2936; x_wconf 88' lang='lat' dir='ltr'>barcha</span> <span class='ocrx_word' id='word_1_249' title='bbox 1002 2883 1146 2938; x_wconf 88' lang='lat' dir='ltr'>cuiusdam</span> <span class='ocrx_word' id='word_1_250' title='bbox 1171 2883 1305 2939; x_wconf 81' lang='lat' dir='ltr'>Dussizae</span> <span class='ocrx_word' id='word_1_251' title='bbox 1333 2883 1368 2938; x_wconf 92' lang='lat' dir='ltr'>de</span> <span class='ocrx_word' id='word_1_252' title='bbox 1397 2886 1509 2940; x_wconf 86' lang='lat' dir='ltr'>civitate</span> <span class='ocrx_word' id='word_1_253' title='bbox 1536 2887 1614 2958; x_wconf 75' lang='lat' dir='ltr'>ipsa,</span> 
     </span>
     <span class='ocr_line' id='line_1_28' title="bbox 357 2969 1615 3040; baseline 0.003 -16"><span class='ocrx_word' id='word_1_254' title='bbox 357 2977 470 3025; x_wconf 86' lang='lat' dir='ltr'>onerata</span> <span class='ocrx_word' id='word_1_255' title='bbox 489 2971 596 3040; x_wconf 87' lang='lat' dir='ltr'>pannis,</span> <span class='ocrx_word' id='word_1_256' title='bbox 615 2970 710 3038; x_wconf 89' lang='lat' dir='ltr'>laneis,</span> <span class='ocrx_word' id='word_1_257' title='bbox 729 2969 865 3036; x_wconf 89' lang='lat' dir='ltr'>carnibus,</span> <span class='ocrx_word' id='word_1_258' title='bbox 884 2969 989 3039; x_wconf 70' lang='lat' dir='ltr'>parulis</span> <span class='ocrx_word' id='word_1_259' title='bbox 1006 2970 1122 3040; x_wconf 85' lang='lat' dir='ltr'>aliisque</span> <span class='ocrx_word' id='word_1_260' title='bbox 1140 2971 1277 3026; x_wconf 86' lang='lat' dir='ltr'>mercibus</span> <span class='ocrx_word' id='word_1_261' title='bbox 1295 2979 1323 3026; x_wconf 88' lang='lat' dir='ltr'>et</span> <span class='ocrx_word' id='word_1_262' title='bbox 1341 2973 1423 3026; x_wconf 88' lang='lat' dir='ltr'>rebus</span> <span class='ocrx_word' id='word_1_263' title='bbox 1436 2971 1504 3026; x_wconf 89' lang='lat' dir='ltr'>dum</span> <span class='ocrx_word' id='word_1_264' title='bbox 1517 2979 1615 3028; x_wconf 87' lang='lat' dir='ltr'>trans·</span> 
     </span>
     <span class='ocr_line' id='line_1_29' title="bbox 358 3057 674 3128; baseline -0.006 -15"><span class='ocrx_word' id='word_1_265' title='bbox 358 3059 470 3114; x_wconf 84' lang='lat' dir='ltr'>fretaret</span> <span class='ocrx_word' id='word_1_266' title='bbox 487 3061 515 3112; x_wconf 95' lang='lat' dir='ltr'>in</span> <span class='ocrx_word' id='word_1_267' title='bbox 534 3057 674 3128; x_wconf 82' lang='lat' dir='ltr'>Apuliam.</span> 
     </span>
    </p>

    <p class='ocr_par' dir='ltr' id='par_1_10' title="bbox 409 3143 1032 3216">
     <span class='ocr_line' id='line_1_30' title="bbox 409 3143 1032 3216; baseline -0.005 -16"><span class='ocrx_word' id='word_1_268' title='bbox 409 3146 498 3200; x_wconf 81' lang='lat' dir='ltr'>Aricia</span> <span class='ocrx_word' id='word_1_269' title='bbox 516 3163 550 3200; x_wconf 79' lang='lat' dir='ltr'>rc</span> <span class='ocrx_word' id='word_1_270' title='bbox 568 3145 640 3216; x_wconf 77' lang='lat' dir='ltr'>povj.</span> <span class='ocrx_word' id='word_1_271' title='bbox 655 3143 757 3215; x_wconf 79' lang='lat' dir='ltr'>jupoal.</span> <span class='ocrx_word' id='word_1_272' title='bbox 778 3144 836 3212; x_wconf 78' lang='lat' dir='ltr'>lcnj.</span> <span class='ocrx_word' id='word_1_273' title='bbox 859 3145 924 3199; x_wconf 86' lang='lat' dir='ltr'><strong><em>VII.</em></strong></span> <span class='ocrx_word' id='word_1_274' title='bbox 945 3162 972 3216; x_wconf 86' lang='lat' dir='ltr'>p.</span> <span class='ocrx_word' id='word_1_275' title='bbox 988 3147 1032 3198; x_wconf 83' lang='lat'>23.</span> 
     </span>
    </p>
   </div>
   <div class='ocr_carea' id='block_1_9' title="bbox 355 3285 1617 3706">
    <p class='ocr_par' dir='ltr' id='par_1_11' title="bbox 355 3285 1617 3617">
     <span class='ocr_line' id='line_1_31' title="bbox 409 3285 1617 3346; baseline 0.006 -7"><span class='ocrx_word' id='word_1_276' title='bbox 409 3285 611 3344; x_wconf 81' lang='lat' dir='ltr'>MDXXVIII.</span> <span class='ocrx_word' id='word_1_277' title='bbox 630 3286 835 3343; x_wconf 74' lang='lat' dir='ltr'>Taruoonlae.</span> <span class='ocrx_word' id='word_1_278' title='bbox 854 3289 931 3340; x_wconf 77' lang='lat'><strong><em>1293.</em></strong></span> <span class='ocrx_word' id='word_1_279' title='bbox 944 3289 987 3339; x_wconf 78' lang='lat'>23.</span> <span class='ocrx_word' id='word_1_280' title='bbox 1001 3287 1093 3341; x_wconf 74' lang='lat' dir='ltr'>ducii.</span> <span class='ocrx_word' id='word_1_281' title='bbox 1107 3287 1224 3342; x_wconf 86' lang='lat' dir='ltr'>Carolus</span> <span class='ocrx_word' id='word_1_282' title='bbox 1237 3287 1273 3342; x_wconf 92' lang='grc' dir='ltr'>Π.</span> <span class='ocrx_word' id='word_1_283' title='bbox 1286 3287 1387 3343; x_wconf 80' lang='lat' dir='ltr'>Sicilae</span> <span class='ocrx_word' id='word_1_284' title='bbox 1400 3303 1448 3342; x_wconf 83' lang='lat' dir='ltr'>rex</span> <span class='ocrx_word' id='word_1_285' title='bbox 1467 3296 1496 3343; x_wconf 88' lang='lat' dir='ltr'>st</span> <span class='ocrx_word' id='word_1_286' title='bbox 1516 3289 1617 3346; x_wconf 87' lang='lat' dir='ltr'>Maria</span> 
     </span>
     <span class='ocr_line' id='line_1_32' title="bbox 357 3373 1617 3444; baseline 0.005 -17"><span class='ocrx_word' id='word_1_287' title='bbox 357 3374 460 3444; x_wconf 78' lang='lat' dir='ltr'>regina,</span> <span class='ocrx_word' id='word_1_288' title='bbox 480 3375 554 3428; x_wconf 90' lang='lat' dir='ltr'>illius</span> <span class='ocrx_word' id='word_1_289' title='bbox 573 3390 694 3440; x_wconf 87' lang='lat' dir='ltr'>consors,</span> <span class='ocrx_word' id='word_1_290' title='bbox 713 3373 770 3428; x_wconf 87' lang='lat' dir='ltr'>lilio</span> <span class='ocrx_word' id='word_1_291' title='bbox 789 3373 889 3428; x_wconf 86' lang='lat' dir='ltr'>Carolo</span> <span class='ocrx_word' id='word_1_292' title='bbox 907 3373 965 3443; x_wconf 78' lang='lat' dir='ltr'>regi</span> <span class='ocrx_word' id='word_1_293' title='bbox 984 3373 1155 3444; x_wconf 77' lang='lat' dir='ltr'>ilungariae,</span> <span class='ocrx_word' id='word_1_294' title='bbox 1181 3375 1248 3429; x_wconf 86' lang='lat' dir='ltr'>dant</span> <span class='ocrx_word' id='word_1_295' title='bbox 1271 3375 1389 3430; x_wconf 91' lang='lat' dir='ltr'>liberum</span> <span class='ocrx_word' id='word_1_296' title='bbox 1407 3376 1559 3432; x_wconf 86' lang='lat' dir='ltr'>arbitrium</span> <span class='ocrx_word' id='word_1_297' title='bbox 1585 3389 1617 3434; x_wconf 82' lang='lat' dir='ltr'>et</span> 
     </span>
     <span class='ocr_line' id='line_1_33' title="bbox 355 3459 1616 3534; baseline 0.005 -18"><span class='ocrx_word' id='word_1_298' title='bbox 355 3464 466 3534; x_wconf 88' lang='lat' dir='ltr'>plenam</span> <span class='ocrx_word' id='word_1_299' title='bbox 485 3467 652 3533; x_wconf 88' lang='lat' dir='ltr'>potestatem</span> <span class='ocrx_word' id='word_1_300' title='bbox 672 3459 832 3516; x_wconf 82' lang='lat' dir='ltr'>conferendi</span> <span class='ocrx_word' id='word_1_301' title='bbox 851 3462 879 3514; x_wconf 93' lang='lat' dir='ltr'>in</span> <span class='ocrx_word' id='word_1_302' title='bbox 898 3460 995 3515; x_wconf 87' lang='lat' dir='ltr'>eodem</span> <span class='ocrx_word' id='word_1_303' title='bbox 1013 3477 1099 3530; x_wconf 86' lang='lat' dir='ltr'>regno</span> <span class='ocrx_word' id='word_1_304' title='bbox 1119 3461 1265 3532; x_wconf 83' lang='lat' dir='ltr'>Ungariae,</span> <span class='ocrx_word' id='word_1_305' title='bbox 1284 3469 1378 3530; x_wconf 88' lang='lat' dir='ltr'>terras,</span> <span class='ocrx_word' id='word_1_306' title='bbox 1397 3469 1496 3528; x_wconf 82' lang='lat' dir='ltr'>eastra,</span> <span class='ocrx_word' id='word_1_307' title='bbox 1516 3465 1616 3524; x_wconf 75' lang='lat' dir='ltr'>villas.</span> 
     </span>
     <span class='ocr_line' id='line_1_34' title="bbox 356 3547 1013 3617; baseline -0.003 -13"><span class='ocrx_word' id='word_1_308' title='bbox 356 3551 481 3616; x_wconf 86' lang='lat' dir='ltr'>honores,</span> <span class='ocrx_word' id='word_1_309' title='bbox 501 3550 628 3615; x_wconf 85' lang='lat' dir='ltr'>banatue,</span> <span class='ocrx_word' id='word_1_310' title='bbox 643 3547 799 3617; x_wconf 82' lang='lat' dir='ltr'>dignitates,</span> <span class='ocrx_word' id='word_1_311' title='bbox 818 3555 846 3602; x_wconf 87' lang='lat' dir='ltr'>et</span> <span class='ocrx_word' id='word_1_312' title='bbox 863 3548 1013 3602; x_wconf 87' lang='lat' dir='ltr'>libertates.</span> 
     </span>
    </p>

    <p class='ocr_par' dir='ltr' id='par_1_12' title="bbox 409 3634 955 3706">
     <span class='ocr_line' id='line_1_35' title="bbox 409 3634 955 3706; baseline -0.005 -16"><span class='ocrx_word' id='word_1_313' title='bbox 409 3638 498 3690; x_wconf 72' lang='lat' dir='ltr'>Art-iv</span> <span class='ocrx_word' id='word_1_314' title='bbox 517 3653 550 3689; x_wconf 75' lang='lat' dir='ltr'>aa</span> <span class='ocrx_word' id='word_1_315' title='bbox 569 3635 640 3706; x_wconf 83' lang='lat' dir='ltr'>povj.</span> <span class='ocrx_word' id='word_1_316' title='bbox 655 3634 758 3704; x_wconf 76' lang='lat' dir='ltr'>juqosl.</span> <span class='ocrx_word' id='word_1_317' title='bbox 781 3635 846 3690; x_wconf 89' lang='lat' dir='ltr'><em>VII.</em></span> <span class='ocrx_word' id='word_1_318' title='bbox 865 3653 892 3706; x_wconf 84' lang='lat' dir='ltr'>p.</span> <span class='ocrx_word' id='word_1_319' title='bbox 913 3639 955 3687; x_wconf 72' lang='grc'>24.</span> 
     </span>
    </p>
   </div>
   <div class='ocr_carea' id='block_1_10' title="bbox 356 3793 1619 4304">
    <p class='ocr_par' dir='ltr' id='par_1_13' title="bbox 356 3793 1619 4201">
     <span class='ocr_line' id='line_1_36' title="bbox 409 3793 1618 3870; baseline 0.003 -20"><span class='ocrx_word' id='word_1_320' title='bbox 409 3795 579 3850; x_wconf 85' lang='lat' dir='ltr'>MDXXIX.</span> <span class='ocrx_word' id='word_1_321' title='bbox 609 3795 814 3853; x_wconf 80' lang='lat' dir='ltr'>&#39;larasooniae-</span> <span class='ocrx_word' id='word_1_322' title='bbox 834 3797 910 3848; x_wconf 83' lang='lat'><strong><em>1293.</em></strong></span> <span class='ocrx_word' id='word_1_323' title='bbox 927 3797 970 3848; x_wconf 75' lang='lat'>24.</span> <span class='ocrx_word' id='word_1_324' title='bbox 990 3793 1073 3850; x_wconf 79' lang='lat' dir='ltr'>Jalii.</span> <span class='ocrx_word' id='word_1_325' title='bbox 1092 3794 1208 3849; x_wconf 89' lang='lat' dir='ltr'>Carolus</span> <span class='ocrx_word' id='word_1_326' title='bbox 1227 3795 1262 3850; x_wconf 91' lang='grc' dir='ltr'>Π.</span> <span class='ocrx_word' id='word_1_327' title='bbox 1282 3795 1392 3851; x_wconf 82' lang='lat' dir='ltr'>Siciliae</span> <span class='ocrx_word' id='word_1_328' title='bbox 1405 3814 1453 3852; x_wconf 86' lang='lat' dir='ltr'>rex</span> <span class='ocrx_word' id='word_1_329' title='bbox 1466 3803 1496 3852; x_wconf 89' lang='lat' dir='ltr'>st</span> <span class='ocrx_word' id='word_1_330' title='bbox 1509 3802 1618 3870; x_wconf 85' lang='lat' dir='ltr'>regina</span> 
     </span>
     <span class='ocr_line' id='line_1_37' title="bbox 356 3882 1617 3956; baseline 0.004 -20"><span class='ocrx_word' id='word_1_331' title='bbox 356 3883 512 3953; x_wconf 78' lang='lat' dir='ltr'>significant</span> <span class='ocrx_word' id='word_1_332' title='bbox 530 3901 560 3938; x_wconf 89' lang='lat' dir='ltr'>se</span> <span class='ocrx_word' id='word_1_333' title='bbox 579 3900 675 3938; x_wconf 85' lang='lat' dir='ltr'>omnes</span> <span class='ocrx_word' id='word_1_334' title='bbox 688 3893 715 3937; x_wconf 86' lang='lat' dir='ltr'>et</span> <span class='ocrx_word' id='word_1_335' title='bbox 728 3883 850 3953; x_wconf 83' lang='lat' dir='ltr'>singulos</span> <span class='ocrx_word' id='word_1_336' title='bbox 863 3883 957 3950; x_wconf 87' lang='lat' dir='ltr'>banos,</span> <span class='ocrx_word' id='word_1_337' title='bbox 971 3883 1093 3950; x_wconf 89' lang='lat' dir='ltr'>comites,</span> <span class='ocrx_word' id='word_1_338' title='bbox 1107 3883 1222 3949; x_wconf 86' lang='lat' dir='ltr'>nobiles,</span> <span class='ocrx_word' id='word_1_339' title='bbox 1236 3882 1360 3952; x_wconf 88' lang='lat' dir='ltr'>plebeios</span> <span class='ocrx_word' id='word_1_340' title='bbox 1372 3889 1401 3938; x_wconf 92' lang='lat' dir='ltr'>et</span> <span class='ocrx_word' id='word_1_341' title='bbox 1412 3885 1617 3956; x_wconf 85' lang='lat' dir='ltr'>cuiuscunque</span> 
     </span>
     <span class='ocr_line' id='line_1_38' title="bbox 356 3969 1618 4041; baseline 0.003 -19"><span class='ocrx_word' id='word_1_342' title='bbox 356 3969 530 4038; x_wconf 89' lang='lat' dir='ltr'>conditionis,</span> <span class='ocrx_word' id='word_1_343' title='bbox 549 3988 620 4041; x_wconf 89' lang='lat' dir='ltr'>quos</span> <span class='ocrx_word' id='word_1_344' title='bbox 639 3971 799 4024; x_wconf 83' lang='lat' dir='ltr'>Elisabetha</span> <span class='ocrx_word' id='word_1_345' title='bbox 817 3971 921 4040; x_wconf 78' lang='lat' dir='ltr'>regina,</span> <span class='ocrx_word' id='word_1_346' title='bbox 939 3971 1035 4024; x_wconf 87' lang='lat' dir='ltr'>relicta</span> <span class='ocrx_word' id='word_1_347' title='bbox 1053 3969 1174 4024; x_wconf 87' lang='lat' dir='ltr'>Ladislai</span> <span class='ocrx_word' id='word_1_348' title='bbox 1194 3970 1266 4040; x_wconf 79' lang='lat' dir='ltr'>regis</span> <span class='ocrx_word' id='word_1_349' title='bbox 1281 3969 1430 4039; x_wconf 81' lang='lat' dir='ltr'>Ungariae,</span> <span class='ocrx_word' id='word_1_350' title='bbox 1450 3971 1527 4026; x_wconf 88' lang='lat' dir='ltr'>dicct</span> <span class='ocrx_word' id='word_1_351' title='bbox 1549 3990 1618 4028; x_wconf 81' lang='lat' dir='ltr'>esse</span> 
     </span>
     <span class='ocr_line' id='line_1_39' title="bbox 360 4044 1619 4130; baseline 0.004 -20"><span class='ocrx_word' id='word_1_352' title='bbox 360 4064 387 4111; x_wconf 87' lang='lat' dir='ltr'>et</span> <span class='ocrx_word' id='word_1_353' title='bbox 405 4057 491 4112; x_wconf 85' lang='lat' dir='ltr'>luisse</span> <span class='ocrx_word' id='word_1_354' title='bbox 509 4058 606 4113; x_wconf 88' lang='lat' dir='ltr'>fideles</span> <span class='ocrx_word' id='word_1_355' title='bbox 624 4057 810 4130; x_wconf 81' lang='lat' dir='ltr'>primogenito</span> <span class='ocrx_word' id='word_1_356' title='bbox 829 4073 879 4111; x_wconf 90' lang='lat' dir='ltr'>suo</span> <span class='ocrx_word' id='word_1_357' title='bbox 898 4057 955 4110; x_wconf 89' lang='lat' dir='ltr'>lilio</span> <span class='ocrx_word' id='word_1_358' title='bbox 976 4057 1081 4111; x_wconf 87' lang='lat' dir='ltr'>Karolo</span> <span class='ocrx_word' id='word_1_359' title='bbox 1099 4059 1156 4128; x_wconf 77' lang='lat' dir='ltr'>regi</span> <span class='ocrx_word' id='word_1_360' title='bbox 1176 4057 1316 4128; x_wconf 83' lang='lat' dir='ltr'>Ungariae</span> <span class='ocrx_word' id='word_1_361' title='bbox 1334 4057 1362 4112; x_wconf 92' lang='lat' dir='ltr'>in</span> <span class='ocrx_word' id='word_1_362' title='bbox 1381 4074 1432 4112; x_wconf 85' lang='lat' dir='ltr'>sua</span> <span class='ocrx_word' id='word_1_363' title='bbox 1450 4044 1547 4129; x_wconf 77' lang='lat' dir='ltr'>g&#39;ratia</span> <span class='ocrx_word' id='word_1_364' title='bbox 1567 4060 1619 4115; x_wconf 78' lang='lat' dir='ltr'>ha·</span> 
     </span>
     <span class='ocr_line' id='line_1_40' title="bbox 357 4143 692 4201; baseline -0.003 -3"><span class='ocrx_word' id='word_1_365' title='bbox 357 4143 464 4199; x_wconf 84' lang='lat' dir='ltr'>bitures</span> <span class='ocrx_word' id='word_1_366' title='bbox 483 4151 511 4200; x_wconf 89' lang='lat' dir='ltr'>et</span> <span class='ocrx_word' id='word_1_367' title='bbox 529 4151 692 4201; x_wconf 85' lang='lat' dir='ltr'>retenturos.</span> 
     </span>
    </p>

    <p class='ocr_par' dir='ltr' id='par_1_14' title="bbox 409 4231 945 4304">
     <span class='ocr_line' id='line_1_41' title="bbox 409 4231 945 4304; baseline 0 -18"><span class='ocrx_word' id='word_1_368' title='bbox 409 4233 498 4287; x_wconf 76' lang='lat' dir='ltr'>Atlio</span> <span class='ocrx_word' id='word_1_369' title='bbox 516 4250 549 4286; x_wconf 74' lang='lat' dir='ltr'>aa</span> <span class='ocrx_word' id='word_1_370' title='bbox 562 4233 635 4304; x_wconf 80' lang='lat' dir='ltr'>pooj.</span> <span class='ocrx_word' id='word_1_371' title='bbox 650 4231 754 4302; x_wconf 80' lang='lat' dir='ltr'>japosl.</span> <span class='ocrx_word' id='word_1_372' title='bbox 777 4232 842 4286; x_wconf 85' lang='lat' dir='ltr'>VH.</span> <span class='ocrx_word' id='word_1_373' title='bbox 862 4248 888 4302; x_wconf 82' lang='lat' dir='ltr'>p.</span> <span class='ocrx_word' id='word_1_374' title='bbox 902 4234 945 4286; x_wconf 72' lang='lat'>24.</span> 
     </span>
    </p>
   </div>
   <div class='ocr_carea' id='block_1_11' title="bbox 356 4387 1619 4723">
    <p class='ocr_par' dir='ltr' id='par_1_15' title="bbox 356 4387 1619 4723">
     <span class='ocr_line' id='line_1_42' title="bbox 409 4387 1619 4456; baseline 0.003 -14"><span class='ocrx_word' id='word_1_375' title='bbox 409 4389 563 4444; x_wconf 86' lang='lat' dir='ltr'>MDXXX.</span> <span class='ocrx_word' id='word_1_376' title='bbox 583 4390 689 4444; x_wconf 80' lang='lat' dir='ltr'>lieliis.</span> <span class='ocrx_word' id='word_1_377' title='bbox 715 4392 791 4442; x_wconf 78' lang='lat'><em>1294.</em></span> <span class='ocrx_word' id='word_1_378' title='bbox 810 4390 835 4442; x_wconf 86' lang='lat'>5.</span> <span class='ocrx_word' id='word_1_379' title='bbox 855 4387 938 4442; x_wconf 83' lang='lat' dir='ltr'>Julii.</span> <span class='ocrx_word' id='word_1_380' title='bbox 958 4387 1074 4442; x_wconf 83' lang='lat' dir='ltr'>Carolus</span> <span class='ocrx_word' id='word_1_381' title='bbox 1093 4388 1128 4442; x_wconf 89' lang='lat'>11.</span> <span class='ocrx_word' id='word_1_382' title='bbox 1147 4405 1195 4442; x_wconf 89' lang='lat' dir='ltr'>rex</span> <span class='ocrx_word' id='word_1_383' title='bbox 1214 4387 1322 4456; x_wconf 78' lang='lat' dir='ltr'>Sicilae,</span> <span class='ocrx_word' id='word_1_384' title='bbox 1342 4389 1456 4444; x_wconf 88' lang='lat' dir='ltr'>Petrum</span> <span class='ocrx_word' id='word_1_385' title='bbox 1482 4391 1517 4445; x_wconf 88' lang='lat' dir='ltr'>de</span> <span class='ocrx_word' id='word_1_386' title='bbox 1548 4393 1619 4446; x_wconf 85' lang='lat' dir='ltr'>Flo-</span> 
     </span>
     <span class='ocr_line' id='line_1_43' title="bbox 357 4476 1617 4548; baseline 0 -16"><span class='ocrx_word' id='word_1_387' title='bbox 357 4479 446 4532; x_wconf 89' lang='lat' dir='ltr'>rentia</span> <span class='ocrx_word' id='word_1_388' title='bbox 464 4483 491 4531; x_wconf 90' lang='lat' dir='ltr'>et</span> <span class='ocrx_word' id='word_1_389' title='bbox 511 4477 697 4532; x_wconf 87' lang='lat' dir='ltr'>Hsristasium</span> <span class='ocrx_word' id='word_1_390' title='bbox 717 4476 752 4530; x_wconf 90' lang='lat' dir='ltr'>de</span> <span class='ocrx_word' id='word_1_391' title='bbox 770 4477 861 4530; x_wconf 85' lang='lat' dir='ltr'>Trano</span> <span class='ocrx_word' id='word_1_392' title='bbox 881 4476 1025 4529; x_wconf 87' lang='lat' dir='ltr'>constituit</span> <span class='ocrx_word' id='word_1_393' title='bbox 1042 4493 1108 4530; x_wconf 86' lang='lat' dir='ltr'>suos</span> <span class='ocrx_word' id='word_1_394' title='bbox 1127 4483 1318 4546; x_wconf 86' lang='lat' dir='ltr'>procuratores</span> <span class='ocrx_word' id='word_1_395' title='bbox 1336 4477 1371 4530; x_wconf 88' lang='lat' dir='ltr'>ad</span> <span class='ocrx_word' id='word_1_396' title='bbox 1392 4481 1484 4548; x_wconf 84' lang='lat' dir='ltr'>partes</span> <span class='ocrx_word' id='word_1_397' title='bbox 1503 4479 1617 4532; x_wconf 75' lang='lat' dir='ltr'>‘Ibracie</span> 
     </span>
     <span class='ocr_line' id='line_1_44' title="bbox 356 4563 1617 4634; baseline 0.003 -16"><span class='ocrx_word' id='word_1_398' title='bbox 356 4565 495 4618; x_wconf 82' lang='lat' dir='ltr'>levaturos</span> <span class='ocrx_word' id='word_1_399' title='bbox 505 4581 522 4618; x_wconf 87' lang='lat' dir='ltr'>a</span> <span class='ocrx_word' id='word_1_400' title='bbox 532 4563 672 4618; x_wconf 81' lang='lat' dir='ltr'>nonnullis</span> <span class='ocrx_word' id='word_1_401' title='bbox 685 4563 931 4618; x_wconf 86' lang='lat' dir='ltr'>communitatibus</span> <span class='ocrx_word' id='word_1_402' title='bbox 947 4563 1094 4632; x_wconf 87' lang='lat' dir='ltr'>pecuniam</span> <span class='ocrx_word' id='word_1_403' title='bbox 1107 4565 1279 4634; x_wconf 87' lang='lat' dir='ltr'>promissam,</span> <span class='ocrx_word' id='word_1_404' title='bbox 1295 4565 1403 4634; x_wconf 87' lang='lat' dir='ltr'>sibique</span> <span class='ocrx_word' id='word_1_405' title='bbox 1419 4569 1617 4622; x_wconf 80' lang='lat' dir='ltr'>necessariam</span> 
     </span>
     <span class='ocr_line' id='line_1_45' title="bbox 356 4651 1614 4723; baseline 0.002 -17"><span class='ocrx_word' id='word_1_406' title='bbox 356 4651 392 4706; x_wconf 85' lang='lat' dir='ltr'>ad</span> <span class='ocrx_word' id='word_1_407' title='bbox 410 4667 545 4720; x_wconf 82' lang='lat' dir='ltr'>expensas</span> <span class='ocrx_word' id='word_1_408' title='bbox 567 4667 637 4722; x_wconf 87' lang='lat' dir='ltr'>quas</span> <span class='ocrx_word' id='word_1_409' title='bbox 659 4652 811 4706; x_wconf 84' lang='lat' dir='ltr'>necessarie</span> <span class='ocrx_word' id='word_1_410' title='bbox 834 4651 918 4720; x_wconf 80' lang='lat' dir='ltr'>exigit</span> <span class='ocrx_word' id='word_1_411' title='bbox 944 4652 1100 4721; x_wconf 86' lang='lat' dir='ltr'>prosecutio</span> <span class='ocrx_word' id='word_1_412' title='bbox 1118 4653 1332 4722; x_wconf 87' lang='lat' dir='ltr'>recuperationis</span> <span class='ocrx_word' id='word_1_413' title='bbox 1356 4653 1433 4722; x_wconf 75' lang='lat' dir='ltr'>regni</span> <span class='ocrx_word' id='word_1_414' title='bbox 1460 4651 1614 4723; x_wconf 79' lang='lat' dir='ltr'>Ungariac</span> 
     </span>
    </p>
   </div>
   <div class='ocr_carea' id='block_1_12' title="bbox 0 0 1694 5348">
    <p class='ocr_par' dir='ltr' id='par_1_16' title="bbox 0 0 1694 5348">
     <span class='ocr_line' id='line_1_46' title="bbox 0 0 1694 5348; baseline 0 0"><span class='ocrx_word' id='word_1_415' title='bbox 0 0 1694 5348; x_wconf 95' lang='lat' dir='ltr'> </span> 
     </span>
    </p>
   </div>
  </div>
 </body>
</html>
