3488 5380
706 453 850 497 assuere.
1333 433 1397 498 223

153 627 244 677 metas
262 625 352 678 terras
370 619 481 676 relictae
503 618 645 687 Demetrii,
668 619 732 675 inde
745 620 773 674 in
787 619 924 676 fossatum
942 619 1018 692 qnod
1036 619 1146 691 Bugnik
1163 627 1265 693 potoca
1281 627 1403 680 vocatae.

153 709 263 764 Datum
281 724 331 780 per
350 725 449 764 manus
465 707 590 778 magistri
609 712 637 762 et
654 707 806 780 praepositi
818 705 966 776 Budensis,
987 708 1069 764 aulas
1086 709 1240 766 cancelarii.

206 815 256 869 Ea
274 815 346 870 aeda
360 813 532 884 perberim
551 811 829 884 Kissa-Hederaary
847 827 881 868 ea
898 812 1011 870 arctico
1028 814 1108 884 reperi
1125 813 1236 872 abietis.
1254 815 1293 873 N.
1311 815 1347 874 R.
1364 816 1400 873 A.

152 901 331 958 Fata-1531.
350 901 403 956 ΝΥ.
423 903 468 958 22.

204 1057 392 1116 DOOXLIX.
403 1059 540 1130 viterbii,
552 1061 630 1114 1258.
644 1063 685 1115 13.
697 1058 858 1116 Februarii.
870 1060 1029 1118 Alexander
1039 1061 1090 1119 IV.
1103 1077 1178 1134 papa
1191 1063 1288 1119 volens
1301 1064 1399 1120 fraires

153 1145 260 1202 ordinis
284 1147 422 1202 minorum
447 1149 477 1202 in
506 1147 647 1220 provincia
672 1146 819 1203 Slavoniae
846 1165 864 1204 a
889 1147 1019 1219 malignis
1045 1149 1203 1206 incursibus
1228 1167 1290 1207 esse
1314 1155 1398 1219 tutos,

151 1234 269 1290 mandat
286 1234 500 1307 archiepiscopis
519 1233 664 1292 Jadertino
683 1241 711 1290 et
728 1235 906 1291 Antibarensi
924 1241 1062 1306 quatenus
1080 1238 1120 1294 eis
1138 1236 1307 1294 defensionis
1320 1255 1398 1310 pras·

153 1321 226 1378 sidio
245 1323 386 1378 assistant

207 1427 336 1485 Parieti:
355 1427 439 1500 illyr.
456 1427 535 1485 Saer.
554 1431 588 1486 F.
606 1427 668 1486 Vii.
684 1443 714 1498 p.
732 1432 775 1486 44.

205 1587 316 1644 noch.
346 1590 495 1659 Anconae,
520 1592 599 1644 1258.
619 1592 661 1644 18.
679 1587 837 1644 Februarii.
862 1589 1029 1661 Papaconus
1062 1595 1187 1662 potestas
1213 1592 1396 1648 anconitanus

151 1677 191 1734 de
211 1680 355 1734 voluntate
374 1677 460 1734 totius
478 1676 634 1732 communis
658 1681 686 1731 et
712 1676 821 1732 consssii
844 1676 878 1732 ds
901 1679 1025 1748 Ancona,
1050 1680 1211 1749 congregati
1234 1678 1270 1734 ad
1295 1695 1396 1754 sonum

151 1781 305 1837 campanae
330 1765 358 1820 in
382 1765 487 1836 palatio
511 1764 630 1820 filiorum
656 1761 796 1835 quondam
823 1764 977 1832 Tarabocti,
1003 1767 1207 1823 constituerunt
1231 1767 1396 1823 Marcellum

152 1853 324 1910 Bnrthoiocti
338 1853 491 1925 syndicum,
510 1859 716 1925 procuratorem
737 1859 764 1908 et
781 1853 908 1908 nuntium
935 1853 1084 1924 specialem
1101 1853 1167 1910 dieti
1185 1855 1341 1911 communia
1359 1854 1395 1910 ad
1440 1871 1441 1874 ¹

150 1941 359 2013 promitsndum
377 1941 405 1996 in
423 1941 568 1996 dominum
586 1941 737 2012 Symonem
755 1939 920 1996 Boninvaidi
937 1946 1080 2012 tamquam
1100 1943 1128 1998 in
1154 1941 1346 1999 arbitratorem
1368 1947 1397 1999 et

151 2029 328 2084 amicabilem
346 2029 562 2100 compositorem
579 2046 643 2084 cum
660 2029 774 2085 dominc
792 2029 881 2084 Pasce
899 2027 1058 2097 Varicasso,
1083 2030 1194 2098 nuncio,
1219 2035 1397 2100 procuratore

150 2115 266 2187 syndico
284 2121 312 2172 et
329 2116 498 2172 ambasciala
515 2118 671 2173 communis
691 2116 819 2184 Jaderae,
838 2115 874 2172 ad
893 2115 1090 2186 quietationem
1106 2115 1261 2172 ludendam
1279 2122 1307 2173 et
1330 2118 1398 2173 reci·

149 2203 279 2275 piendam
298 2203 334 2259 ds
353 2203 482 2261 omuibus
500 2210 528 2259 et
545 2204 581 2260 ad
600 2205 693 2260 omnia
718 2211 747 2260 et
775 2204 890 2274 singnis,
919 2203 1005 2260 iibere
1029 2208 1058 2259 et
1081 2203 1245 2274 generaliter
1269 2204 1398 2262 iacienda

148 2291 345 2362 pertractanda
368 2295 397 2347 et
422 2291 648 2364 percomplenda,
675 2297 810 2364 qnantum
836 2291 920 2348 inerit
947 2297 1084 2363 oportune
1111 2296 1139 2348 st
1165 2289 1297 2364 expedire
1320 2291 1395 2348 vids·

150 2379 263 2436 buntur.

200 2466 246 2520 Ea
263 2467 329 2523 sade
345 2465 528 2524 mbceiiaaeie
543 2466 721 2524 Dalmaticis.

201 2643 328 2700 DOOLI.
357 2645 505 2714 Anconae,
529 2646 607 2698 1258.
624 2647 650 2698 4.
668 2642 783 2698 Marcii.
802 2642 970 2699 Marcelinus
988 2643 1164 2700 Bartolucius
1183 2643 1315 2713 sindicus,
1333 2661 1395 2716 pro-

148 2737 263 2788 curator
280 2735 309 2786 et
325 2732 441 2786 nuntius
460 2731 615 2786 communis
633 2732 767 2786 Anconae
785 2730 897 2784 nomine
915 2729 981 2786 dicti
999 2733 1163 2800 communis,
1176 2731 1289 2788 domino
1304 2733 1394 2788 Pasce

148 2817 308 2885 Varicasso,
332 2818 431 2873 nuntio
456 2819 636 2888 procuratori,
655 2817 763 2872 sindico
781 2823 809 2873 et
826 2816 1020 2874 ambasciatori
1031 2821 1186 2875 communis
1205 2820 1327 2876 Zaderae
1346 2837 1396 2892 pro

153 2907 216 2977 ipso
235 2905 376 2961 communi
393 2904 516 2960 Zaderae
535 2905 683 2976 recipienti,
696 2906 830 2975 quietarit
848 2911 877 2961 et
894 2908 1065 2963 renunciavit
1077 2914 1160 2978 atque
1172 2907 1302 2964 refutarit
1314 2925 1395 2964 omne

145 2994 314 3060 taieoneum,
338 2991 445 3050 datium
469 2997 497 3048 et
523 2992 656 3060 debitum,
676 2993 804 3048 iniuriam
830 2999 858 3048 et
884 2993 1041 3049 rubberiam
1064 3011 1153 3066 usque
1177 2996 1205 3050 iu
1230 2995 1392 3052 hodiernam

145 3079 220 3136 diem
249 3081 388 3136 communi
415 3078 547 3136 Zaderae.
574 3079 599 3132 E
621 3094 756 3136 converso
782 3079 872 3146 dictus
900 3080 990 3136 Pasco
1017 3082 1128 3137 nomine
1155 3084 1310 3138 communis
1337 3083 1390 3138 Za·

145 3166 231 3220 dorae
248 3164 339 3221 eidem
356 3165 383 3222 d.
402 3166 566 3222 Marcellino
585 3183 635 3237 pro
651 3167 792 3222 communi
811 3169 943 3223 Anconae
960 3167 1101 3238 quietavit,
1121 3169 1289 3223 renuntiavit
1306 3175 1391 3239 atque

146 3253 279 3308 refutavit
296 3269 379 3309 omna
403 3253 570 3322 micantum,
589 3254 705 3322 datium,
726 3252 860 3322 debitum,
885 3255 1013 3309 iniuriam
1031 3260 1059 3310 et
1077 3254 1234 3311 rubberiam
1252 3257 1393 3311 communi

147 3348 176 3396 et
196 3345 292 3397 contm
310 3357 457 3396 commune
474 3344 609 3399 Anconae
627 3348 654 3398 et
672 3345 784 3413 pactum
802 3342 867 3397 iecit
884 3341 919 3398 ds
936 3357 993 3398 non
1011 3343 1128 3398 ulterius
1146 3332 1266 3415 petendo
1288 3345 1392 3416 aliquid

145 3427 182 3484 de
200 3429 342 3500 praedicto
359 3429 403 3485 vel
425 3429 736 3500 praedictorum.‚Quae
755 3431 848 3486 omnia
860 3428 926 3485 dicti
944 3429 1041 3486 sindici
1060 3432 1262 3503 stipulaverant
1278 3434 1391 3489 nomine

144 3517 283 3572 dictorum
306 3519 496 3573 communium
515 3518 568 3574 sub
586 3534 678 3590 poena
695 3517 769 3574 mille
786 3518 919 3574 librarum
937 3519 1109 3575 venetiarum
1126 3522 1313 3592 parvularum.

196 3621 346 3679 Matutae:
364 3625 438 3680 Mors.
457 3623 520 3680 bist.
539 3623 686 3680 wewam
704 3623 799 3680 aeid.
823 3625 851 3678 n
870 3627 894 3681 Ι.
909 3640 939 3695 p.
958 3627 1002 3680 96.

194 3781 337 3839 DGOLII.
361 3787 441 3839 1258.
459 3788 484 3839 9.
503 3783 612 3839 Martii.
638 3784 708 3839 Bela
724 3782 777 3840 IV.
796 3800 845 3839 rex
863 3783 996 3852 notificat,
1015 3784 1090 3855 quod
1110 3801 1173 3840 cam
1197 3785 1268 3842 inter
1297 3787 1389 3858 Apam

144 3871 235 3926 filium
253 3871 362 3926 comitis
380 3871 398 3926 J
401 3871 527 3939 ohannis,
539 3871 698 3927 Dionisium
710 3871 799 3926 tilium
812 3871 947 3942 Demetri,
959 3871 978 3928 J
980 3872 1118 3929 ohannem
1131 3877 1159 3927 et
1172 3872 1265 3945 Erney
1277 3877 1305 3929 et
1317 3873 1389 3929 Lau·

144 3960 266 4015 rentium
285 3959 476 4030 praepositum
494 3958 524 4015 S.
543 3959 646 4032 Iryney
664 3960 743 4028 (ecci.
762 3958 930 4029 sirmiensis)
954 3975 988 4016 ac
1011 3960 1081 4016 aiios
1102 3965 1238 4031 cognatos
1263 3978 1330 4017 suos
1354 3962 1388 4018 de

144 4063 248 4118 genere
266 4046 368 4116 Becha,
386 4051 414 4102 et
432 4046 598 4118 Gregorinm
617 4063 652 4102 ex
669 4064 726 4103 una
745 4052 832 4119 parte,
851 4049 981 4104 comitem
999 4048 1166 4120 Dyonisium
1190 4048 1277 4104 filium
1296 4049 1388 4105 Beeha

143 4140 172 4190 et
190 4135 373 4190 Laurentium
391 4134 479 4190 filium
497 4135 638 4190 Laurentii
657 4133 692 4189 de
711 4133 809 4190 ecdem
828 4152 929 4206 genere
947 4152 982 4191 ex
1006 4137 1100 4206 altera,
1130 4152 1212 4208 snper
1238 4142 1386 4207 patronatu

142 4222 263 4278 duorum
283 4222 525 4290 Monasteriorum,
544 4238 616 4293 quae
634 4222 720 4277 Petnr
738 4223 905 4278 Monuatura
924 4228 952 4279 et
968 4224 1086 4294 Dyenus
1104 4224 1272 4280 Monnatura
1292 4225 1386 4295 vulga·

140 4309 208 4364 riter
226 4314 430 4381 nuncupantur,
455 4314 482 4364 et
500 4325 584 4381 super
602 4310 778 4381 possessione
797 4311 920 4378 Tamam,
935 4327 1007 4382 quae
1025 4309 1116 4366 iuerat
1134 4311 1206 4367 Both
1224 4311 1333 4366 comitis
1351 4311 1386 4368 de

140 4396 240 4452 eadem
265 4397 452 4467 generatione,
471 4395 627 4468 dequibus
646 4398 820 4453 monasteriis
839 4398 980 4468 quaelibet
1004 4413 1069 4470 para
1093 4398 1268 4456 medietatem
1284 4400 1385 4470 requi·

140 4485 221 4540 rebat
238 4484 266 4538 in
286 4500 406 4556 persona
423 4484 576 4557 Ompudini
595 4485 644 4540 filii
662 4485 781 4542 Omodei
799 4486 907 4542 comitis
926 4502 977 4558 pro
995 4486 1095 4542 comite
1121 4487 1249 4543 Dionisio
1267 4492 1294 4542 et
1313 4489 1385 4543 Lan-

139 4572 230 4628 rentio
249 4578 277 4628 et
295 4589 344 4627 rex
363 4572 477 4628 duelum
498 4575 527 4628 iu
545 4573 629 4628 armis
647 4578 676 4628 et
693 4575 773 4644 equis
796 4573 991 4630 adiudicasset.
1010 4574 1135 4630 Tandem
1153 4577 1270 4630 termino
1297 4576 1385 4647 ipsius

139 4659 227 4716 duelli
246 4659 418 4727 adveniente,
437 4661 495 4716 fiiio
514 4662 586 4730 regis
606 4661 756 4732 Stephano,
780 4677 845 4731 rege
864 4667 892 4716 et
909 4662 1061 4718 baronibus
1085 4664 1162 4733 regni
1189 4662 1383 4731 mediantibus,

141 4763 199 4817 pax
217 4747 288 4801 inter
305 4747 383 4818 ipsos
401 4747 491 4801 taliter
509 4749 612 4802 extitit:
631 4747 714 4815 Quod
742 4748 815 4802 idem
840 4765 933 4804 comes
958 4750 1111 4822 Dyonisius
1135 4767 1169 4806 ea
1194 4767 1266 4821 quae
1294 4752 1384 4823 primo
