3480 5356
740 443 884 486 naomns.
1362 419 1426 484 339

249 605 675 664 noxus.1arr.nadialaus
696 604 747 662 1v.
766 621 815 661 rex
833 605 964 674 notificat,
988 605 1063 677 quod
1087 605 1264 664 considerans
1288 607 1429 678 quomodo

191 709 284 750 comes
302 693 371 749 Isau
390 693 464 749 filius
488 693 583 765 Inslay
608 691 749 762 (Jaroalai)
777 692 879 748 nedum
909 698 1033 764 tempore
1050 693 1141 764 gentis
1160 693 1316 750 Tartaricae
1340 712 1427 765 quum

190 797 306 850 regnum
325 779 489 850 Hnngariae
512 780 685 848 invasissent,
709 785 793 852 prout
811 795 860 851 per
879 779 1006 848 hmonea
1030 779 1138 837 nobiles
1157 787 1185 836 ct
1202 796 1330 851 proceres
1349 782 1427 851 regni

190 869 291 924 uanus
317 869 441 924 constitit
458 869 521 924 luce
538 869 621 938 clara,
640 885 735 924 rernm
753 868 790 924 ab
807 868 936 924 omnibus
955 859 1087 924 infantiae
1111 884 1178 924 auae
1203 869 1374 940 temporibus
1398 870 1426 924 in

191 959 331 1030 plerisque
348 959 467 1026 casibus,
486 955 600 1012 diversis
618 956 776 1012 actionibus
793 961 822 1012 et
839 955 1064 1028 expeditionibus
1081 959 1202 1015 maxime
1220 967 1316 1016 contra
1333 978 1427 1033 regem

190 1046 357 1102 Βοοιιιοιιιιιι
382 1043 569 1100 indesinenter
595 1041 752 1099 dimicando
780 1045 899 1112 servivit,
923 1045 1019 1100 volens
1044 1061 1107 1101 eum
1130 1045 1263 1117 insignire
1287 1049 1426 1120 regalibus
1516 1038 1518 1046 ’

190 1133 281 1203 donis,
298 1134 416 1190 contulit
437 1131 527 1188 eidem
550 1133 644 1187 comiti
670 1132 745 1186 Iwan
764 1131 858 1186 villam
884 1133 913 1186 in
940 1131 1072 1188 Slavonia
1098 1133 1262 1190 existemm
1288 1136 1427 1192 Zamabnr

190 1227 379 1294 nuncupatam
397 1237 461 1276 cum
479 1219 615 1276 universis
630 1218 749 1291 juribus,
768 1235 831 1274 cum
849 1219 953 1274 tributo
981 1224 1077 1291 portae
1105 1237 1192 1292 prope
1218 1223 1308 1294 ipsam
1332 1223 1426 1278 villam

190 1309 219 1363 in
238 1309 316 1380 regni
333 1307 458 1364 confiniis
477 1308 629 1376 existentis,
648 1307 718 1362 sitae
735 1308 763 1360 in
781 1311 855 1362 terra
872 1305 948 1362 Iwnn
965 1307 1082 1376 comitis,
1096 1307 1160 1378 jure
1178 1315 1312 1380 perpetuo
1337 1311 1426 1382 possi·

189 1395 321 1464 dandum,
339 1396 458 1452 maxime
479 1411 542 1451 oum
566 1399 696 1460 carnum,
720 1392 795 1464 quod
818 1394 846 1448 in
869 1393 1009 1466 praedicta
1033 1399 1105 1451 terra
1129 1395 1269 1452 Zamabur
1292 1397 1426 1468 praedicti

188 1483 339 1538 Bohemiae
356 1483 429 1554 regis
446 1483 573 1540 homines
591 1486 791 1550 coushnerant,
807 1481 882 1538 idem
899 1498 993 1538 comes
1012 1482 1088 1538 Iwao
1106 1485 1195 1539 multo
1208 1484 1317 1552 sudore,
1330 1485 1425 1541 multis

189 1569 332 1628 laboribus
351 1577 379 1626 et
397 1571 526 1642 expensis
544 1575 573 1626 et
590 1585 646 1625 non
668 1571 727 1626 sine
751 1585 866 1625 suorum
890 1571 1025 1641 sangnine
1049 1575 1077 1626 et
1100 1587 1198 1628 cruore
1223 1571 1260 1627 ab
1282 1573 1351 1644 ipsis
1374 1573 1424 1628 ini·

189 1659 267 1719 micis
285 1657 412 1714 rehabuit
429 1663 458 1713 et
475 1659 586 1730 recepit.

241 1748 276 1801 la
295 1745 408 1800 arctico
425 1745 546 1814 capituli
564 1745 683 1816 Zoprcd.
703 1745 889 1802 Protccolluss
906 1745 1014 1802 XXIX.
1030 1762 1059 1816 p.
1079 1750 1121 1801 35.

245 1884 393 1942 MOXLV.
411 1888 489 1940 1274.
507 1885 655 1942 Ladislaus
672 1883 725 1942 1v.
749 1901 797 1941 rex
821 1885 977 1942 enarrando
1000 1887 1098 1942 merita
1120 1885 1221 1943 Jacobi
1242 1887 1351 1942 comitis
1374 1887 1423 1942 filii

190 1972 291 2030 Jaccbi
309 1973 434 2028 meminit
451 1971 614 2044 specialiter,
633 1972 708 2042 quod
726 1989 789 2029 cnm
814 1989 863 2044 per
886 1974 1020 2028 insultum
1043 1973 1276 2030 ‘lheotonicorum
1301 1979 1423 2032 omnum

187 2061 335 2117 Janriense
352 2066 466 2130 captum
487 2063 568 2127 esset,
587 2064 615 2114 et
632 2057 668 2114 ad
687 2058 871 2114 obsidendum
895 2059 988 2132 ipsum
1011 2076 1060 2115 rex
1082 2061 1263 2132 particulares
1287 2062 1422 2118 exercitus

187 2149 315 2215 misisset,
343 2147 416 2202 idem
440 2146 564 2202 Jacobus
586 2161 688 2212 comes,
713 2163 769 2201 una
795 2163 859 2202 cum
885 2145 1024 2202 Inachino
1051 2147 1183 2216 maghho
1210 2149 1422 2215 tavamicorum,

188 2236 290 2292 comite
307 2233 471 2290 Posoniensi
489 2238 517 2287 et
533 2232 569 2288 de
588 2233 672 2304 Pylis,
690 2239 786 2288 contra
803 2233 990 2290 Theotonicos
1012 2233 1187 2290 landabiliter
1210 2234 1376 2302 dimicando,
1395 2241 1424 2292 et

188 2321 326 2394 quosdam
343 2337 379 2376 ex
396 2321 464 2392 ipsis
481 2320 579 2376 lancea
599 2319 762 2390 dejiciendo,
784 2320 897 2376 lethalia
919 2321 1023 2392 recepit
1046 2321 1168 2389 vulnera,
1191 2321 1226 2377 de
1248 2321 1349 2392 quibus
1376 2323 1422 2378 vix

189 2427 238 2481 per
254 2425 349 2464 curam
367 2413 544 2479 expertorum
567 2406 738 2464 medicorum
757 2423 805 2479 per
823 2408 949 2479 spacium
966 2407 1043 2480 longi
1060 2409 1193 2480 temporis
1211 2415 1253 2464 est
1270 2416 1422 2466 resanatns.

187 2495 371 2552 Postmodum
389 2494 443 2550 snb
460 2499 552 2550 castro
571 2493 707 2563 Wetrech,
726 2493 801 2565 quod
820 2511 869 2566 per
887 2495 1037 2551 exercitum
1054 2497 1128 2567 ragis
1145 2496 1333 2552 Bohemorum
1350 2498 1422 2554 obsi·

186 2583 312 2651 debatur,
331 2581 406 2639 idem
429 2597 523 2637 comes
545 2579 670 2637 Jacobus
694 2579 826 2638 audacter
847 2583 927 2637 irruit
947 2581 975 2637 in
998 2583 1085 2639 aciem
1108 2583 1349 2652 Theotonicorum,
1374 2585 1422 2640 ubi

187 2671 311 2727 similiter
327 2670 446 2740 graviter
463 2669 554 2724 fuerat
571 2669 720 2724 sanciatus.
741 2669 797 2726 Pro
820 2670 1041 2726 remuneratione
1061 2671 1145 2740 igitur
1163 2671 1337 2728 aerdtiorum
1352 2672 1421 2742 ejus,

186 2760 304 2816 contulit
320 2775 369 2814 rex
386 2763 487 2814 amam
505 2755 637 2812 Konsaha
661 2757 744 2812 castri
761 2757 797 2812 ds
816 2757 923 2813 Rinche
947 2757 1083 2826 (Rovilce)
1102 2757 1138 2816 sd
1156 2774 1206 2816 sex
1230 2763 1321 2814 aratra
1345 2759 1420 2816 suffi-

186 2848 304 2903 cientem
323 2846 348 2902 ei
367 2851 395 2901 et
412 2845 489 2900 fratri
507 2843 567 2913 ejus
586 2843 736 2916 Stephano.
757 2844 844 2900 Dedit
861 2861 917 2900 una
934 2845 963 2900 in
981 2843 1119 2899 mandatis
1131 2845 1253 2917 capitulo
1265 2845 1420 2902 ohssmensi

186 2941 299 2990 utcum
318 2931 457 2988 Abraamo
476 2932 629 3004 degenere
650 2931 807 2986 Kamarcha
830 2930 942 2986 homine
966 2947 1017 2986 auo
1041 2930 1157 2986 eandem
1182 2937 1281 2988 terram
1304 2933 1420 3004 inspice·

185 3027 254 3090 rent,
274 3027 302 3077 et
319 3019 408 3076 dictos
425 3019 563 3076 Jacobum
585 3025 613 3074 et
637 3017 809 3090 Stephanum
828 3019 857 3073 in
875 3017 991 3074 eandem
1009 3023 1168 3074 statuerent
1194 3019 1356 3090 Capitulum
1378 3031 1419 3076 re·

186 3108 296 3180 scripsit
317 3107 419 3163 dictam
444 3113 544 3162 terram
569 3105 702 3162 Konsaka
728 3107 809 3161 sitam
836 3121 898 3162 esse
922 3106 1000 3162 iuxta
1022 3105 1136 3161 fluvium
1160 3105 1292 3162 Konsaka
1317 3112 1345 3162 et
1371 3123 1419 3180 per

186 3195 336 3252 Nicolaum
363 3195 490 3250 comitem
517 3193 553 3250 de
576 3196 654 3249 Zana
676 3199 704 3248 et
727 3193 762 3248 de
786 3193 900 3266 Ryuche
925 3197 1056 3250 statutam
1080 3193 1166 3249 finisse
1189 3199 1219 3250 et
1243 3194 1420 3266 assignatam.

184 3284 289 3338 Datum
307 3299 356 3354 per
374 3297 473 3338 manns
491 3279 632 3338 Benedicti
647 3281 796 3354 praepositi
809 3280 955 3349 Budensis,
966 3281 1046 3338 aulae
1060 3281 1420 3338 vicecancellarii-Eximen-

187 3370 262 3426 tibns
279 3369 390 3426 Joanne
408 3370 617 3441 archiepiscopo
636 3369 742 3440 Spalat.
760 3369 914 3440 Tymotheo
932 3369 1064 3442 episcopo
1082 3369 1207 3440 Zagrab,
1219 3369 1355 3440 Dyonisio
1373 3387 1421 3444 ps·

184 3457 272 3512 latino
290 3457 390 3513 comite
408 3457 442 3513 de
461 3457 578 3528 Ohlyeb,
597 3455 721 3512 Henrico
744 3456 816 3511 bano
834 3457 919 3512 totius
937 3456 1093 3526 Slavoniae,
1110 3456 1202 3512 iudice
1224 3456 1420 3526 Cumanorum,

184 3545 323 3601 Inachiac
341 3544 474 3614 magistro
492 3544 702 3612 tavernicorurn,
721 3543 839 3599 Nicolao
856 3543 946 3600 iudice
964 3545 1056 3600 curiae
1074 3544 1174 3600 comite
1191 3545 1227 3600 de
1245 3543 1366 3602 Gueohe.

234 3629 330 3699 Feles:
352 3631 417 3688 (lod.
436 3631 504 3700 dipl.
526 3633 555 3688 T.
578 3631 608 3686 V.
626 3631 678 3688 ool.
697 3631 737 3687 II.
752 3645 782 3700 p.
800 3633 862 3686 151.

234 3769 396 3828 ncxm.
414 3775 495 3827 12⁷4.
513 3770 661 3826 ladislaus
678 3769 731 3827 IV.
749 3787 797 3828 rex
815 3769 957 3828 libertates
975 3771 1092 3828 civitatis
1110 3771 1223 3826 Petrina
1240 3771 1268 3826 in
1287 3771 1420 3828 Slaronia

183 3875 200 3914 a
218 3859 373 3916 Oolomano
390 3858 461 3914 duee
479 3875 506 3915 a.
524 3859 593 3915 1240
610 3873 765 3928 concessas,
784 3876 801 3916 a
818 3857 886 3916 Bela
904 3857 956 3915 IV.
975 3874 1039 3930 rege
1057 3875 1081 3914 a.
1100 3860 1168 3915 1242
1186 3859 1371 3927 confirmatas,
1383 3859 1419 3916 de

182 3963 255 4004 noro
273 3947 422 4002 hansnmit
440 3951 468 4002 et
485 3947 638 4002 confirmat.

235 4032 335 4102 ster:
356 4033 421 4090 (lod.
439 4033 509 4104 dipl.
532 4035 559 4086 T.
583 4033 614 4089 V.
632 4033 683 4088 ccl.
702 4031 743 4087 11.
758 4047 788 4102 p.
807 4035 870 4088 230.

234 4173 414 4230 MOXLVII.
433 4177 513 4230 1274.
532 4171 686 4230 Saracenns
705 4173 852 4246 episcopus
870 4173 1064 4230 (lothariensis
1077 4179 1105 4232 et
1118 4179 1230 4230 exactor
1247 4175 1417 4248 episcopatu,

182 4261 367 4318 Sibenicensis
395 4261 538 4332 significat,
558 4259 633 4331 quod
656 4260 861 4316 lamentabilem
885 4261 1009 4332 episcopi
1032 4261 1224 4332 Traguriensis
1249 4261 1417 4332 quaerellam

182 4354 209 4404 et
227 4347 452 4420 motestadonem
470 4348 610 4419 receperit,
628 4347 703 4418 quod
720 4347 845 4405 loannes
867 4349 1091 4420 archiepiscopus
1115 4348 1286 4420 spalatensis
1310 4348 1413 4406 cibaret

183 4453 245 4492 eum
264 4451 336 4507 pane
357 4435 503 4506 angustiae
525 4440 608 4504 atque
626 4433 821 4506 tribulationis,
843 4437 899 4492 imo
922 4443 1019 4509 potum
1044 4436 1123 4492 daret
1145 4437 1198 4492 sibi
1219 4452 1321 4508 aquam
1339 4437 1413 4492 fellis

181 4525 322 4581 destruere
340 4525 435 4580 volens
447 4521 579 4578 ccclesim
597 4539 664 4577 suae
683 4528 784 4578 statum
804 4530 832 4580 et
849 4523 970 4580 dividere
987 4539 1069 4578 suum
1087 4523 1276 4595 episcopatum
1294 4521 1412 4580 induas

181 4617 273 4684 partes
291 4617 386 4668 eontra
410 4611 502 4666 omnia
521 4609 586 4681 jura
612 4610 671 4666 sine
688 4625 803 4667 assensn
823 4627 920 4683 papae,
937 4615 1033 4668 contm
1051 4615 1184 4666 statutum
1202 4611 1310 4668 concilii
1327 4627 1410 4684 gene·

181 4701 254 4757 ralis.
266 4699 379 4756 Etcum
390 4699 511 4756 misisset
522 4713 605 4754 snum
616 4697 745 4754 nundum
759 4699 923 4756 Gorvcsium
936 4697 1157 4756 archidiaconum
1170 4698 1206 4754 ad
1218 4697 1409 4772 appelandum
