3376 5350
701 465 846 508 mouri.
1332 457 1395 522 437

152 647 188 703 ad
208 647 344 704 Karolum
363 647 578 719 primogenitum
597 651 721 702 nostrum
739 663 790 718 per
812 649 1016 702 successionem
1033 647 1185 718 legitimam
1205 646 1340 713 devoluti;
1360 645 1395 701 ad

152 736 228 808 quod
245 736 342 806 utique
360 734 579 806 recuperandum
598 741 626 789 et
644 733 815 804 eripiendum
835 733 869 788 de
888 751 973 789 manu
991 735 1165 805 aucupatoria
1183 735 1272 805 ipsius
1290 739 1394 800 nostre,

153 823 275 894 dictique
292 823 365 893 regis
383 823 454 877 vires
472 823 500 876 in
519 821 595 877 brevi
614 839 677 876 eum
696 823 782 877 eterni
800 823 874 893 regis
891 821 995 877 anxilio
1013 827 1141 892 potenter
1159 823 1310 892 insurgent.

205 911 294 964 Arkiu
311 927 346 962 arr
364 909 436 982 pooj.
451 908 554 979 juposl.
578 909 643 964 VII.
662 927 688 980 p.
707 912 751 964 25.

205 1069 376 1125 MDXXXI.
394 1069 502 1128 tratas.
522 1072 598 1122 1293.
622 1073 647 1122 8.
673 1068 756 1124 Julii.
783 1069 900 1122 Carolus
922 1069 958 1122 11.
983 1085 1032 1122 rex
1057 1067 1174 1135 Siciliae,
1203 1071 1263 1124 eius
1287 1084 1400 1124 consors

152 1158 247 1228 regina
274 1157 362 1212 Maria
389 1163 418 1212 et
442 1157 516 1212 filius
543 1156 659 1212 Carolus
684 1173 731 1211 rer
756 1155 919 1226 Huugariae
946 1161 1042 1210 notum
1067 1155 1173 1210 iaeivmt
1196 1157 1344 1210 universis:
1370 1172 1400 1210 se

153 1244 242 1300 Paulo
268 1245 341 1299 bano
365 1243 550 1306 Obroatorum
573 1251 601 1300 et
619 1245 713 1299 comiti
738 1243 868 1314 Georgia,
886 1251 914 1298 et
932 1259 1027 1298 eorum
1051 1243 1138 1310 alteri,
1163 1243 1289 1298 veniendi
1315 1242 1397 1298 simul

153 1333 196 1386 vel
224 1333 372 1403 separatim
391 1333 427 1386 ad
445 1333 628 1404 praesentiam
649 1349 736 1398 suam,
756 1331 880 1386 morandi
900 1337 928 1384 et
945 1330 1064 1384 abeundi
1085 1345 1158 1384 'cum
1178 1330 1313 1390 voluerint
1326 1368 1332 1382 .
1346 1370 1353 1385 .
1367 1369 1393 1384 ..

152 1419 291 1474 licentiam
311 1426 339 1474 et
357 1404 532 1475 securitatem
551 1420 701 1491 plenariam
720 1419 748 1472 in
766 1419 894 1489 personis
913 1425 940 1472 et
958 1417 1041 1472 rebus
1059 1433 1154 1472 eorum
1174 1417 1290 1474 dedisse.

206 1508 295 1562 Arkiu
312 1524 346 1561 ao
364 1507 437 1580 pooj.
451 1507 555 1578 juporl.
579 1508 644 1561 VII.
658 1525 684 1578 p.
702 1510 745 1561 25.

206 1647 390 1704 MDXXXlI.
410 1651 486 1704 1293,
506 1653 547 1702 11.
566 1649 649 1704 Julii.
669 1647 795 1704 Andreas
814 1648 867 1704 111.
886 1664 934 1702 rex
953 1654 1050 1702 notum
1069 1649 1142 1714 iacit,
1162 1647 1237 1720 quod
1262 1650 1328 1718 quia
1345 1647 1399 1703 Ra-

153 1737 273 1790 dwzlaus
290 1736 379 1790 banus
397 1737 471 1790 iilius
498 1734 640 1806 Stephani,
666 1754 714 1808 per
737 1736 896 1806 frequentes
921 1737 1033 1790 nuntios
1056 1737 1129 1805 regis
1154 1742 1182 1790 et
1206 1753 1272 1790 suos
1296 1752 1325 1790 se
1349 1753 1399 1806 per

151 1823 245 1878 omnia
262 1823 370 1878 studuit
387 1824 523 1878 subiicere
538 1825 598 1878 eius
612 1823 760 1892 Maiestati,
773 1823 924 1894 postulavit
937 1841 953 1877 a
965 1840 1029 1893 rege
1042 1822 1181 1894 quandam
1194 1824 1397 1893 possessionem

152 1912 233 1965 castri
252 1927 301 1965 seu
320 1911 467 1965 comitatus
486 1910 678 1980 Zagrabiensis
697 1909 783 1980 Selyn
801 1917 928 1964 vocatam
941 1911 992 1964 sibi
1006 1909 1132 1965 conferri.
1145 1909 1205 1964 Rex
1218 1911 1395 1966 considerans

151 1998 262 2052 servitia
278 1999 366 2068 ipsius
384 1999 449 2052 bani
469 1999 543 2052 omni
563 1999 685 2068 praemio
699 1997 861 2066 dignissima
879 1999 905 2051 ei
923 1997 1047 2052 exhibita
1064 1999 1093 2050 in
1112 2014 1153 2064 eo,
1173 1997 1248 2068 quod
1267 2013 1330 2052 curn
1350 2014 1398 2052 rex

151 2084 289 2154 Ugrinum
307 2085 343 2139 ad
361 2093 454 2156 partes
473 2085 624 2140 maritimas
643 2085 771 2138 dominae
783 2086 878 2139 matris
892 2085 1001 2138 obviam
1014 2085 1134 2139 misisset
1147 2090 1174 2139 et
1186 2085 1259 2140 idem
1274 2085 1397 2155 Ugrinus

151 2189 201 2243 per
219 2171 353 2244 quosdam
373 2173 500 2229 inimicos
517 2172 616 2226 suisset
636 2172 821 2241 captivitatus,
834 2171 908 2226 idem
921 2171 1081 2226 Radudaus
1092 2171 1182 2226 banus
1194 2179 1306 2244 recepto
1319 2175 1396 2244 regio

153 2259 283 2315 mandato
302 2276 365 2314 cunr
386 2259 453 2329 ipsis
471 2259 629 2313 infidelibus
648 2259 720 2328 regis
738 2259 827 2312 iniens
846 2259 1012 2326 conflictum,
1026 2259 1138 2314 eosdem
1150 2261 1262 2315 militari
1276 2263 1400 2332 potentia

152 2347 300 2403 debellavit
317 2353 345 2402 et
369 2347 473 2401 dietum
500 2347 664 2417 magistrum
690 2345 826 2416 Ugrinum
845 2347 879 2401 ds
897 2347 1058 2416 captivitate
1076 2348 1210 2416 liberavit,
1229 2367 1397 2420 quamquam

153 2453 225 2490 nnus
243 2435 278 2489 ds
296 2435 507 2504 consangvineis
525 2434 592 2488 dicti
611 2433 745 2488 Radozlai
763 2434 828 2489 bani
847 2439 876 2488 et
894 2435 1016 2504 quinque
1035 2436 1185 2490 servientes
1203 2438 1245 2490 sui
1259 2437 1287 2490 in
1300 2437 1398 2492 eodem

154 2523 258 2594 praelio
276 2523 434 2592 interempti
453 2528 583 2592 utquam
602 2523 695 2592 plures
714 2523 748 2576 de
767 2524 825 2576 suis
844 2521 978 2576 militibus
1003 2521 1137 2577 vulnerati
1163 2524 1325 2578 extitissent
1344 2524 1397 2578 Re-

152 2627 268 2666 censens
286 2611 369 2666 etiam
389 2610 500 2663 servitia
518 2611 606 2679 ipsius
624 2610 688 2664 bani
707 2611 734 2662 in
754 2611 846 2664 arrimo
865 2625 936 2679 quae
955 2609 1203 2664 excellentissimae
1223 2613 1399 2667 matrissuae

153 2697 259 2752 studuit
284 2714 410 2752 exercerc
436 2713 499 2750 cum
523 2698 585 2767 ipsa
610 2713 644 2750 ex
668 2697 740 2765 regis
764 2697 909 2750 vocatione
934 2696 1041 2750 studuit
1065 2698 1094 2750 in
1118 2714 1232 2766 regnum
1258 2700 1350 2752 venire
1374 2707 1402 2754 et

156 2791 268 2856 propter
286 2786 401 2840 insidias
419 2785 573 2840 infidelium
591 2784 698 2838 aditum
717 2784 794 2837 nulla
812 2783 917 2837 ratione
941 2782 1043 2837 babere
1068 2786 1212 2853 potuisset,
1236 2803 1283 2840 rex
1306 2793 1399 2841 autem

153 2873 270 2943 negotiis
288 2875 365 2942 regni
384 2879 536 2943 occupatus
554 2870 735 2941 personaliter
752 2871 842 2924 eidem
861 2871 941 2924 aratri
960 2871 1070 2924 obviam
1083 2872 1213 2927 accedere
1226 2890 1258 2928 eo
1271 2881 1397 2944 tempora

153 2960 329 3030 nequivisset,
347 2961 421 3015 idem
439 2959 597 3014 Redoslaus
615 2957 738 3012 collectis
757 2960 815 3012 suis
828 2958 939 3025 viribus,
952 2975 1006 3012 non
1020 2975 1135 3028 parcens
1148 2961 1288 3015 laboribus
1309 2967 1337 3015 et
1355 2979 1401 3016 ex·

152 3048 247 3118 pensis
260 3055 356 3102 contra
374 3049 497 3102 omnium
516 3047 669 3100 infidelium
688 3045 801 3100 insidias
820 3052 935 3100 matrem
948 3047 1021 3115 regis
1040 3049 1115 3100 omni
1135 3049 1286 3102 reverentia
1305 3047 1399 3104 debita

153 3151 209 3204 qua
219 3133 313 3188 decuit
330 3133 365 3188 ad
385 3149 500 3203 regnum
519 3133 678 3187 solemniter
696 3131 814 3198 induxit,
828 3133 977 3186 maximam
990 3133 1173 3204 quantitatem
1186 3152 1253 3190 sarae
1265 3138 1400 3206 pecuniae

159 3221 349 3292 expendendo.
368 3221 402 3275 lu
427 3221 676 3275 remunerationem
700 3219 793 3289 itaque
817 3219 990 3273 servitiorum
1014 3221 1102 3289 ipsius
1125 3221 1190 3276 bani
1216 3229 1244 3276 et
1266 3230 1401 3278 restaura·

153 3309 258 3364 tionem
277 3325 388 3363 suarum
409 3323 592 3377 expensarum
611 3313 639 3360 st
657 3306 692 3360 ob
710 3307 844 3360 rationem
863 3307 960 3360 mortis
973 3309 1168 3377 consanguinei
1183 3315 1210 3363 et
1223 3311 1399 3366 servientium

59 3437 63 3444 .
153 3398 357 3468 possessionem
376 3397 457 3450 castri
476 3396 583 3464 zsgrab.
603 3394 696 3464 Selyn,
715 3395 740 3448 ei
759 3395 873 3463 eiusque
897 3393 1062 3448 haeredibus
1080 3396 1109 3448 in
1127 3405 1292 3467 perpetuum
1311 3399 1398 3454 donat

155 3483 253 3540 habito
272 3485 387 3539 consilio
406 3491 435 3538 et
452 3499 588 3537 consensu
601 3481 786 3552 praelatorum
800 3487 827 3535 et
839 3481 973 3535 baronum
987 3499 1108 3536 suorum.
1121 3483 1225 3537 Datum
1238 3502 1287 3554 per
1300 3503 1399 3540 manua

155 3573 280 3643 magistri
299 3571 436 3627 Theodori
455 3571 576 3625 albensis
594 3569 742 3640 praepositi
761 3569 842 3622 aulae
860 3569 1023 3624 cancellarii.
1042 3569 1232 3626 Existentibus
1251 3574 1322 3626 inter
1340 3590 1400 3629 cae·

152 3668 227 3716 teros
239 3660 338 3715 Pouka
350 3659 500 3730 Syrmiensi
514 3659 653 3728 episcopo,
666 3656 773 3710 Thomu
785 3655 929 3723 Bonnensi,
947 3657 964 3711 J
968 3655 1076 3711 ohanne
1094 3656 1280 3725 Zagrabiensi,
1293 3659 1400 3730 Ugrino

153 3749 255 3804 comite
273 3748 308 3802 ds
326 3748 442 3818 Pasage,
461 3747 609 3801 Dominico
627 3745 759 3814 magistro
778 3743 930 3798 Tavarnico
950 3743 975 3797 d.
995 3747 1089 3799 matris
1108 3746 1227 3815 reginae,
1246 3749 1347 3805 comite
1366 3749 1400 3806 de

152 3835 363 3994 Wolff-diist·
382 3923 502 3993 patrius.
525 3923 591 3976 VII.
610 3938 637 3992 p.
655 3923 715 3974 228.
736 3921 783 3973 Eu
804 3921 896 3974 Groui.
916 3921 1036 3974 Archino
1055 3923 1184 3976 corruitura
1197 3923 1316 3992 Erdddy
1332 3925 1399 3978 Gul-

151 4013 262 4083 pdcaum
281 4011 382 4064 oblato.

205 4167 405 4224 MDXXXIII.
425 4171 501 4221 1293.
512 4171 555 4222 27.
573 4168 747 4238 Septembris.
767 4166 929 4236 Capitulum
948 4167 1080 4222 ecclesiae
1099 4168 1292 4240 Zagrabiensis
1315 4173 1398 4241 signi-

151 4256 224 4323 ficat,
244 4256 402 4327 quodcum
422 4255 548 4310 Andreas
572 4271 620 4309 rex
644 4257 832 4326 possessiones
856 4271 905 4309 seu
928 4261 1014 4308 terras
1039 4255 1140 4322 Vrbaz,
1159 4256 1252 4323 Gaias,
1277 4257 1398 4326 Petrina,

151 4343 284 4410 Vinodol,
304 4343 394 4410 Seleu,
414 4342 517 4410 Oolich,
538 4341 678 4413 Podgoria
696 4349 723 4397 et
742 4342 879 4397 Zamobor
897 4358 961 4396 oum
974 4343 1070 4397 castris
1083 4344 1111 4397 in
1124 4345 1227 4398 eisdem
1241 4348 1399 4401 constitutis

45 4495 49 4506 ¹
151 4433 210 4486 viro
228 4431 376 4502 magnifico
395 4430 536 4485 Radoslao
554 4439 621 4484 tunc
639 4431 713 4484 bano
733 4431 818 4484 totius
837 4429 991 4496 Slavouiae,
1010 4445 1060 4500 pro
1073 4431 1200 4486 fidelibus
1214 4434 1331 4487 servitiis
1350 4434 1398 4490 do·

151 4527 247 4574 nasset
266 4517 451 4572 mediantibus
469 4518 621 4588 privilegiis
638 4523 772 4588 perpetuo
786 4517 975 4588 possidendae,
988 4517 1023 4571 ad
1037 4519 1236 4586 assignandum
1249 4522 1274 4574 ei
1287 4521 1398 4576 easdem

150 4607 339 4680 possessiones
358 4607 509 4660 transmisit
526 4623 574 4660 rex
594 4605 760 4676 Gregorium
779 4607 926 4675 specialem
945 4613 973 4660 et
991 4605 1143 4662 familarem
1157 4608 1289 4676 juvenem
1308 4627 1398 4674 strum,

150 4695 199 4766 qui
228 4709 319 4748 coram
347 4695 479 4764 magistro
512 4692 655 4748 Gueroldo
685 4693 879 4747 archidiacono
913 4692 947 4746 de
981 4693 1067 4760 Zana,
1102 4693 1195 4747 Vrbaz
1220 4702 1247 4749 et
1271 4695 1398 4750 Dobicha

150 4791 180 4838 et
208 4781 396 4837 concanonico
422 4781 600 4850 Zagrsbienai
625 4799 674 4852 per
698 4781 850 4851 capitulum
879 4783 1053 4848 transmisso,
1079 4781 1125 4852 qui
1150 4780 1261 4835 easdem
1291 4800 1397 4852 posses-

1261 4887 1293 4943 31
