3376 5350
310 385 376 451 430
666 393 670 400 ’
811 397 830 438 ι.
849 383 1059 451 ιιιιιιιιιιιινιό,

312 577 451 646 Georgius
470 582 498 630 et
517 577 659 630 Mladinus
678 577 800 643 comites,
820 577 917 631 iratres
941 577 1008 642 eius,
1028 587 1173 646 gesserunt
1193 579 1229 632 ab
1247 577 1382 634 hactenus
1408 597 1570 652 argaeum

312 673 340 719 at
358 671 459 736 gerunt
476 665 512 719 ad
530 679 672 736 praesens;
692 664 838 719 attendens
856 665 948 730 etiam,
967 663 1042 734 quod
1055 665 1107 734 ipsi
1120 673 1195 720 certa
1207 669 1318 722 servitia
1330 668 1439 724 Karolo
1462 672 1570 740 primo·
1657 689 1658 698 ι

311 753 405 826 genito
424 769 484 820 suo,
503 754 559 821 regi
579 751 733 822 Hungarie,
752 753 780 806 in
799 749 965 822 aquisitione
983 751 1049 806 dicti
1063 755 1139 822 regni
1159 755 1200 807 rui
1219 753 1344 810 efficacia
1361 773 1450 827 opera
1464 763 1570 828 prasti-

313 847 415 908 temut,
439 845 466 894 et
491 847 612 910 prestare
637 845 767 909 poterunt
790 841 819 894 in
844 840 976 908 futurum,
1002 857 1099 895 omnes
1126 843 1319 898 eoncessiones
1344 854 1371 899 et
1394 846 1572 901 donationes
1651 824 1658 849 ¹

314 929 401 983 iactas
425 928 464 982 eis
482 935 510 982 et
528 945 623 982 aormn
643 928 849 982 srrccessoribus
873 944 922 998 par
946 926 1101 998 praefatum
1125 945 1219 1000 regem
1244 931 1379 986 Karolum
1406 935 1570 992 confirmat.

313 1017 469 1087 specialiter
488 1014 686 1082 deterritorio,
706 1013 780 1084 quod
799 1014 940 1084 Dyesnieh
961 1015 1123 1085 appellatur,
1142 1033 1193 1070 nec
1212 1033 1267 1072 uon
1287 1020 1420 1088 progenie
1447 1039 1501 1074 seu
1522 1039 1570 1089 ge

314 1105 466 1170 neratione,
485 1118 556 1173 quae
575 1109 689 1156 vocatur
708 1101 855 1171 Suczunny
874 1109 901 1155 et
919 1101 986 1156 Pset
1009 1101 1133 1172 (lirum),
1153 1121 1207 1174 que
1226 1115 1268 1160 est
1286 1107 1364 1160 irrata
1387 1109 1568 1163 territorium
1652 1131 1658 1151 ·

314 1191 478 1263 predictum,
498 1189 661 1246 etabinde
680 1188 821 1258 usquead
841 1187 958 1243 confinia
977 1191 1142 1259 provinciae,
1165 1209 1237 1262 quae
1263 1193 1363 1248 dicitur
1387 1195 1506 1260 Boana3
1535 1215 1568 1252 ae

314 1279 395 1334 etiam
416 1277 450 1332 de
469 1293 511 1343 eo,
529 1277 604 1346 quod
622 1275 781 1346 praedictus
800 1293 848 1330 rex
867 1276 947 1330 dictis
961 1277 1090 1332 iratribus
1109 1279 1223 1334 donavit
1242 1281 1276 1336 de
1295 1281 1433 1336 Chroaoia
1454 1297 1485 1338 et
1498 1285 1569 1339 Dal·
1658 1290 1659 1307 ¹

313 1367 398 1421 matis
416 1373 551 1436 quantum
570 1363 674 1418 scilicet
687 1363 862 1434 protenditur
875 1381 891 1418 a
903 1364 1005 1420 finibus
1024 1367 1170 1421 comitatus
1184 1367 1218 1421 de
1237 1367 1355 1422 Ohelum
1374 1369 1568 1437 (Zachulmial

314 1470 402 1524 usque
415 1452 534 1518 Senium,
548 1451 704 1506 Gazecham
717 1459 744 1506 et
757 1451 939 1518 Modrusiam‚
952 1469 1015 1506 cum
1032 1455 1161 1508 omnibus
1176 1456 1333 1524 baronibus,
1353 1457 1479 1524 vasallis,
1502 1461 1570 1514 civi-

315 1541 420 1595 tatibus
440 1540 538 1594 castris
556 1547 584 1594 et
602 1537 682 1606 villis,
701 1555 733 1593 ac
752 1539 881 1594 omnibus
900 1539 971 1594 inira
989 1557 1018 1594 se
1037 1541 1135 1610 positis
1148 1544 1230 1597 maris
1242 1543 1340 1598 insulis
1358 1544 1571 1613 adiacentibus,

314 1637 342 1684 et
360 1629 489 1682 omnibus
507 1627 614 1681 iuribus
632 1633 660 1680 et
678 1627 861 1696 pertinenciis.

367 1717 457 1770 Artis
475 1733 509 1770 aa
527 1715 630 1786 poojest
644 1715 748 1786 juposl.
771 1716 836 1769 VII.
855 1733 881 1786 p.
901 1720 943 1770 19.

367 1861 462 1914 MDV.
482 1858 653 1916 Brinoniaa.
681 1860 966 1930 retardassent.
988 1860 1103 1915 Carolus
1122 1860 1159 1913 ΙΙ.
1179 1875 1225 1914 rex
1246 1858 1364 1923 Siciliae,
1382 1861 1572 1916 considerans
1658 1890 1659 1915 1

315 1948 489 2004 devotionem
503 1948 636 2002 sinceram
650 1964 734 2018 quam
747 1949 787 2001 vir
800 1948 962 2018 magnificus
975 1949 1130 2012 Ladislsus,
1146 1948 1219 2002 tilius
1232 1948 1433 2018 primogenitus
1447 1949 1572 2004 illustris

315 2037 446 2106 principia
465 2035 606 2106 Stephani,
625 2036 698 2104 regis
717 2034 835 2102 Suriae,
855 2051 921 2105 erga
939 2053 1001 2090 eum
1019 2038 1106 2106 gessit
1124 2037 1159 2090 ab
1177 2035 1252 2101 olim,
1271 2042 1299 2090 at
1321 2037 1393 2106 gerit
1421 2040 1572 2096 continue.
1658 2084 1659 2095 ,

316 2123 444 2178 coneedit
462 2129 490 2177 et
508 2122 651 2177 confirmat
663 2121 752 2176 eidem
771 2139 804 2176 ac
822 2124 1028 2178 successoribus
1046 2125 1105 2178 eius
1119 2125 1146 2179 in
1160 2129 1324 2194 perpetuum
1338 2123 1477 2179 ducatum
1492 2125 1572 2180 Scla-

316 2213 423 2277 voniae,
443 2219 584 2280 praeterea
603 2216 698 2277 terras,
718 2226 787 2279 quas
811 2210 935 2280 possidet
959 2210 1107 2266 Radislaus
1134 2211 1224 2265 banus
1249 2227 1312 2264 cum
1337 2211 1473 2266 fratribus
1500 2217 1572 2278 auis,
1657 2255 1658 2276 ,

318 2307 465 2370 praeterea
484 2299 566 2353 etiam
585 2305 671 2352 terras
690 2315 758 2368 quas
777 2305 871 2353 tenent
889 2299 959 2353 infra
978 2299 1110 2354 ditionem
1124 2299 1293 2371 praedictam
1307 2315 1400 2354 comes
1418 2298 1572 2357 Johannes
1658 2346 1659 2375 ,

318 2389 353 2442 da
371 2387 479 2457 Veglla,
499 2387 658 2442 Modrussia
677 2394 705 2442 et
724 2387 847 2443 Vinodol
867 2405 930 2443 cum
957 2389 1041 2447 fratre
1059 2405 1117 2456 suo,
1138 2395 1165 2443 et
1183 2405 1276 2444 comes
1300 2389 1439 2460 Duymus,
1468 2407 1572 2446 conso-

318 2477 414 2530 brinus
435 2475 560 2530 eiusdem
580 2475 688 2529 comitis
706 2475 851 2542 Johannis,
871 2476 959 2530 donec
977 2483 1068 2530 tamen
1084 2477 1113 2529 in
1125 2477 1184 2530 eius
1203 2477 1275 2547 regis
1288 2477 1421 2533 fidelitate
1433 2479 1572 2534 existant.

370 2565 459 2618 Arkio
477 2580 510 2620 aa
530 2562 603 2634 pooj.
617 2563 720 2633 jupoal.
743 2564 809 2617 VII.
828 2581 854 2634 p.
873 2567 915 2618 20.

371 2706 482 2760 MDVI.
500 2704 673 2778 Zaprabiaa.
700 2708 776 2760 1292.
802 2709 842 2759 13.
866 2706 1038 2773 Sallentinis.
1050 2705 1194 2762 Johannes
1206 2707 1354 2776 episcopus
1366 2707 1572 2777 Zagrabiensis

318 2796 465 2864 significat,
484 2795 558 2865 quod
577 2811 640 2850 eum
659 2796 699 2848 vir
718 2794 881 2864 magnificus
908 2795 1054 2848 Ladislans
1078 2794 1167 2848 banus
1192 2794 1277 2848 totins
1301 2794 1449 2848 Slaronias
1474 2795 1572 2849 adbuc

320 2882 462 2936 dominum
482 2883 636 2936 Antonium
655 2882 818 2952 episcopum
836 2881 953 2950 Zagrab.
972 2882 1213 2952 praedecessorem
1226 2899 1316 2946 suum,
1330 2882 1436 2936 ratione
1457 2899 1572 2953 posses·

319 2969 404 3023 sionis
422 2969 618 3039 Harastnycha
635 2970 807 3040 inpetirisset
824 2970 979 3037 asserendo,
999 2970 1074 3040 quod
1093 2970 1190 3024 eadem
1209 2970 1243 3024 de
1262 2970 1321 3024 iure
1340 2969 1454 3024 deberet
1484 2971 1571 3041 perti-

319 3075 384 3111 nere
402 3057 462 3123 sibi,
481 3058 539 3111 sive
558 3057 674 3111 eeclesia
697 3059 786 3127 ipsam
811 3058 854 3112 rel
878 3059 1001 3128 pignoris
1024 3059 1080 3112 sive
1100 3059 1269 3127 emptitionis
1295 3057 1377 3111 titulo
1401 3057 1572 3127 possederit,
1658 3072 1659 3081 ¹

321 3153 348 3200 et
378 3145 489 3200 demum
519 3145 593 3199 dicto
618 3146 750 3215 episcopo
778 3145 812 3199 da
836 3144 928 3199 medio
951 3145 1058 3200 sablato
1086 3145 1244 3199 huiusmodi
1269 3145 1395 3215 quaestio
1419 3145 1497 3200 inter
1524 3164 1573 3200 eos

321 3239 419 3289 exorta
437 3233 537 3286 suisset
556 3239 584 3286 et
605 3231 709 3286 diutius
728 3233 866 3297 ventilata,
890 3232 1002 3286 taudem
1020 3232 1169 3286 Radislaus
1188 3232 1246 3298 (sict
1265 3233 1355 3286 banus
1373 3240 1404 3286 ut
1424 3232 1498 3288 haec
1517 3235 1573 3289 dis-

322 3321 458 3375 sensionis
476 3321 592 3374 materia
611 3319 645 3373 de
664 3319 756 3374 medio
774 3321 877 3374 tolatur
901 3321 1040 3374 commisit
1062 3335 1173 3374 causam
1196 3321 1224 3373 in
1249 3319 1392 3374 arbitrium
1417 3321 1572 3390 proborum

321 3411 440 3462 virorum
460 3407 588 3462 videlicet
605 3407 800 3475 magistrorum
819 3407 967 3472 Manfredi‚
987 3408 1136 3477 praepositi
1156 3407 1288 3461 ecclesiae
1312 3407 1428 3476 Zagrab.
1457 3407 1573 3478 Gogani

320 3496 471 3566 praepositi
491 3495 555 3548 secl.
576 3493 761 3562 Obasmeusis
780 3495 896 3550 Davidis
920 3495 954 3548 de
979 3493 1144 3560 Kamarcba,
1163 3493 1351 3548 Batlrolomaei
1377 3493 1412 3548 de
1436 3493 1573 3549 Kemnuk

321 3593 348 3638 et
367 3582 513 3637 Michaelis
532 3582 566 3636 de
585 3582 690 3636 Waslra
707 3581 962 3636 archidiaconorum
982 3599 1014 3636 ac
1032 3581 1171 3634 Dominici
1189 3580 1286 3634 decani
1305 3580 1371 3634 ecel.
1390 3581 1473 3651 Zagr.
1494 3599 1573 3636 eom-

320 3672 440 3726 muniter
458 3671 617 3725 electorum.
636 3670 707 3724 Item
727 3669 859 3724 nobilium
884 3672 974 3738 regni:
999 3670 1066 3724 Ivan
1091 3669 1200 3722 comitis
1227 3668 1276 3722 filii
1300 3669 1417 3738 Iruzlay,
1442 3669 1572 3726 Matbsei

321 3759 369 3812 lilii
388 3757 481 3812 Endre
501 3758 617 3822 comitis,
637 3757 765 3812 Andreae
779 3757 884 3826 judicis
903 3759 995 3812 curiae
1019 3756 1184 3828 episcopalis
1212 3763 1240 3811 ct
1266 3757 1375 3810 comitis
1398 3755 1572 3814 Simonshss

321 3845 460 3916 quondam
481 3844 621 3899 castellani
648 3845 682 3899 de
706 3845 825 3900 Medved
853 3861 903 3916 per
929 3847 1091 3915 episcopum
1117 3850 1332 3915 assumptorum.
1356 3845 1429 3898 Item
1458 3850 1574 3902 comitis

322 3933 447 4000 Garduu,
476 3933 585 3986 comitis
609 3933 776 3998 Wulkozlsi,
801 3934 909 3986 comitis
933 3934 989 4002 Iaip
1015 3933 1049 3987 dc
1075 3933 1154 3986 Blina
1178 3937 1206 3986 et
1229 3933 1338 3986 comitis
1364 3932 1498 3988 Andreas
1524 3936 1573 3989 tilii

322 4021 452 4086 Floriani,
471 4037 521 4091 per
540 4020 711 4074 Rndozlaum
731 4021 833 4074 banum
847 4027 1061 4089 assumptorum.
1074 4019 1198 4074 Tandem
1211 4036 1260 4090 per
1272 4018 1430 4088 praedictos
1449 4021 1574 4077 arbitros
1658 4038 1659 4045 ¹

323 4109 462 4163 decretum
488 4108 540 4162 luit
559 4115 589 4162 ut
608 4109 755 4178 episeopus
780 4107 882 4162 dictam
908 4108 1108 4177 possessionem
1134 4106 1337 4175 Harastnycba,
1363 4123 1447 4176 quam
1475 4117 1574 4162 contra
1658 4090 1659 4101 ἵ

323 4197 529 4252 cosuetudinem
555 4195 632 4264 regui
656 4194 801 4249 Slavoniae
828 4195 970 4265 possidere
994 4194 1116 4248 indebite
1144 4194 1226 4248 titulo
1245 4193 1394 4264 emptionis
1413 4192 1573 4257 videbatur,

322 4285 441 4339 maxime
460 4299 524 4336 oum
544 4291 667 4351 tempore
681 4283 763 4337 Belae
777 4283 849 4352 regia
862 4284 980 4336 universi
995 4283 1058 4335 nob.
1072 4283 1148 4352 regni
1163 4281 1309 4336 Slavonias
1321 4280 1428 4334 litteras
1442 4281 1571 4334 eiusdem

323 4371 501 4437 obtinuerint,
515 4377 546 4423 ut
559 4369 675 4423 ecelesia
688 4371 777 4423 nullas
790 4371 979 4440 possessiones
993 4369 1126 4422 nobilium
1140 4369 1196 4422 sive
1209 4368 1334 4438 pignoris
1347 4367 1403 4420 sive
1418 4369 1573 4437 emptioni-¹

323 4460 402 4514 titalo
420 4458 522 4513 audeat
540 4475 681 4528 usurpare,
701 4473 782 4528 porro
801 4458 877 4526 quod
895 4457 991 4511 eadem
1011 4458 1149 4527 possessio
1168 4457 1259 4526 ipsum
1271 4453 1442 4508 deoslaum
1466 4455 1573 4510 bunum

323 4547 382 4600 iure
401 4546 588 4615 proximorum
619 4561 732 4598 suorum
758 4544 850 4598 Endre
876 4553 903 4598 et
926 4543 1006 4596 Mari<
1032 4543 1208 4597 venditorum
1236 4541 1360 4596 eiusdem
1385 4541 1574 4610 possessionis
1657 4543 1658 4552 ’

325 4634 483 4701 contingere
502 4632 654 4698 videbatur,
673 4633 814 4701 sepedicto
834 4631 981 4697 Radoslao,
1000 4637 1082 4700 prout
1102 4629 1238 4699 condigne
1265 4629 1337 4684 foret
1362 4629 1512 4684 aestimata
1531 4648 1572 4684 re-
1658 4680 1659 4709 3

326 4720 452 4774 stituerat
481 4717 683 4789 possidendam.
712 4718 758 4772 Ad
786 4719 864 4772 ouius
889 4717 1071 4789 possessionis
1095 4717 1316 4773 aestimationem
1342 4732 1434 4772 eomes
1456 4717 1517 4788 Iaip
1547 4729 1574 4772 et
