3488 5380
358 365 421 429 228
863 389 882 427 r.
900 375 1096 438 rrurrurrruuu*2

356 553 435 608 liude
455 553 528 608 lilius
547 552 692 608 Michaelis
710 557 773 620 etc,
791 559 906 623 accepto
923 552 1035 606 homine
1055 551 1155 618 baoali,
1174 557 1273 608 terram
1300 551 1334 606 ad
1359 550 1415 606 duo
1439 559 1540 618 aratra,
1564 568 1598 605 ex

355 646 429 696 terra
447 640 477 696 S.
496 639 609 710 Georgii
629 640 692 708 (sub
711 639 804 708 Beleo)
823 657 840 694 a
857 638 999 696 Vratislao
1020 646 1049 695 et
1065 639 1170 696 Noreta
1188 639 1251 694 tiliis
1269 639 1348 706 Jaco,
1367 637 1599 693 reambulaverint

354 728 467 784 nomine
484 727 581 794 caetri3
600 733 628 782 et
646 733 764 798 utraque
782 733 860 798 parte
878 743 971 783 eoram
997 725 1070 784 bauo
1097 728 1255 796 constituta,
1284 725 1411 782 Andreas
1430 743 1524 782 comes
1541 724 1599 780 Vo-

354 813 525 870 roedineneis
543 819 571 870 et
590 830 686 870 omnes
702 813 869 885 jobagioues
888 815 1090 886 proposuerint,
1104 814 1179 886 quod
1193 815 1240 870 illa
1254 814 1388 885 particula
1401 819 1489 868 terrae
1501 813 1602 868 suisset

354 903 437 960 casui
455 908 483 957 et
500 919 561 958 eam
580 903 697 974 praelati
719 902 767 956 lilii
789 900 860 958 Jaeo
879 902 1013 958 violenter
1037 908 1227 974 occupassent.
1256 903 1281 958 Ε
1304 917 1439 957 conuerso
1457 900 1601 956 Vratialav

356 997 384 1048 et
401 989 508 1046 Norete
526 988 736 1062 responderunt,
759 989 834 1060 quod
853 989 950 1045 eadem
968 995 1041 1045 terra
1063 995 1136 1046 esset
1154 1007 1249 1046 eorum
1273 987 1462 1044 haereditaria
1487 985 1599 1044 Auditis

354 1078 398 1132 irie
417 1093 473 1133 uua
491 1093 555 1131 cum
574 1075 714 1132 nobilibus
732 1077 810 1147 regni
828 1077 961 1134 iudicavit
978 1077 1069 1132 banus
1091 1077 1231 1133 Andream
1249 1078 1378 1132 comitem
1396 1075 1432 1130 ad
1450 1073 1598 1130 iurandum

354 1182 418 1221 cum
437 1169 557 1236 quatuor
574 1163 772 1234 jobagionibus
790 1179 874 1238 cuper
892 1181 935 1232 eo,
955 1164 1030 1234 quod
1051 1165 1100 1220 illa
1119 1173 1191 1220 terra
1204 1166 1240 1219 sit
1251 1165 1341 1220 castri.
1361 1163 1415 1220 Sed
1435 1162 1600 1218 adveniente

355 1253 474 1308 termino
493 1267 587 1308 comce
605 1249 732 1306 Andreae
751 1256 779 1307 et
795 1251 834 1306 illi
852 1253 877 1307 4.
893 1251 1060 1322 jobagiouee
1078 1269 1133 1308 non
1153 1253 1214 1307 anei
1227 1253 1340 1308 suerunt
1349 1253 1450 1322 jurare,
1470 1249 1519 1304 sed
1539 1265 1599 1321 per·

354 1340 489 1395 miserunt
507 1356 569 1394 eam
586 1355 650 1394 cum
669 1337 797 1394 omuibus
812 1339 1011 1410 jobagionibne
1027 1340 1091 1396 liliis
1107 1339 1193 1407 Jaco;
1211 1345 1239 1394 et
1256 1339 1331 1394 misit
1348 1338 1438 1392 banus
1457 1337 1598 1392 hominem

354 1428 536 1499 capitularem
553 1426 728 1482 coambulare
752 1426 856 1483 dictam
879 1433 980 1483 terrain
1005 1433 1033 1482 et
1056 1442 1152 1482 omuee
1176 1433 1263 1482 terrae
1286 1426 1406 1480 filiorum
1430 1423 1519 1480 Jaeov
1541 1429 1601 1479 tam

355 1513 385 1571 Β.
404 1514 517 1584 Georgii
536 1530 619 1585 quam
638 1517 739 1570 terram
757 1515 897 1581 Scelniaa;
916 1519 944 1570 et
962 1515 1127 1572 circuierunt
1145 1521 1232 1570 terres
1254 1531 1347 1570 eomer
1365 1512 1493 1568 Andreas
1512 1517 1540 1566 ot
1554 1511 1599 1582 jo·

355 1602 491 1672 bagioues
509 1617 565 1656 una
584 1617 646 1656 cum
665 1600 777 1658 homine
796 1601 916 1657 exmisso
935 1607 964 1658 st
981 1603 1145 1658 invenerunt
1163 1603 1214 1658 hae
1234 1609 1335 1657 netas:
1353 1601 1446 1655 Prima
1465 1600 1549 1670 igitur
1568 1598 1599 1654 S.

355 1689 469 1760 Georgii
495 1689 592 1760 incipit
610 1687 644 1743 de
664 1687 799 1744 Cremona
824 1687 924 1743 Goriaa
942 1689 978 1744 ab
997 1691 1100 1746 oriente
1120 1697 1147 1744 et
1164 1696 1343 1746 cometaneus
1362 1694 1405 1742 eet
1428 1703 1521 1743 comee
1545 1687 1599 1740 Mi-

354 1775 441 1842 chael,
461 1792 478 1831 a
496 1775 678 1847 septemtione
698 1781 762 1830 eunt
780 1775 905 1831 cruciferi
924 1793 941 1830 a
960 1773 988 1832 S.
1006 1775 1125 1844 Joanne,
1151 1775 1187 1832 ad
1212 1777 1352 1832 meridiem
1373 1791 1457 1846 super
1482 1773 1600 1829 Zotialca

354 1863 382 1917 io
402 1878 505 1933 magno
524 1863 614 1934 spatio
634 1867 677 1917 eet
695 1869 901 1918 commetaucue
926 1880 1019 1919 comes
1045 1864 1172 1920 Michael
1198 1864 1268 1918 Inde
1293 1869 1366 1918 terra
1383 1861 1535 1928 chhinae‚
1561 1859 1598 1915 ad

353 1949 526 2006 occidentem
545 1949 620 2006 eadit
638 1950 666 2004 iu
684 1949 764 2006 Bireh
790 1949 839 2006 ubi
857 1957 900 2006 est
917 1969 973 2006 una
998 1953 1050 2019 via,
1075 1951 1110 2007 ad
1136 1951 1278 2008 meridiem
1303 1957 1376 2006 terra
1401 1949 1523 2005 Mortuui
1549 1948 1597 2002 lilii

354 2036 457 2105 (lurda,
475 2036 512 2092 ab
530 2036 675 2093 occidente
693 2038 768 2092 venit
785 2037 821 2092 ad
839 2038 958 2094 rivulum
978 2039 1087 2094 Blatua.
1114 2039 1185 2094 Inde
1204 2037 1238 2093 ad
1258 2039 1359 2094 elecem
1377 2037 1514 2103 Botinam‚
1534 2035 1598 2090 iude

352 2123 427 2180 cadit
444 2125 473 2178 in
492 2123 646 2180 Cochinam
664 2124 855 2193 (Kouddinam)
874 2125 922 2180 ubi
941 2123 1039 2181 eedem
1057 2126 1131 2182 cadit
1148 2125 1184 2180 ad
1203 2141 1332 2195 magnam
1347 2124 1484 2190 Reatinam,
1497 2127 1526 2178 et
1537 2139 1597 2193 per·

353 2211 428 2266 veuit
444 2211 481 2266 ad
500 2217 585 2282 caput
606 2211 738 2280 Oochiua,
756 2212 793 2268 ab
812 2211 954 2270 occidente
972 2220 1016 2270 eet
1033 2219 1238 2270 commetaneus
1258 2211 1424 2268 Benedictus
1443 2212 1518 2266 filius
1543 2211 1598 2266 Bu·

353 2299 417 2355 culo
436 2299 549 2370 iobagio
567 2300 659 2354 castri.
678 2298 784 2354 Versus
808 2299 966 2370 aquilonem
992 2302 1067 2356 venit
1090 2300 1126 2354 ed
1150 2301 1242 2355 locum
1266 2301 1314 2370 qui
1340 2303 1455 2354 vocatur
1481 2300 1599 2368 Poqeuo

353 2389 468 2452 Genua,
487 2385 552 2442 inde
571 2402 620 2457 per
637 2392 726 2442 metae
752 2387 830 2442 iuxta
848 2387 976 2443 Batinum
989 2388 1024 2444 ad
1038 2388 1218 2444 monticulum
1238 2389 1339 2445 Pechta
1357 2393 1385 2442 et
1403 2387 1456 2441 sub
1474 2393 1596 2441 montem

351 2473 432 2528 Bilch
450 2471 553 2542 (Balce)
573 2479 600 2527 et
618 2473 688 2528 alter
706 2489 786 2530 mone
801 2473 910 2544 Scyneh
933 2481 1057 2532 remanet
1075 2491 1170 2532 versus
1191 2481 1282 2546 partes
1300 2476 1409 2531 comitis
1428 2473 1551 2530 Farcaeii
1570 2479 1597 2528 et

351 2559 427 2616 cadit
444 2561 473 2614 in
491 2559 613 2632 lapidem
630 2561 733 2629 Pecha,
750 2561 787 2617 ad
805 2561 946 2618 meridiem
972 2579 1037 2618 vero
1055 2563 1091 2618 ad
1109 2569 1231 2619 montem
1256 2564 1359 2620 Oatruz
1383 2563 1486 2630 (Oltrc)
1512 2579 1596 2634 super

351 2663 435 2718 quem
452 2645 629 2704 ascendendo
649 2647 789 2719 egreditur
807 2651 835 2703 in
853 2649 910 2705 alto
928 2649 1010 2706 Birclr
1028 2667 1124 2706 verens
1142 2651 1301 2722 aquilonem
1319 2655 1346 2706 et
1364 2649 1439 2705 cadit
1450 2651 1477 2704 iu
1492 2649 1594 2706 Honos

351 2735 379 2789 in
403 2751 532 2806 campum
555 2733 620 2790 Vile
644 2741 672 2790 et
695 2735 838 2791 inlocum
863 2735 958 2805 Calch,
982 2737 1030 2793 ubi
1054 2737 1213 2809 adiungitur
1230 2743 1322 2794 metae
1343 2737 1451 2794 comitis
1471 2737 1595 2793 Farcasii

351 2828 379 2878 et
405 2822 442 2877 ab
468 2823 602 2894 aquilone
628 2823 825 2880 cruciferorum
853 2825 882 2881 S.
909 2825 1056 2882 Johannie.
1084 2825 1193 2882 Deinde
1223 2843 1306 2898 euper
1332 2843 1465 2896 maguum
1495 2825 1598 2880 Honos

351 2910 399 2980 qui
418 2915 461 2964 eet
479 2925 565 2981 supra
584 2909 741 2966 Gruoiieroe
760 2917 788 2966 et
805 2912 898 2967 eundo
917 2929 966 2983 per
983 2913 1064 2967 Birclr
1084 2911 1157 2968 cadit
1172 2915 1272 2970 iterum
1290 2915 1318 2968 in
1335 2913 1471 2969 Oromena
1484 2911 1598 2984 gericha

350 2995 399 3052 ubi
420 2996 473 3052 fuit
490 2997 626 3054 inchoata.
654 2997 699 3054 Ibi
724 2999 886 3054 terminatur
904 3005 976 3054 terra
995 2999 1024 3056 S.
1043 3001 1164 3072 Georgii.
1183 3003 1268 3058 Terra
1292 3009 1386 3058 autem
1404 3001 1529 3057 Saeluiaa
1558 3002 1599 3056 in-

352 3083 420 3156 cipit
437 3085 466 3138 in
485 3084 608 3156 Grapina
626 3086 653 3140 in
673 3087 776 3142 siccam
794 3087 931 3154 Botinam,
951 3088 1023 3144 ultra
1043 3089 1193 3161 Crapiuam
1212 3097 1419 3146 commetaneue
1438 3095 1480 3144 est
1503 3105 1599 3144 comes

352 3171 428 3226 Atha
446 3188 481 3226 ex
500 3179 578 3243 parte
596 3165 778 3230 meridionali.
797 3173 888 3230 Deide
905 3175 940 3230 ad
960 3177 1121 3246 aquilonem
1139 3186 1181 3234 est
1199 3182 1326 3234 Peourua
1344 3178 1419 3232 filine
1437 3177 1547 3248 Cupan.
1564 3179 1598 3234 In

351 3257 493 3314 occidente
512 3260 586 3314 sicea
604 3261 706 3316 Botina
724 3261 798 3317 cadit
816 3263 844 3317 in
863 3279 992 3333 magnam
1009 3265 1138 3320 Botiuam
1156 3273 1184 3321 ct
1203 3283 1252 3338 per
1266 3267 1356 3320 variae
1375 3271 1463 3320 metas
1476 3265 1551 3320 cadit
1569 3265 1597 3320 in

350 3347 437 3400 unum
455 3347 573 3402 rivulum
600 3347 649 3404 ubi
677 3357 719 3404 eet
745 3357 953 3406 commetaneue
978 3352 1114 3423 Georgius
1139 3355 1212 3408 filius
1239 3353 1347 3409 Chonlr.
1373 3353 1417 3408 Ad
1436 3353 1597 3423 aquilonem

349 3439 415 3489 sunt
434 3433 593 3505 Stephanus
612 3435 738 3507 Valpoth
751 3438 850 3493 eteius
863 3441 1005 3508 generatio
1018 3443 1208 3497 commeteuei.
1221 3442 1275 3497 Per
1288 3443 1377 3496 variae
1396 3447 1484 3498 metas
1498 3459 1596 3498 verena

348 3519 491 3576 meridiem
509 3521 583 3576 veuit
600 3521 636 3577 ad
654 3523 746 3578 locum
766 3524 814 3580 ubi
835 3527 941 3580 rivulus
960 3526 1060 3581 Olimiu
1079 3527 1153 3582 eadit
1177 3529 1205 3583 in
1231 3529 1365 3584 Botinam.
1386 3529 1492 3586 Versus
1521 3531 1598 3600 aqui-

349 3608 441 3664 lonem
460 3613 667 3664 commetaneus
692 3617 734 3666 eet
756 3611 861 3666 Bratila
880 3618 908 3668 et
927 3630 975 3684 per
995 3613 1096 3668 Climin
1123 3616 1214 3672 eundo
1240 3617 1314 3671 venit
1340 3616 1376 3670 ad
1396 3616 1497 3672 vimina
1524 3635 1597 3688 quae

348 3700 482 3751 vocantur
509 3695 660 3762 Zeleneha;
688 3697 788 3752 deinde
812 3698 954 3755 descendit
982 3701 1009 3756 iu
1038 3702 1192 3757 Scelnizarn
1218 3721 1252 3758 ex
1279 3705 1397 3760 adverso
1425 3705 1505 3760 rivuli
1530 3705 1596 3760 Mil·

349 3783 426 3849 niaa;
446 3781 545 3838 deinde
565 3785 621 3839 exit
639 3784 674 3839 ad
693 3791 815 3841 montem
834 3788 869 3842 ad
889 3789 961 3843 riam
986 3791 1123 3845 exercitus
1142 3799 1170 3846 et
1187 3792 1263 3847 vadit
1281 3809 1376 3847 cereus
1401 3793 1533 3848 orientem
1559 3793 1595 3849 de

348 3875 423 3925 meta
441 3869 592 3940 admotae,
613 3879 641 3927 et
659 3873 770 3929 leudem
790 3877 864 3931 venit
881 3876 916 3932 ad
936 3883 1038 3934 metam
1059 3879 1171 3934 Dureau
1190 3881 1238 3934 filii
1256 3881 1335 3936 Rack
1360 3886 1388 3934 et
1412 3881 1537 3952 pervenit
1559 3883 1596 3936 ad

350 3957 444 4012 locum
464 3958 512 4012 ubi
531 3960 618 4014 oritur
636 3961 741 4016 rivulus
760 3962 864 4018 Jarouz
883 3970 911 4019 et
928 3965 1003 4020 cadit
1021 3967 1047 4020 in
1066 3967 1180 4022 fluvium
1198 3968 1318 4039 Orapina
1336 3969 1415 4024 iuxta
1432 3970 1595 4026 comitatum

350 4044 483 4112 Hroene;
502 4046 601 4102 deinde
622 4065 671 4119 per
689 4049 840 4120 Grapinam
859 4052 972 4106 inferius
992 4054 1084 4109 eundo
1100 4055 1228 4124 jungitur
1246 4055 1281 4110 ad
1300 4057 1460 4112 comitatum
1479 4057 1514 4113 de
1533 4059 1596 4115 Mo-

350 4133 456 4188 roucha
474 4133 509 4188 nd
528 4134 621 4190 locum
641 4136 689 4190 ubi
711 4138 784 4192 eicca
810 4139 911 4194 Botiua
933 4139 1008 4194 cadit
1035 4141 1062 4194 iu
1091 4140 1249 4212 (lupinam,
1278 4144 1315 4198 ibi
1343 4145 1511 4200 terminatur.
1537 4147 1595 4202 Pri·

348 4220 456 4276 staldue
474 4225 533 4276 erat
550 4221 630 4276 Elex.

368 4313 373 4322 '
403 4309 531 4365 scalde.-
548 4311 627 4366 Mou.
646 4313 727 4380 episc.
747 4315 769 4368 1.
787 4330 815 4382 p.
834 4318 894 4370 227.

399 4465 598 4524 DGGLXVII.
626 4473 703 4526 1258.
728 4471 887 4542 Stephanus
914 4473 1004 4528 banus
1023 4477 1107 4530 totius
1128 4477 1275 4536 Slavonlae
1294 4484 1324 4536 et
1341 4482 1503 4552 capitaneus
1529 4484 1590 4556 scy-

347 4553 404 4608 riae
423 4554 568 4624 significat,
586 4557 661 4626 qnod
678 4574 741 4612 cum
754 4575 802 4614 rex
815 4561 883 4615 Bela
896 4560 1019 4617 dedisset
1030 4564 1058 4618 in
1071 4565 1210 4620 mandatis
1225 4573 1255 4622 ut
1268 4573 1353 4622 terrae
1368 4570 1528 4626 Castrorum
1542 4589 1591 4643 per

347 4645 434 4696 totam
452 4639 613 4699 Slavoniam
631 4649 659 4700 et
677 4646 833 4716 specialiter
853 4649 881 4702 in
900 4650 1033 4706 comitatu
1047 4651 1246 4710 Vareedinsnsi
1265 4674 1282 4712 a
1300 4661 1424 4729 tempore
1443 4657 1590 4716 Colomani
