3488 5380
730 415 876 462 murs
1357 391 1420 456 nit

180 589 209 644 st
227 583 407 654 Obulgsnnm
425 581 588 652 lobagIoncs
606 583 689 639 castri
708 579 826 652 Zagrab.
851 584 947 636 cenna
965 595 1037 652 quos
1055 581 1245 654 opponebant,
1264 580 1340 654 qnod
1358 595 1423 638 cnm

182 675 263 742 pater
280 669 406 742 ipsomm
423 684 517 726 comes
537 667 641 726 Endrai
659 667 694 724 da
712 665 804 724 medio
829 667 928 724 fuisset
952 668 1088 736 sublatus,
1112 669 1165 740 ipsi
1186 667 1311 726 nondum
1338 667 1422 726 babe-

184 757 254 814 baut
270 772 360 814 annos
378 755 560 824 discretionis,
585 771 641 826 quo
668 759 794 826 tempore
817 755 900 811 iidem
921 755 1089 827 j0bagiones
1113 761 1214 812 terram
1239 773 1336 812 eorum
1360 755 1425 811 bse-

179 844 340 900 reditsriam
359 843 494 900 Conchan
512 843 539 896 in
559 855 642 897 sunm
660 857 742 898 usum
760 843 950 899 attraxissent.
968 843 994 898 Ε
1012 849 1109 901 contm
1128 843 1335 916 respondebant
1343 841 1423 916 J‘oba-

178 932 287 1004 mones,
296 929 400 986 dictam
413 935 516 986 terram
527 944 623 986 eornm
635 929 846 986 haereditariam
857 945 927 986 csse.
936 929 1080 986 Petierunt
1089 930 1299 1002 productionem
1311 930 1425 988 testium

180 1023 210 1073 et
227 1033 344 1076 examen
363 1015 458 1074 duelli.
476 1017 598 1072 Domum
623 1021 769 1072 revocatae
797 1021 863 1072 sunt
889 1016 989 1072 ambae
1016 1021 1109 1090 partes
1136 1017 1172 1074 de
1198 1019 1369 1087 alterations,
1397 1024 1425 1076 et

178 1105 361 1162 commissum
379 1111 422 1162 est
439 1103 573 1160 iudicium
592 1103 705 1161 arbitrio
730 1104 838 1160 comitis
857 1103 1036 1176 Hmkonnr
1061 1105 1177 1161 Porssni
1200 1105 1251 1160 filii
1275 1105 1356 1175 Rats,
1374 1105 1424 1162 Ni·

178 1192 251 1248 oolai
270 1191 319 1246 lilii
336 1191 436 1262 Dapaa
453 1196 481 1246 et
498 1191 649 1247 Montanus
667 1191 761 1246 fratris
778 1190 854 1246 Atba
876 1192 924 1262 qui
948 1192 1020 1247 inter
1043 1197 1138 1263 partes
1163 1191 1289 1248 lecerunt
1313 1209 1425 1266 compo·

178 1278 315 1346 altionem,
332 1293 396 1334 cum
414 1277 590 1335 restitutione
608 1283 697 1334 terrae
725 1276 873 1349 praedictis
895 1277 959 1334 liliis
983 1277 1086 1345 Endre.
1104 1279 1152 1348 qui
1171 1295 1222 1350 pro
1240 1296 1274 1336 ea
1291 1280 1425 1336 solverint

180 1364 285 1436 triginti
315 1369 423 1438 septem
447 1379 555 1419 marcas
580 1364 608 1419 in
631 1364 760 1420 denariis.
787 1365 883 1420 nstitit
907 1363 1014 1435 judicio
1040 1363 1170 1434 Endricb,
1198 1370 1265 1422 tnnc
1290 1367 1424 1438 temporis

179 1466 275 1508 comes
302 1451 439 1508 terrestris
465 1455 679 1506 commetanens.
707 1451 809 1506 Terras
835 1456 930 1506 antem
957 1451 1047 1523 prima
1072 1455 1147 1508 meta
1173 1452 1270 1525 incipit
1295 1469 1313 1509 a
1338 1452 1423 1510 tinnio

183 1535 260 1596 Odrs
280 1535 317 1592 sd
341 1536 485 1608 quoddam
508 1536 721 1593 fundamentum
746 1536 905 1594 (litenisebe
930 1537 1115 1609 procedendo.
1138 1537 1209 1594 Inde
1232 1538 1268 1594 ad
1292 1537 1424 1610 paludem

184 1623 322 1680 (laliscbs.
348 1623 419 1680 Inde
437 1639 487 1696 per
504 1624 595 1680 varias
618 1629 707 1679 metas
724 1621 761 1680 ad
778 1623 910 1695 paludem
936 1624 1030 1680 Mlsos
1056 1629 1084 1679 et
1111 1639 1160 1696 per
1187 1625 1303 1682 eandem
1331 1624 1423 1680 eundo

181 1709 257 1768 cadit
274 1713 303 1766 in
321 1709 436 1766 flurium
460 1708 580 1768 Oudina.
599 1709 661 1766 Has
679 1711 785 1766 litteras
808 1711 917 1766 comitis
934 1711 1003 1766 inus
1029 1711 1202 1768 confirmavit
1224 1711 1309 1782 igitur
1334 1711 1423 1768 banus

180 1797 217 1853 de
234 1798 351 1854 consilio
368 1812 542 1854 msessornm
564 1813 678 1853 suorum
705 1796 841 1853 nobilium
867 1798 946 1868 regni
972 1797 1077 1854 scilicet
1102 1797 1211 1854 comitis
1238 1798 1361 1855 Farcasii
1388 1797 1422 1854 de

178 1884 301 1954 Zagoria
319 1884 482 1940 stallorum
500 1899 585 1954 quam
604 1883 726 1955 plurium
743 1885 792 1954 qui
809 1885 967 1940 intererant.

230 1988 375 2130 ξωασείε
397 2003 454 2132 §er
476 1987 578 2044 boesas
602 1987 880 2058 Kbcenfflcderoow
901 2003 935 2044 cc
956 1989 1036 2058 repsi
1060 1989 1174 2045 cretico
1197 1989 1300 2047 cenes
1326 1993 1360 2046 N.
1388 1993 1422 2046 R.

178 2075 214 2130 A
261 2089 316 2132 osc.
335 2077 379 2130 25.
428 2079 498 2130 ,os

232 2230 418 2288 GMXXXIL
437 2232 610 2304 zapnbisa
630 2237 708 2290 1267.
727 2237 751 2290 4.
770 2234 865 2290 Jaais'.
883 2235 1004 2292 Thomas
1024 2250 1117 2292 comes
1136 2236 1422 2304 deMarocha,1uan

181 2319 491 2391 comesIrialay,1nus
512 2334 605 2376 comcs
630 2320 826 2392 Zagrabiensis
844 2327 872 2378 et
889 2321 1005 2378 Barlens
1029 2338 1123 2379 comes
1146 2322 1183 2379 de
1200 2323 1343 2393 Vrbouch‚
1366 2341 1423 2381 me-

180 2405 285 2464 moriae
303 2405 509 2476 commendant,
529 2406 605 2478 qnod
623 2407 695 2462 inter
714 2407 878 2480 episcopum
896 2409 931 2464 de
949 2409 1047 2481 Kyrky
1065 2410 1162 2478 (Krlra,
1181 2409 1273 2478 (iurk)
1292 2412 1423 2470 Ottonem

178 2493 214 2550 de
233 2492 384 2564 Knnspcrg
402 2499 430 2550 et
448 2491 555 2562 Ksucb,
577 2495 682 2550 socium
701 2495 827 2552 eiusdem
844 2513 879 2551 cr
897 2512 954 2552 una
972 2501 1052 2568 parte
1071 2501 1099 2553 et
1116 2497 1153 2552 ab
1170 2497 1258 2554 altera
1275 2498 1423 2555 Ernerinm

179 2580 294 2650 buum,
312 2595 397 2652 snper
414 2580 488 2636 facto
506 2585 622 2650 treugae
647 2595 719 2652 qnae
744 2581 815 2638 inter
838 2584 916 2654 ipsos
940 2599 1030 2654 usque
1054 2585 1157 2640 festum
1179 2585 1359 2642 Pentecostes
1382 2587 1423 2642 in·

181 2665 347 2723 violabiliter
365 2665 486 2722 debebat
503 2667 641 2724 obtcrvari
660 2668 744 2724 talem
766 2670 997 2740 compositionem
1021 2669 1208 2726 ordinassent:
1231 2671 1307 2742 quod
1331 2674 1422 2744 ipsum

177 2753 328 2810 terminum
346 2751 437 2809 dictae
454 2759 569 2824 treugae
587 2753 745 2810 distulerint
768 2769 858 2826 usque
876 2755 913 2810 ad
931 2761 1044 2812 octavu
1063 2774 1084 2814 s.
1103 2757 1249 2816 Michaelis
1267 2775 1341 2818 nnnc
1358 2776 1423 2829 vsp-

177 2845 256 2896 turas
277 2855 372 2896 ocrsm
395 2839 479 2911 pleno
503 2841 626 2912 capitulo
650 2840 839 2911 Zagrabisnsi
861 2843 901 2897 ita
924 2847 956 2897 ut
979 2843 1046 2898 nibil
1070 2843 1185 2916 dompni
1208 2845 1252 2901 vel
1278 2847 1423 2904 molestiae

178 2927 346 2984 alteralteri
365 2943 455 2999 usqne
473 2927 646 3000 praedictum
670 2928 772 2984 festum
799 2935 958 3000 praesumat
980 2931 1112 3002 irrogare,
1137 2948 1222 3003 snper
1244 2932 1320 3003 quod
1344 2951 1422 3005 prae·

176 3013 312 3070 nominati
338 3019 459 3086 quatuor
486 3015 610 3070 unanimi
637 3029 775 3070 consensu
806 3031 890 3086 super
919 3020 1027 3072 textum
1056 3018 1193 3088 evangelii
1220 3030 1423 3076 sacramentum

176 3117 271 3159 coram
288 3099 364 3157 dicto
382 3101 505 3172 capitulo
529 3101 734 3172 prsestiterunt
761 3103 908 3158 Praeterea
926 3101 1063 3180 dixerunt,
1083 3103 1159 3176 quod
1177 3105 1342 3162 adveniente
1359 3108 1422 3180 ipso

175 3187 296 3245 termino
314 3187 343 3242 iu
362 3187 490 3244 omuibus
509 3187 671 3259 aquiescent
692 3189 804 3245 arbitrio
828 3189 994 3245 arbitrorum
1019 3191 1048 3245 in
1072 3191 1157 3264 priori
1180 3196 1279 3264 treuga
1302 3192 1420 3265 deputa·

175 3281 278 3342 iornm,
297 3277 325 3329 et
342 3275 426 3330 etiam
449 3275 575 3332 aliorum
594 3275 668 3331 Item
687 3276 826 3346 petebant,
845 3277 920 3347 qnod
939 3293 1070 3350 campum
1095 3284 1123 3334 et
1147 3279 1228 3336 erbas
1252 3287 1421 3352 campestres

175 3363 245 3434 ipsis
263 3362 424 3422 'leotonicis
442 3362 470 3417 in
489 3363 622 3418 continuo
640 3363 669 3417 in
686 3363 735 3417 ilia
752 3368 826 3418 terra
843 3379 928 3434 quam
953 3381 1044 3436 usque
1061 3365 1184 3422 adhaec
1207 3371 1335 3440 tempora
1357 3385 1421 3440 pac-

176 3450 289 3506 tusliter
307 3467 358 3524 pro
376 3449 525 3521 pascendis
543 3449 691 3520 pecoribus
710 3449 881 3520 obtinebant,
905 3451 1010 3508 eisdem
1028 3453 1211 3509 concederent
1228 3454 1263 3510 de
1281 3455 1356 3512 bona
1373 3472 1420 3512 vo·

178 3535 297 3610 luntate,
315 3537 391 3609 qnod
409 3542 437 3594 et
453 3541 658 3605 concesseruut,
677 3537 760 3592 salvis
779 3542 871 3593 tamen
890 3539 1026 3609 frugibus,
1044 3539 1143 3596 fenetia
1161 3545 1189 3596 et
1206 3542 1290 3598 silvis

229 3641 279 3696 Mc
305 3641 441 3712 uncinoli
461 3645 477 3694 4
495 3641 597 3712 sioills's
612 3641 726 3711 preciso
745 3641 777 3698 iss
794 3657 904 3699 masoeo
919 3644 1092 3714 monocoli
1110 3644 1228 3702 ducatus
1249 3646 1420 3705 Oedctbice.

228 3881 434 3941 DMXXXIII.
452 3885 587 3943 viterbii.
614 3888 695 3943 1267.
719 3889 743 3940 8.
766 3886 849 3944 Julis'.
872 3887 1002 3944 Clemens
1026 3887 1078 3945 IV.
1104 3905 1179 3961 papa
1201 3890 1310 3948 confert
1332 3893 1419 3948 archi·

178 3969 314 4042 episcopo
343 3971 499 4028 Ravennati
525 3971 677 4044 (Philippo)
704 3989 807 4032 munus
834 3974 980 4046 legationis
1006 3993 1057 4048 pro
1080 3976 1256 4047 Lombardia,
1283 3979 1313 4034 in
1336 3981 1418 4050 patri-

176 4055 278 4112 arbatn
296 4057 459 4128 aquileiensi
477 4065 505 4116 st
523 4058 663 4130 Gradena,
681 4061 710 4116 in
728 4061 885 4118 civitatibus
907 4062 1047 4133 Mensae,
1071 4063 1202 4122 Raram
1221 4069 1249 4122 et
1266 4063 1417 4122 Mediolani

178 4148 207 4202 st
224 4135 397 4205 dioecesanis
415 4145 564 4217 provinciis
582 4163 685 4216 earnm
704 4147 740 4205 ad
759 4149 967 4220 exstirpandam
984 4151 1128 4208 baeresim.

225 4249 276 4306 nc
292 4249 425 4307 Bullcrs'o
444 4252 588 4322 &pucino
603 4269 634 4323 p.
653 4257 717 4310 406.

228 4405 429 4465 OMXXXIV.
446 4411 482 4466 In
499 4411 613 4468 zelum.
633 4415 710 4468 1267.
729 4416 772 4470 20.
791 4413 874 4472 laet.
893 4413 961 4470 liela
978 4413 1031 4470 IV.
1049 4431 1098 4472 rex
1116 4416 1249 4486 notificat,
1263 4417 1339 4488 qnod
1351 4435 1416 4474 cnm

174 4492 279 4550 nobilis
298 4494 340 4550 sis
357 4510 451 4552 comes
463 4496 587 4554 Th0mas
598 4499 673 4554 iilius
685 4501 795 4558 comitis
806 4500 826 4556 J
827 4501 936 4557 oachim
948 4501 984 4558 de
995 4517 1096 4572 genere
1109 4501 1216 4560 Oburla
1226 4505 1285 4575 regi
1297 4504 1416 4561 condam

175 4577 333 4638 Golomano
350 4582 499 4654 magnifico
517 4582 582 4640 duci
600 4583 748 4642 slavonice
766 4587 844 4644 fratri
866 4587 926 4643 eius
944 4605 961 4644 a
980 4589 1075 4660 primis
1093 4591 1228 4661 pueritiae
1253 4607 1304 4648 sna
1327 4593 1415 4664 annis,

176 4663 265 4724 donec
282 4665 356 4726 idem
375 4665 547 4728 Oolomanus
564 4671 661 4730 vitales
680 4674 783 4744 carpsit
800 4690 883 4732 auras
900 4673 1017 4733 dirersis
1041 4677 1213 4750 temporibus
1233 4677 1343 4736 disens
1366 4680 1415 4736 ob
