3480 5356
339 395 404 462 344
842 422 861 463 1.
882 411 1078 484 nuuuuuvre,

391 582 555 640 MOLXVI.
573 587 653 640 1275.
667 583 817 647 munaus
834 583 888 642 1v.
906 601 956 642 rex
973 586 1119 644 confirmet
1136 588 1231 644 comiti
1249 588 1330 644 Gaan
1353 589 1431 658 (Jan)
1454 589 1514 646 tilio
1537 607 1585 648 eo·

340 671 416 730 mitis
434 669 571 742 Wydonis
588 670 624 728 de
642 671 743 744 Wegls
759 671 795 731 de
813 672 932 730 Modrus
950 678 979 728 et
996 673 1137 745 Wynodol
1161 675 1336 747 privilegium
1354 676 1488 748 Stephani
1506 679 1582 750 regis

341 759 428 830 petris
446 758 504 816 suis
522 759 758 816 confirmatorium
776 777 861 832 snper
879 765 1017 832 potestate
1035 760 1171 818 Seniensi.

392 845 494 914 Peior:
513 845 579 902 God.
596 845 668 916 dipl.
689 849 718 904 T.
742 847 772 902 V.
789 848 843 906 sot.
862 849 902 904 ΙΙ.
920 863 949 918 p.
966 851 1030 904 272.
1049 850 1086 906 Is
1103 850 1217 908 arctim
1233 851 1372 908 commodi.
1386 853 1465 923 Proy
1476 851 1586 910 exhibet

338 933 471 1006 sigium
487 931 634 1004 sennam
651 933 714 992 hiet.
737 933 802 992 Ταῦ.
824 933 873 990 v1.
892 935 936 1006 tp.
955 939 980 990 e.

393 1073 571 1132 mohxvn.
591 1077 668 1132 1275.
686 1074 835 1132 Ludisieus
852 1075 905 1132 1v.
924 1091 974 1134 rex
991 1077 1158 1148 manifestat,
1176 1077 1252 1150 quod
1278 1095 1343 1136 eum
1366 1079 1434 1136 Belo
1457 1079 1511 1136 IV.
1535 1097 1586 1138 rex

339 1179 409 1220 avus
427 1164 517 1234 ipsius
536 1161 603 1218 olim
621 1162 657 1218 ad
675 1161 817 1234 quendam
843 1162 1014 1219 inductivum
1032 1179 1082 1218 seu
1101 1163 1228 1222 odiosam
1253 1165 1461 1238 suggestionem
1484 1168 1586 1224 nivium

340 1251 567 1322 Tragurieusinm
586 1251 735 1306 inclinatus
753 1250 960 1322 possessionem
978 1250 1110 1306 ecelesiae
1122 1249 1304 1322 spalatensis,
1316 1254 1436 1328 Astroeh
1451 1261 1587 1322 vocatam,

276 1411 278 1416 Ι
341 1355 374 1394 ao
400 1338 469 1396 elias
497 1337 647 1410 partientes
672 1337 921 1412 possessionsriam
948 1337 1180 1410 Trsguriensihns
1209 1339 1316 1396 civibus
1340 1342 1518 1412 contulisset,
1537 1343 1586 1414 qui

342 1423 378 1480 ed
396 1425 466 1482 haee
485 1440 574 1496 usqne
601 1429 728 1497 tempora
750 1441 798 1480 eea
822 1425 1011 1492 tennuiseent;
1035 1429 1149 1498 propter
1176 1443 1246 1497 qnae
1263 1427 1334 1484 inter
1352 1427 1532 1500 Sprdatenses
1558 1435 1587 1486 et

342 1512 541 1584 Tragurienses
559 1512 683 1570 infinitus
701 1511 809 1581 caedes,
827 1512 1099 1584 innumerabilesque
1112 1517 1220 1586 strages
1232 1513 1322 1572 sactae
1334 1516 1511 1574 exstitissent.
1523 1517 1586 1574 Rex

341 1598 481 1654 mediante
501 1598 618 1656 consilio
639 1598 777 1656 heronem
804 1615 919 1658 suornm
944 1600 1110 1672 inquirendo
1133 1599 1258 1670 edoctus,
1285 1601 1361 1673 quod
1385 1601 1499 1662 eaedem
1522 1619 1587 1676 pos·

342 1686 481 1742 sessiones
499 1703 517 1740 e
534 1685 747 1757 Spsletensihus
764 1687 879 1742 alienari
903 1687 1002 1742 merito
1020 1703 1077 1742 non
1095 1689 1244 1760 potuerint,
1263 1688 1377 1744 easdem
1401 1690 1534 1746 eeclesiae
1557 1697 1588 1746 et

341 1773 449 1830 eivibne
474 1773 686 1846 Spelstensibne
704 1774 833 1830 restituit
851 1773 1046 1830 Existentihus
1063 1774 1174 1831 Joanne
1193 1776 1402 1848 archiepiscopo
1420 1776 1587 1848 Spalatensi

341 1860 489 1918 Timotheo
511 1861 646 1934 episcopo
663 1860 792 1932 Zegrah„
809 1861 930 1919 Nicolao
941 1861 1075 1934 palatino,
1088 1862 1207 1920 Nicoleo
1224 1861 1359 1934 comoda
1372 1862 1468 1934 jndice
1485 1864 1588 1933 eurise,

342 1947 472 2004 Johanne
491 1947 565 2005 bano
584 1947 742 2018 Slavouiee,
760 1947 878 2006 Nicoleo
896 1948 971 2006 bauo
989 1951 1136 2020 meritim,
1160 1950 1288 2010 Dionisio
1312 1952 1452 2010 tavernico
1475 1953 1588 2024 reginae

343 2036 442 2092 comite
460 2035 626 2106 Zeladiensi,
644 2035 781 2108 Gregorio
798 2035 873 2092 beno
891 2038 993 2094 comite
1011 2035 1179 2108 Simigienei.

396 2122 529 2179 Parieti:
546 2123 629 2196 Iiiyr.
646 2139 718 2181 sem.
740 2123 769 2180 T.
785 2123 845 2179 111.
860 2140 889 2196 p.
903 2127 966 2178 288.

397 2263 592 2322 usoexvm.
611 2269 688 2322 itit.
706 2263 855 2320 Ladislsos
873 2265 925 2322 IV.
937 2281 987 2322 rex
998 2265 1131 2333 notificat,
1144 2263 1220 2336 qnod
1232 2266 1365 2336 magister
1376 2266 1481 2322 Paulus
1493 2283 1589 2323 eomes

344 2351 381 2407 de
399 2351 491 2408 Voloo
509 2367 560 2424 pro
578 2353 706 2424 gratuitis
726 2353 842 2408 servitiis
864 2355 931 2421 suis,
955 2357 1057 2409 mnam
1074 2351 1139 2424 Vyd
1158 2352 1207 2408 filli
1225 2351 1364 2410 Volehine
1387 2354 1446 2408 sine
1468 2353 1589 2410 haerede

344 2438 513 2507 decedentis,
534 2439 643 2495 (insana
669 2443 805 2505 vocamur,
829 2441 903 2496 nultra
927 2439 1007 2496 Gord
1031 2440 1060 2494 in
1082 2439 1214 2512 puroehie
1237 2439 1273 2496 de
1296 2441 1391 2497 Busan
1415 2441 1587 2512 existumem,

346 2526 399 2582 sibi
422 2525 482 2582 dari
508 2527 648 2584 humiliter
671 2527 850 2598 postulasset.
873 2528 935 2584 Rex
958 2526 1138 2583 considerans
1155 2529 1215 2582 eins
1232 2526 1389 2596 fidelitates,
1407 2543 1479 2598 qnae
1496 2545 1514 2584 e
1531 2529 1587 2600 pri·

345 2615 450 2670 suaevis
468 2631 536 2670 ense
554 2615 688 2686 pueritiae
714 2615 887 2690 temporibus
905 2615 1082 2671 laudabiliter
1102 2614 1273 2683 exhibuerat,
1297 2614 1412 2671 donavit
1435 2617 1461 2670 ei
1483 2621 1586 2672 terram

347 2701 455 2757 Oranus
473 2699 539 2758 dicti
557 2701 667 2774 Vydos‚
686 2703 782 2760 habito
802 2703 938 2758 baronum
962 2701 1086 2759 consilio.
1110 2703 1216 2758 Datum
1242 2719 1292 2774 per
1318 2719 1419 2758 menne
1445 2701 1588 2759 Benedicti

346 2787 551 2860 seignaces
570 2790 650 2864 electi
669 2791 751 2846 sulae
770 2789 993 2846 vicecancellarii.
1021 2788 1213 2844 Existentihus
1230 2789 1360 2846 Johanne
1378 2789 1587 2862 archiepiscopo

346 2877 513 2947 Spalstensi‚
531 2877 679 2934 Timotheo
698 2879 830 2950 episcopo
848 2876 976 2948 Zagreb„
993 2875 1140 2932 Josehimo
1158 2877 1291 2947 magistro
1309 2877 1521 2945 tavernicornm,
1539 2877 1587 2933 Jo-

346 2964 438 3020 hanne
456 2964 530 3023 huno
549 2967 635 3022 totins
653 2965 811 3034 Slevoniae,
829 2964 947 3020 Nicolao
970 2963 1045 3022 beno
1069 2963 1197 3020 &ostiae
1220 2969 1305 3035 atque
1328 2963 1493 3033 Dalmatiae,
1517 2963 1586 3019 Dio-

229 3101 232 3110 .
346 3051 417 3108 nisio
448 3055 580 3124 magistro
605 3054 808 3108 tavernieornm
832 3051 944 3122 reginse
966 3051 1068 3106 comite
1092 3050 1256 3120 Zaladieusi,
1281 3051 1417 3122 Gregorio
1445 3051 1518 3107 bano
1542 3067 1588 3108 oo-

347 3141 413 3197 mite
432 3139 607 3213 symigiensi.

386 3229 467 3306 ece.
486 3227 556 3298 dipi.
571 3229 687 3297 patries
709 3225 757 3283 VI.
773 3243 804 3296 p.
821 3229 885 3284 209.

387 3367 564 3428 MGLXIX.
583 3370 663 3422 1275.
677 3367 840 3424 Elisabeths
858 3369 955 3440 regine
971 3367 1104 3434 notificat,
1132 3365 1207 3436 qnod
1226 3367 1262 3424 sd
1280 3366 1441 3440 petih'onem
1455 3366 1588 3436 Otroohk,

348 3455 474 3530 Gregorii
500 3455 551 3510 filii
577 3454 683 3512 Belueh
710 3461 738 3512 et
764 3454 886 3514 filiorum
912 3454 991 3513 &uu
1014 3459 1102 3510 terres
1119 3455 1274 3512 tenentium
1297 3453 1332 3510 de
1349 3455 1468 3526 Posegs,
1486 3459 1588 3512 terrem

349 3543 505 3616 Oryovicha
527 3543 557 3598 in
583 3541 658 3600 dieto
676 3544 820 3612 comitatu,
845 3559 879 3600 eo
903 3544 971 3612 iure,
997 3558 1053 3614 qno
1077 3547 1201 3612 tempore
1226 3543 1333 3598 Marios
1355 3558 1451 3598 socrus
1477 3543 1590 3613 reginae

349 3635 497 3690 tenuerant
514 3629 619 3686 eisdem
637 3629 791 3688 secuudum
807 3635 931 3688 tenorem
949 3629 1085 3702 privilegii
1102 3629 1260 3700 praedictae
1277 3629 1384 3686 Mariae
1401 3629 1513 3700 reliquit
1526 3645 1590 3701 poe·

350 3717 504 3774 sidendsm.
531 3718 625 3774 Metee
648 3723 737 3776 terroe
764 3719 917 3776 seeundum
944 3716 1148 3773 distinctionem
1170 3716 1313 3772 Lsurentii
1333 3715 1453 3774 condam
1481 3717 1589 3774 comitis

349 3805 385 3862 de
398 3806 520 3876 ·Posega,
538 3806 607 3862 bueo
625 3811 703 3862 snut:
728 3806 823 3864 Prime
834 3805 930 3877 incipit
941 3806 1020 3862 iuxta
1037 3819 1139 3876 aquam
1158 3803 1312 3876 Oryoychs,
1330 3802 1394 3862 inde
1412 3803 1536 3860 escendit
1552 3804 1589 3860 ad

349 3897 472 3950 montem
496 3899 524 3950 et
545 3893 670 3966 pervenit
693 3893 730 3950 ed
748 3895 830 3962 viem,
854 3891 918 3950 inde
942 3894 1021 3948 iuxta
1044 3889 1165 3964 populos
1187 3891 1300 3962 reginus
1323 3889 1358 3946 de
1381 3890 1540 3948 Romiriohe
1562 3897 1591 3948 et

349 3980 385 4040 de
403 3981 570 4054 Gradpotok
589 3981 666 4038 vadit
682 3981 718 4038 sd
737 3987 839 4038 terrem
862 3997 934 4053 quse
957 3978 1055 4036 dividit
1079 3983 1180 4036 merem
1205 3978 1311 4034 Belueh
1333 3995 1351 4032 a
1374 3985 1447 4034 tarra
1469 3979 1589 4048 reginae,

350 4075 379 4126 et
396 4069 435 4126 ibi
452 4074 495 4126 est
511 4073 718 4126 commeteneus
737 4069 836 4126 Petrus
860 4069 933 4126 fliius
959 4067 1071 4138 Obeley‚
1089 4071 1117 4122 et
1134 4065 1209 4121 venit
1226 4064 1262 4122 ad
1280 4065 1341 4122 eius
1358 4065 1477 4132 curiam
1495 4071 1524 4122 et
1541 4081 1590 4136 per

351 4157 451 4214 vallem
469 4161 498 4212 et
515 4161 637 4214 montem
655 4157 730 4216 venit
747 4155 784 4214 ed
803 4156 946 4212 eeclesiam
965 4173 986 4212 s.
999 4155 1093 4212 Lucae
1114 4151 1309 4224 evangelistae,
1328 4151 1381 4210 snb
1398 4153 1531 4210 cimiterio
1548 4157 1591 4210 est

350 4249 425 4304 mete
442 4250 539 4300 terroe.
558 4245 595 4298 Et
613 4245 689 4301 veuit
706 4244 742 4300 ad
757 4249 961 4300 commetenooe
974 4243 1095 4316 populos
1106 4241 1219 4312 regines
1232 4240 1268 4296 de
1280 4239 1428 4312 Orgoychs
1444 4245 1473 4298 et
1489 4245 1589 4299 terrem

351 4333 468 4390 frenum
495 4331 620 4390 Otrochk
647 4337 674 4388 et
702 4333 788 4398 Sena,
808 4337 835 4386 et
852 4331 930 4386 iuxta
947 4347 1049 4402 nquam
1067 4329 1214 4402 Oryoyoha
1231 4328 1268 4386 sd
1290 4328 1425 4401 piscinam
1444 4327 1589 4388 Cherouch

352 4420 401 4476 ubi
419 4419 589 4478 terminatur.
606 4419 712 4476 Dstum
730 4437 780 4492 per
797 4435 897 4476 manus
914 4418 1038 4488 magistri
1056 4417 1184 4488 Gregorii
1201 4415 1282 4474 sulse
1300 4415 1464 4472 monedati.

403 4509 453 4564 En
476 4509 548 4563 ceth
574 4523 626 4577 per
647 4507 750 4566 heum
774 4507 1049 4575 ntem-neumare
1070 4519 1104 4560 cc
1126 4505 1205 4575 regne·
1228 4503 1342 4562 cretico
1365 4502 1468 4560 obtutis
1494 4503 1528 4558 N.
1555 4503 1589 4558 R.

353 4597 387 4652 Δ.
405 4596 489 4652 Fato.
506 4599 583 4651 1538.
600 4595 638 4652 N.
655 4601 698 4654 28.
