3544 5344
705 349 851 395 nomn.
1353 326 1395 392 47

23 557 40 577 .
155 515 288 588 ragusina
306 521 417 588 pastore
433 521 520 580 vacet,
539 521 640 584 monet,
659 521 797 586 quatenus
815 514 851 571 ad
870 514 1030 572 electionem
1047 515 1245 588 archiepiscopi
1265 515 1398 587 procedat

155 613 184 660 et
200 611 300 660 contra
316 605 468 660 haereticos
487 611 515 659 et
533 603 708 658 almiaseuses
721 604 853 673 magistro
866 605 1008 672 A(concio)
1026 603 1198 660 subdiacono
1210 611 1238 659 et
1253 604 1397 675 capellano

24 705 44 734 ¹
155 709 209 748 suo
227 697 319 764 apost
338 691 412 746 sedis
429 692 522 761 legato
540 691 660 744 assistat

207 796 340 854 Parieti:
358 795 439 866 Illyr.
459 796 536 852 Boot.
557 797 586 850 Τ.
610 795 656 862 VI,
672 811 702 866 p.
722 799 765 850 92.

191 919 418 976 cxxxxvln.
436 919 574 990 sedeam,
599 921 642 972 22.
661 919 726 974 Mai
745 923 822 974 1222.
848 919 1032 990 Temporibus
1049 921 1123 976 Petri
1142 919 1228 982 Ziani.
1245 919 1325 978 ducis
1342 921 1398 976 Ve-

155 1008 293 1064 netisrum
311 1013 339 1062 et
355 1006 473 1061 Joannis
492 1005 605 1062 Venerii
620 1005 758 1077 jadrensis
776 1006 976 1078 archiepiscopi
994 1023 1027 1061 ac
1039 1007 1115 1062 Petri
1126 1007 1269 1062 Michaelis
1282 1009 1397 1075 comitis,

154 1095 280 1150 Joannas
307 1092 445 1148 Gardiaaa
471 1099 615 1164 promotus
643 1092 679 1147 ad
706 1092 919 1148 sollicitudinem
946 1094 1078 1150 ecclesiae
1099 1093 1262 1164 jadertinae,
1281 1111 1345 1150 cum
1363 1109 1398 1149 ex

155 1183 249 1239 officio
267 1199 319 1238 suo
337 1181 456 1236 multum
473 1182 502 1236 in
520 1181 617 1236 eadem
636 1181 751 1236 acclama
769 1181 806 1236 ob
823 1179 1007 1236 diutissimam
1020 1183 1138 1252 pastoris
1151 1182 1306 1236 absentiam
1323 1181 1398 1235 inve·

154 1269 242 1324 nisset
260 1268 402 1324 evellenda
420 1274 448 1323 et
466 1267 624 1339 plantanda,
643 1269 777 1338 comperit
795 1268 939 1322 ecelesiam
957 1285 978 1322 s.
999 1268 1119 1323 Dimitrii
1137 1269 1240 1324 aclero
1253 1273 1280 1322 et
1292 1267 1398 1339 populo

152 1355 292 1428 jadertino
320 1355 487 1410 monasterio
515 1371 537 1408 s.
564 1355 693 1409 Damiani
721 1353 756 1410 de
773 1361 867 1409 monte
885 1354 1014 1408 collatam
1032 1371 1101 1422 esse,
1120 1371 1204 1424 quam
1223 1354 1398 1410 collationem

154 1441 190 1498 ad
209 1459 306 1514 preces
333 1442 448 1498 Roborti
475 1441 584 1496 abbatis
612 1447 640 1496 et
667 1441 727 1512 ejus
755 1447 915 1508 conventus,
943 1442 1096 1496 coufirmat.
1121 1441 1234 1496 Testes:
1259 1442 1398 1496 Aconcius

154 1547 247 1602 papae
265 1529 453 1584 subdiaconus
478 1535 506 1583 et
529 1529 689 1599 capellanus
713 1535 797 1598 atque
821 1527 894 1582 sedis
913 1545 957 1599 ap.
976 1528 1093 1598 legatus,
1112 1528 1277 1598 Treguauus
1294 1533 1398 1597 tragus.

154 1617 305 1688 episcopus
324 1615 452 1671 Ohranns
470 1633 492 1669 s.
510 1615 627 1669 Joannis
641 1614 765 1684 ejusdem
778 1614 911 1670 dioecesis
924 1613 1020 1682 abbas,
1034 1615 1188 1668 Damianos
1201 1613 1289 1668 abbas
1302 1631 1323 1668 s.
1337 1613 1399 1669 Gri-

154 1703 255 1773 sogoni
271 1702 417 1774 jadrensis,
442 1701 606 1756 Manfredus
630 1700 848 1763 archidiaconus,
874 1701 1019 1756 Camasius
1043 1701 1263 1772 archipresbyter
1282 1717 1303 1754 s.
1322 1701 1397 1756 Petri

154 1789 255 1846 veteris
282 1789 425 1860 plebanus,
453 1789 548 1843 Dobre
575 1805 596 1842 s.
616 1787 760 1858 Stephani,
788 1787 914 1842 Marinus
931 1805 963 1842 ⁴s.
982 1789 1056 1842 Petri
1073 1789 1146 1856 novi,
1166 1788 1284 1842 Zancius
1303 1805 1324 1841 s.
1344 1787 1397 1842 Mi-

154 1877 267 1943 chaelis,
285 1875 397 1946 plebani
411 1873 556 1946 jadertini;
575 1891 608 1929 ac
620 1873 728 1928 nobiles
741 1874 791 1928 viri
803 1876 969 1930 Laurentius
981 1874 1016 1929 de
1027 1875 1047 1929 J
1048 1875 1142 1946 oseph,
1157 1874 1256 1930 Coscia
1268 1873 1396 1944 Gregorii

154 1971 183 2019 et
200 1963 277 2018 Desa
294 1961 384 2016 Pisias
402 1961 552 2016 advocatus
580 1959 711 2032 praedicti
729 1962 897 2028 monasterii,
924 1961 1026 2016 Vitatis
1044 1978 1065 2016 s.
1085 1961 1190 2016 Mariae
1208 1962 1321 2031 majoris
1340 1962 1398 2032 ple·

153 2051 246 2106 Mnus
264 2055 292 2104 et
308 2049 414 2104 iuratus
432 2048 557 2102 notarius
572 2046 711 2116 jadrensis
730 2049 847 2119 scripsit

198 2135 334 2192 Farlati:
353 2136 500 2205 Illyricum
517 2151 633 2190 sacram
656 2135 685 2188 Τ.
708 2135 738 2190 V.
753 2151 784 2204 p.
805 2140 847 2189 73.

213 2257 410 2314 OXXXXIX.
437 2259 569 2328 cettan,
587 2273 676 2314 meane
693 2258 781 2313 lanio
799 2261 877 2314 1222.
897 2257 999 2312 Coram
1014 2259 1113 2330 juratis
1128 2257 1270 2330 judicibus
1287 2257 1398 2312 Joanne

153 2345 256 2402 Jacobi
274 2351 302 2400 et
319 2345 403 2411 Desa,
422 2345 533 2399 Blasius
550 2345 720 2400 catharensis
738 2345 887 2416 episcopus
902 2345 984 2400 mittit
996 2345 1214 2415 quaerimoniam
1232 2361 1317 2415 super
1328 2359 1397 2396 nau·

153 2431 243 2488 eleros
262 2432 382 2499 uadum,
410 2431 593 2503 praetendens
619 2431 738 2486 reditum
765 2437 822 2486 tam
848 2431 884 2486 de
910 2431 1060 2486 maioribus
1088 2449 1172 2502 quam
1190 2431 1225 2485 de
1243 2429 1399 2484 minoribns

153 2519 280 2586 navibus,
301 2518 336 2574 ad
354 2535 439 2588 qnam
457 2519 647 2588 quaestionem
665 2517 809 2588 respondit
826 2517 953 2572 Andreas
971 2517 1100 2583 Catenae,
1114 2533 1144 2572 se
1162 2534 1217 2572 non
1237 2517 1305 2570 scira
1323 2513 1400 2585 quod

155 2605 288 2677 episcoqo
306 2621 430 2675 uuquam
442 2604 545 2674 aliquid
558 2604 654 2660 datum
666 2603 764 2658 fuisset
776 2603 812 2658 de
824 2604 976 2658 minoribus
995 2603 1135 2670 barcellis;
1148 2601 1183 2657 ad
1196 2602 1270 2672 quod
1285 2601 1399 2658 Simeon

153 2693 302 2748 nauclerus
320 2691 483 2746 testificatus
502 2697 551 2757 est,
571 2689 646 2760 quod
659 2690 705 2745 ille
716 2689 824 2746 dederit
838 2691 970 2761 episeopo
983 2689 1108 2744 reditum.
1122 2688 1201 2742 Idem
1213 2689 1398 2743 testificarunt

153 2787 182 2836 et
201 2779 248 2834 alii
265 2779 406 2834 homines:
433 2777 610 2849 Lampridius
637 2778 718 2832 Ziaae
742 2793 807 2832 cum
824 2777 929 2832 Vitalio
952 2777 1070 2832 Feronia
1089 2781 1116 2830 et
1134 2775 1255 2829 Martino
1275 2775 1396 2842 Moseae,

153 2867 190 2922 ad
209 2865 285 2937 quod
310 2865 419 2937 jndices
446 2882 509 2920 cum
536 2881 673 2920 consensu
700 2865 857 2935 aliquorum
880 2864 1015 2918 nobilium
1028 2863 1196 2933 judicarunt,
1216 2867 1248 2915 ut
1266 2860 1396 2931 deinceps

152 2961 213 3008 tam
230 2953 349 3007 maiores
367 2969 451 3008 naves
469 2969 553 3023 quam
580 2951 715 3007 barcellae
742 2951 841 3006 darent
866 2950 985 3006 reditum
1012 2951 1157 3020 episcopo,
1185 2945 1342 3018 etquidem
1361 2946 1397 3001 de

152 3056 212 3096 uno
230 3039 329 3095 arbore
346 3039 468 3094 medium
485 3037 608 3094 modium
627 3037 707 3093 etde
725 3037 835 3094 dnobus
853 3055 939 3092 unum
957 3036 1089 3092 modium.

208 3127 352 3182 Farlatta‘:
375 3126 460 3196 Ilipa
483 3141 553 3182 sacr.
574 3125 603 3179 T.
628 3125 685 3193 VL,
706 3128 768 3177 43⁶.

189 3231 248 3286 Cla
254 3233 373 3298 Remea,
382 3231 530 3296 Laterani,
540 3235 556 3283 ⁷
565 3229 641 3284 Jatii
649 3231 727 3284 1222.
740 3227 885 3284 Honorius
894 3227 939 3282 111
949 3245 1023 3298 papa
1033 3226 1067 3281 ad
1079 3225 1239 3298 petitionem
1251 3227 1341 3281 Yolae
1352 3242 1394 3281 re-

151 3321 237 3390 ginae
247 3319 344 3388 Huug.
355 3334 502 3390 personam
513 3317 572 3372 eius
587 3333 651 3371 eum
661 3317 790 3372 omnibus
803 3315 883 3371 bonis
896 3315 953 3368 suis
965 3315 1087 3384 suscepit
1099 3314 1152 3368 sub
1165 3313 1190 3367 b.
1204 3313 1278 3367 Petri
1291 3319 1396 3383 protec-

151 3407 238 3474 tione,
251 3405 405 3476 specialiter
423 3403 555 3459 banatum
574 3420 638 3458 enm
651 3403 780 3458 omnibus
791 3401 961 3472 pertinentiis
980 3401 1045 3467 suis,
1059 3401 1176 3470 (utpote)
1188 3399 1347 3454 comitatum
1360 3398 1396 3452 de

151 3491 302 3548 Warasdin
312 3508 375 3547 cum
388 3491 566 3562 pertinentiis,
585 3491 747 3546 comitatum
756 3489 976 3557 sumugiensem3
995 3487 1156 3542 comitatum
1169 3485 1204 3540 de
1217 3486 1291 3552 Zela,
1313 3486 1397 3540 comi·

150 3585 245 3634 tatum
262 3578 297 3633 de
315 3577 418 3645 flerem,
438 3583 466 3632 et
483 3577 538 3631 alia
555 3593 610 3646 que
628 3578 669 3630 vir
688 3576 746 3630 eius
766 3577 824 3643 (rex
836 3574 989 3644 Andraeas)
1001 3574 1030 3628 in
1042 3573 1199 3629 dotalitium
1212 3573 1236 3627 ei
1249 3572 1392 3627 concessit.

208 3683 304 3752 Peior:
331 3682 397 3738 coa.
421 3681 491 3751 dipl.
516 3681 545 3736 T.
563 3681 627 3748 111,
642 3695 672 3750 p.
693 3683 763 3749 388,
785 3679 920 3734 Tbeincr:
937 3680 1011 3733 Mea.
1030 3680 1123 3747 Hunp.
1142 3679 1173 3744 1,
1191 3681 1234 3730 35.

208 3804 279 3860 om.
305 3805 440 3876 Rapnsii,
467 3818 556 3858 mense
584 3802 709 3858 Octobris
735 3805 813 3854 1222.
841 3800 976 3856 Acontius
1004 3798 1029 3853 d.
1049 3815 1140 3870 papae
1158 3796 1347 3852 subdiaconus
1369 3801 1397 3850 et

152 3891 316 3964 capellanus
334 3895 363 3946 et
380 3889 453 3945 sedis
472 3889 640 3960 apostolicae
658 3888 774 3957 legatus,
792 3886 915 3941 residens
933 3888 961 3940 iu
980 3887 1045 3942 aula
1062 3885 1200 3955 ragusina,
1219 3885 1272 3939 fert
1289 3889 1397 3938 senten-

24 4001 38 4030 a
152 3981 223 4036 tiam
240 3995 291 4050 pro
308 3976 435 4032 Jordano
459 3976 561 4031 abbate
585 3981 612 4030 et
636 3991 686 4045 pro
705 3975 872 4029 monasterio
895 3973 1066 4038 lacromensi,
1085 3978 1117 4027 ut
1134 3971 1229 4026 vineas
1246 3971 1396 4041 Juppanae

152 4071 184 4120 et
201 4081 296 4120 earum
314 4063 501 4135 pertinentias,
519 4078 592 4132 quae
610 4062 675 4117 olim
691 4061 786 4116 Saviui
797 4061 913 4116 Pincioli
925 4060 1044 4126 suerunt,
1057 4060 1084 4112 in
1098 4064 1262 4130 perpetuum
1274 4055 1396 4110 habeant

152 4159 184 4206 et
200 4167 374 4221 nunquama
392 4167 422 4205 se
440 4149 560 4204 alineare
579 4155 689 4218 queant.
714 4149 825 4202 Testes:
844 4146 991 4202 Dandulus
1015 4163 1116 4211 eomes,
1136 4144 1295 4198 Matthaeus
1313 4141 1396 4196 Balli-

152 4237 256 4305 slavae,
275 4236 410 4292 Lucerias
428 4235 560 4302 Naimeri
579 4233 739 4289 Matthaeus
756 4233 891 4290 Bodatiae
906 4233 994 4304 judex
1009 4233 1119 4303 juratus
1138 4237 1165 4286 et
1183 4229 1326 4301 presbyter
1339 4227 1395 4282 Ga·

151 4323 248 4380 taldns
266 4322 421 4380 communis
439 4322 571 4388 notarius,
591 4321 639 4392 qui
657 4321 775 4391 scripsit

208 4411 340 4466 Farlnts':
358 4409 441 4480 Illyr.
461 4409 539 4464 Sacr.
559 4410 590 4464 T.
614 4407 659 4476 VI,
676 4425 705 4477 p.
726 4413 767 4461 95.

209 4514 297 4570 GLIL
316 4515 349 4570 A.
369 4517 447 4568 1222.
464 4513 607 4570 Jocelinus
625 4512 849 4584 archiepiscopus
868 4512 1032 4583 spalatensis
1050 4511 1181 4572 notificat,
1200 4509 1275 4580 quod
1295 4508 1396 4578 Gnepa

23 4603 38 4627 '
154 4601 299 4674 qnondam
318 4618 389 4657 uxor
413 4604 521 4668 Armos,
545 4601 673 4656 consessa
697 4600 739 4667 sit,
759 4597 833 4669 quod
858 4599 931 4654 filius
959 4599 1018 4670 ejus
1036 4599 1157 4668 Timpor,
1177 4596 1224 4666 qui
1243 4595 1326 4648 etiam
1345 4593 1396 4648 Be·
