<?xml version="1.0" encoding="UTF-8"?>
<!DOCTYPE html PUBLIC "-//W3C//DTD XHTML 1.0 Transitional//EN"
    "http://www.w3.org/TR/xhtml1/DTD/xhtml1-transitional.dtd">
<html xmlns="http://www.w3.org/1999/xhtml" xml:lang="en" lang="en">
 <head>
  <title>
</title>
<meta http-equiv="Content-Type" content="text/html;charset=utf-8" />
  <meta name='ocr-system' content='tesseract 3.04.00' />
  <meta name='ocr-capabilities' content='ocr_page ocr_carea ocr_par ocr_line ocrx_word'/>
</head>
<body>
  <div class='ocr_page' id='page_1' title='image "./regestadocument00sakcgoog_0442.png"; bbox 0 0 3376 5350; ppageno 0'>
   <div class='ocr_carea' id='block_1_1' title="bbox 305 381 1034 448">
    <p class='ocr_par' dir='ltr' id='par_1_1' title="bbox 305 381 1034 448">
     <span class='ocr_line' id='line_1_1' title="bbox 305 381 1034 448; baseline -0.012 -3"><span class='ocrx_word' id='word_1_1' title='bbox 305 383 369 448; x_wconf 78' lang='lat'>438</span> <span class='ocrx_word' id='word_1_2' title='bbox 824 381 1034 448; x_wconf 72' lang='lat' dir='ltr'>annuamus,</span> 
     </span>
    </p>
   </div>
   <div class='ocr_carea' id='block_1_2' title="bbox 305 574 1562 1349">
    <p class='ocr_par' dir='ltr' id='par_1_2' title="bbox 305 574 1560 716">
     <span class='ocr_line' id='line_1_2' title="bbox 305 574 1560 645; baseline 0.006 -17"><span class='ocrx_word' id='word_1_3' title='bbox 305 574 396 628; x_wconf 80' lang='lat' dir='ltr'>aiones</span> <span class='ocrx_word' id='word_1_4' title='bbox 419 574 573 628; x_wconf 85' lang='lat' dir='ltr'>astantibus</span> <span class='ocrx_word' id='word_1_5' title='bbox 598 575 674 644; x_wconf 79' lang='lat' dir='ltr'>regni</span> <span class='ocrx_word' id='word_1_6' title='bbox 700 574 839 628; x_wconf 90' lang='lat' dir='ltr'>nobilibus</span> <span class='ocrx_word' id='word_1_7' title='bbox 863 575 936 629; x_wconf 88' lang='lat' dir='ltr'>bano</span> <span class='ocrx_word' id='word_1_8' title='bbox 956 574 1094 630; x_wconf 85' lang='lat' dir='ltr'>Rudosleo</span> <span class='ocrx_word' id='word_1_9' title='bbox 1107 576 1296 645; x_wconf 76' lang='lat' dir='ltr'>assignaverat</span> <span class='ocrx_word' id='word_1_10' title='bbox 1314 580 1423 633; x_wconf 90' lang='lat' dir='ltr'>nemine</span> <span class='ocrx_word' id='word_1_11' title='bbox 1442 585 1560 634; x_wconf 86' lang='lat' dir='ltr'>contra-</span> 
     </span>
     <span class='ocr_line' id='line_1_3' title="bbox 307 649 1214 716; baseline 0.001 -1"><span class='ocrx_word' id='word_1_12' title='bbox 307 649 422 716; x_wconf 71' lang='lat' dir='ltr'>dicente&#39;.</span> <span class='ocrx_word' id='word_1_13' title='bbox 1210 651 1214 656; x_wconf 47' lang='lat'><em>¹</em></span> 
     </span>
    </p>

    <p class='ocr_par' dir='ltr' id='par_1_3' title="bbox 306 749 1562 892">
     <span class='ocr_line' id='line_1_4' title="bbox 363 749 1562 824; baseline 0.006 -23"><span class='ocrx_word' id='word_1_14' title='bbox 363 749 428 802; x_wconf 64' lang='lat' dir='ltr'>(lod.</span> <span class='ocrx_word' id='word_1_15' title='bbox 449 749 518 820; x_wconf 81' lang='lat' dir='ltr'>dipl.</span> <span class='ocrx_word' id='word_1_16' title='bbox 537 751 656 818; x_wconf 70' lang='lat' dir='ltr'>patrias.</span> <span class='ocrx_word' id='word_1_17' title='bbox 681 750 746 804; x_wconf 69' lang='grc' dir='ltr'>ΥΠ.</span> <span class='ocrx_word' id='word_1_18' title='bbox 765 753 824 802; x_wconf 76' lang='grc'><em>299.</em></span> <span class='ocrx_word' id='word_1_19' title='bbox 846 751 1125 806; x_wconf 58' lang='lat' dir='ltr'>Hierocaesarea</span> <span class='ocrx_word' id='word_1_20' title='bbox 1145 753 1234 807; x_wconf 84' lang='lat' dir='ltr'>corrrr&#39;l.</span> <span class='ocrx_word' id='word_1_21' title='bbox 1254 753 1372 820; x_wconf 74' lang='lat' dir='ltr'>Erdddy</span> <span class='ocrx_word' id='word_1_22' title='bbox 1388 754 1562 824; x_wconf 75' lang='lat' dir='ltr'>Gulpticzum</span> 
     </span>
     <span class='ocr_line' id='line_1_5' title="bbox 306 835 407 892; baseline 0.02 -2"><span class='ocrx_word' id='word_1_23' title='bbox 306 835 407 892; x_wconf 78' lang='lat' dir='ltr'>alrluto.</span> 
     </span>
    </p>

    <p class='ocr_par' dir='ltr' id='par_1_4' title="bbox 305 923 1561 1349">
     <span class='ocr_line' id='line_1_6' title="bbox 358 923 1561 999; baseline 0.003 -19"><span class='ocrx_word' id='word_1_24' title='bbox 358 923 557 982; x_wconf 80' lang='lat' dir='ltr'>bexxlv.</span> <span class='ocrx_word' id='word_1_25' title='bbox 577 929 653 981; x_wconf 76' lang='lat'><strong><em>129³.</em></strong></span> <span class='ocrx_word' id='word_1_26' title='bbox 671 929 714 981; x_wconf 81' lang='lat'>29.</span> <span class='ocrx_word' id='word_1_27' title='bbox 728 927 901 994; x_wconf 65' lang='lat' dir='ltr'>,S&#39;rpterrrbrr&#39;s</span> <span class='ocrx_word' id='word_1_28' title='bbox 917 927 1078 996; x_wconf 80' lang='lat' dir='ltr'>Capitulum</span> <span class='ocrx_word' id='word_1_29' title='bbox 1092 929 1365 999; x_wconf 83' lang='lat' dir='ltr'>quinquecclesiense</span> <span class='ocrx_word' id='word_1_30' title='bbox 1378 931 1561 984; x_wconf 80' lang='lat' dir='ltr'>commendat</span> 
     </span>
     <span class='ocr_line' id='line_1_7' title="bbox 307 1015 1561 1087; baseline 0 -19"><span class='ocrx_word' id='word_1_31' title='bbox 307 1016 463 1080; x_wconf 86' lang='lat' dir='ltr'>memoriae,</span> <span class='ocrx_word' id='word_1_32' title='bbox 482 1015 558 1085; x_wconf 89' lang='lat' dir='ltr'>quod</span> <span class='ocrx_word' id='word_1_33' title='bbox 583 1016 713 1084; x_wconf 81' lang='lat' dir='ltr'>magister</span> <span class='ocrx_word' id='word_1_34' title='bbox 738 1015 859 1068; x_wconf 86' lang='lat' dir='ltr'>Abraam</span> <span class='ocrx_word' id='word_1_35' title='bbox 884 1017 1008 1069; x_wconf 86' lang='lat' dir='ltr'>notarius</span> <span class='ocrx_word' id='word_1_36' title='bbox 1033 1017 1146 1085; x_wconf 87' lang='lat' dir='ltr'>capituli</span> <span class='ocrx_word' id='word_1_37' title='bbox 1172 1017 1305 1071; x_wconf 85' lang='lat' dir='ltr'>ecclesiae</span> <span class='ocrx_word' id='word_1_38' title='bbox 1329 1017 1479 1072; x_wconf 84' lang='lat' dir='ltr'>Bosnensis</span> <span class='ocrx_word' id='word_1_39' title='bbox 1506 1035 1561 1087; x_wconf 84' lang='lat' dir='ltr'>pro</span> 
     </span>
     <span class='ocr_line' id='line_1_8' title="bbox 306 1101 1560 1174; baseline 0.003 -18"><span class='ocrx_word' id='word_1_40' title='bbox 306 1103 426 1156; x_wconf 89' lang='lat' dir='ltr'>dominis</span> <span class='ocrx_word' id='word_1_41' title='bbox 445 1104 502 1155; x_wconf 83' lang='lat' dir='ltr'>stris</span> <span class='ocrx_word' id='word_1_42' title='bbox 522 1110 599 1172; x_wconf 90' lang='lat' dir='ltr'>patre</span> <span class='ocrx_word' id='word_1_43' title='bbox 618 1101 724 1155; x_wconf 84' lang='lat' dir='ltr'>Thema</span> <span class='ocrx_word' id='word_1_44' title='bbox 742 1104 826 1172; x_wconf 82' lang='lat' dir='ltr'>episc.</span> <span class='ocrx_word' id='word_1_45' title='bbox 846 1103 910 1158; x_wconf 91' lang='lat' dir='ltr'>eccl.</span> <span class='ocrx_word' id='word_1_46' title='bbox 931 1103 1078 1158; x_wconf 81' lang='lat' dir='ltr'>Boanemis</span> <span class='ocrx_word' id='word_1_47' title='bbox 1103 1111 1130 1157; x_wconf 90' lang='lat' dir='ltr'>et</span> <span class='ocrx_word' id='word_1_48' title='bbox 1149 1105 1281 1174; x_wconf 84' lang='lat' dir='ltr'>magistro</span> <span class='ocrx_word' id='word_1_49' title='bbox 1300 1105 1442 1159; x_wconf 80' lang='lat' dir='ltr'>Demetrio</span> <span class='ocrx_word' id='word_1_50' title='bbox 1469 1105 1560 1160; x_wconf 83' lang='lat' dir='ltr'>fratre</span> 
     </span>
     <span class='ocr_line' id='line_1_9' title="bbox 305 1189 1559 1262; baseline 0.001 -17"><span class='ocrx_word' id='word_1_51' title='bbox 305 1193 365 1245; x_wconf 87' lang='lat' dir='ltr'>eius</span> <span class='ocrx_word' id='word_1_52' title='bbox 385 1191 495 1256; x_wconf 90' lang='lat' dir='ltr'>carnali,</span> <span class='ocrx_word' id='word_1_53' title='bbox 514 1190 578 1242; x_wconf 85' lang='lat' dir='ltr'>liliis</span> <span class='ocrx_word' id='word_1_54' title='bbox 597 1189 667 1244; x_wconf 77' lang='lat' dir='ltr'>Elei(</span> <span class='ocrx_word' id='word_1_55' title='bbox 685 1190 719 1243; x_wconf 89' lang='lat' dir='ltr'>de</span> <span class='ocrx_word' id='word_1_56' title='bbox 744 1207 845 1260; x_wconf 77' lang='lat' dir='ltr'>genere</span> <span class='ocrx_word' id='word_1_57' title='bbox 869 1191 1098 1260; x_wconf 80' lang='lat' dir='ltr'>Scentemagych,</span> <span class='ocrx_word' id='word_1_58' title='bbox 1126 1191 1258 1245; x_wconf 84' lang='lat' dir='ltr'>exhibens</span> <span class='ocrx_word' id='word_1_59' title='bbox 1283 1191 1406 1246; x_wconf 81' lang='lat' dir='ltr'>eiusdem</span> <span class='ocrx_word' id='word_1_60' title='bbox 1426 1193 1559 1262; x_wconf 77' lang='lat' dir='ltr'>episcopi</span> 
     </span>
     <span class='ocr_line' id='line_1_10' title="bbox 305 1277 1560 1349; baseline 0.001 -18"><span class='ocrx_word' id='word_1_61' title='bbox 305 1278 411 1332; x_wconf 88' lang='lat' dir='ltr'>litteras</span> <span class='ocrx_word' id='word_1_62' title='bbox 430 1277 464 1330; x_wconf 88' lang='lat' dir='ltr'>de</span> <span class='ocrx_word' id='word_1_63' title='bbox 483 1277 677 1331; x_wconf 84' lang='lat' dir='ltr'>ratihabitione</span> <span class='ocrx_word' id='word_1_64' title='bbox 697 1293 730 1331; x_wconf 90' lang='lat' dir='ltr'>ex</span> <span class='ocrx_word' id='word_1_65' title='bbox 749 1295 805 1332; x_wconf 86' lang='lat' dir='ltr'>una</span> <span class='ocrx_word' id='word_1_66' title='bbox 823 1283 909 1348; x_wconf 87' lang='lat' dir='ltr'>parte,</span> <span class='ocrx_word' id='word_1_67' title='bbox 922 1285 949 1331; x_wconf 91' lang='lat' dir='ltr'>et</span> <span class='ocrx_word' id='word_1_68' title='bbox 962 1278 1063 1332; x_wconf 89' lang='lat' dir='ltr'>nobilis</span> <span class='ocrx_word' id='word_1_69' title='bbox 1079 1279 1189 1348; x_wconf 84' lang='lat' dir='ltr'>juvenis</span> <span class='ocrx_word' id='word_1_70' title='bbox 1201 1278 1275 1332; x_wconf 89' lang='lat' dir='ltr'>lilius</span> <span class='ocrx_word' id='word_1_71' title='bbox 1295 1279 1418 1348; x_wconf 76' lang='lat' dir='ltr'>magistri</span> <span class='ocrx_word' id='word_1_72' title='bbox 1437 1279 1560 1349; x_wconf 84' lang='lat' dir='ltr'>Philpes</span> 
     </span>
    </p>
   </div>
   <div class='ocr_carea' id='block_1_3' title="bbox 205 1351 1559 1436">
    <p class='ocr_par' dir='ltr' id='par_1_5' title="bbox 205 1351 1559 1436">
     <span class='ocr_line' id='line_1_11' title="bbox 205 1351 1559 1436; baseline 0.002 -19"><span class='ocrx_word' id='word_1_73' title='bbox 205 1351 209 1358; x_wconf 44' lang='lat'><strong>⁴</strong></span> <span class='ocrx_word' id='word_1_74' title='bbox 304 1366 339 1418; x_wconf 89' lang='lat' dir='ltr'>ab</span> <span class='ocrx_word' id='word_1_75' title='bbox 358 1365 443 1420; x_wconf 88' lang='lat' dir='ltr'>altera</span> <span class='ocrx_word' id='word_1_76' title='bbox 462 1365 612 1429; x_wconf 86' lang='lat' dir='ltr'>constituti,</span> <span class='ocrx_word' id='word_1_77' title='bbox 632 1364 761 1419; x_wconf 88' lang='lat' dir='ltr'>dixerunt</span> <span class='ocrx_word' id='word_1_78' title='bbox 779 1365 854 1435; x_wconf 91' lang='lat' dir='ltr'>qnod</span> <span class='ocrx_word' id='word_1_79' title='bbox 872 1381 935 1418; x_wconf 85' lang='lat' dir='ltr'>curn</span> <span class='ocrx_word' id='word_1_80' title='bbox 954 1366 1027 1418; x_wconf 89' lang='lat' dir='ltr'>circa</span> <span class='ocrx_word' id='word_1_81' title='bbox 1044 1367 1198 1434; x_wconf 87' lang='lat' dir='ltr'>portionem</span> <span class='ocrx_word' id='word_1_82' title='bbox 1219 1373 1307 1420; x_wconf 85' lang='lat' dir='ltr'>terrae</span> <span class='ocrx_word' id='word_1_83' title='bbox 1321 1365 1456 1436; x_wconf 87' lang='lat' dir='ltr'>Koporna</span> <span class='ocrx_word' id='word_1_84' title='bbox 1469 1384 1559 1436; x_wconf 86' lang='lat' dir='ltr'>quam</span> 
     </span>
    </p>
   </div>
   <div class='ocr_carea' id='block_1_4' title="bbox 303 1451 1560 1871">
    <p class='ocr_par' dir='ltr' id='par_1_6' title="bbox 303 1451 1560 1785">
     <span class='ocr_line' id='line_1_12' title="bbox 304 1451 1559 1524; baseline 0.002 -18"><span class='ocrx_word' id='word_1_85' title='bbox 304 1455 452 1522; x_wconf 88' lang='lat' dir='ltr'>episcopus</span> <span class='ocrx_word' id='word_1_86' title='bbox 472 1459 499 1505; x_wconf 90' lang='lat' dir='ltr'>et</span> <span class='ocrx_word' id='word_1_87' title='bbox 517 1451 602 1506; x_wconf 86' lang='lat' dir='ltr'>frater</span> <span class='ocrx_word' id='word_1_88' title='bbox 626 1453 685 1505; x_wconf 85' lang='lat' dir='ltr'>eius</span> <span class='ocrx_word' id='word_1_89' title='bbox 712 1457 822 1516; x_wconf 80' lang='lat' dir='ltr'>cinerat,</span> <span class='ocrx_word' id='word_1_90' title='bbox 847 1453 918 1505; x_wconf 87' lang='lat' dir='ltr'>inter</span> <span class='ocrx_word' id='word_1_91' title='bbox 942 1459 1034 1520; x_wconf 87' lang='lat' dir='ltr'>partes</span> <span class='ocrx_word' id='word_1_92' title='bbox 1058 1459 1209 1508; x_wconf 58' lang='lat' dir='ltr'>averteretur</span> <span class='ocrx_word' id='word_1_93' title='bbox 1233 1455 1402 1524; x_wconf 88' lang='lat' dir='ltr'>quaestionis</span> <span class='ocrx_word' id='word_1_94' title='bbox 1427 1455 1559 1517; x_wconf 85' lang='lat' dir='ltr'>materia,</span> 
     </span>
     <span class='ocr_line' id='line_1_13' title="bbox 303 1539 1560 1612; baseline 0.002 -19"><span class='ocrx_word' id='word_1_95' title='bbox 303 1540 415 1594; x_wconf 89' lang='lat' dir='ltr'>tandem</span> <span class='ocrx_word' id='word_1_96' title='bbox 429 1539 582 1593; x_wconf 89' lang='lat' dir='ltr'>secundum</span> <span class='ocrx_word' id='word_1_97' title='bbox 595 1539 738 1593; x_wconf 78' lang='lat' dir='ltr'>arbitrium</span> <span class='ocrx_word' id='word_1_98' title='bbox 753 1541 901 1609; x_wconf 89' lang='lat' dir='ltr'>proborum</span> <span class='ocrx_word' id='word_1_99' title='bbox 915 1540 1034 1593; x_wconf 81' lang='lat' dir='ltr'>uironrm</span> <span class='ocrx_word' id='word_1_100' title='bbox 1046 1541 1169 1610; x_wconf 85' lang='lat' dir='ltr'>praefata</span> <span class='ocrx_word' id='word_1_101' title='bbox 1182 1543 1272 1612; x_wconf 90' lang='lat' dir='ltr'>portio</span> <span class='ocrx_word' id='word_1_102' title='bbox 1286 1559 1362 1595; x_wconf 85' lang='lat' dir='ltr'>cessa</span> <span class='ocrx_word' id='word_1_103' title='bbox 1374 1549 1416 1596; x_wconf 88' lang='lat' dir='ltr'>est</span> <span class='ocrx_word' id='word_1_104' title='bbox 1428 1542 1560 1596; x_wconf 81' lang='lat' dir='ltr'>Thomas</span> 
     </span>
     <span class='ocr_line' id='line_1_14' title="bbox 304 1627 1560 1698; baseline 0.001 -17"><span class='ocrx_word' id='word_1_105' title='bbox 304 1629 435 1697; x_wconf 87' lang='lat' dir='ltr'>episcopo</span> <span class='ocrx_word' id='word_1_106' title='bbox 454 1633 481 1681; x_wconf 91' lang='lat' dir='ltr'>et</span> <span class='ocrx_word' id='word_1_107' title='bbox 500 1627 576 1681; x_wconf 80' lang='lat' dir='ltr'>fratri</span> <span class='ocrx_word' id='word_1_108' title='bbox 596 1628 664 1696; x_wconf 88' lang='lat' dir='ltr'>ejus,</span> <span class='ocrx_word' id='word_1_109' title='bbox 677 1627 747 1681; x_wconf 90' lang='lat' dir='ltr'>inter</span> <span class='ocrx_word' id='word_1_110' title='bbox 760 1635 852 1698; x_wconf 88' lang='lat' dir='ltr'>partes</span> <span class='ocrx_word' id='word_1_111' title='bbox 865 1634 957 1681; x_wconf 86' lang='lat' dir='ltr'>autern</span> <span class='ocrx_word' id='word_1_112' title='bbox 971 1628 1088 1681; x_wconf 86' lang='lat' dir='ltr'>invicem</span> <span class='ocrx_word' id='word_1_113' title='bbox 1102 1643 1132 1682; x_wconf 87' lang='lat' dir='ltr'>se</span> <span class='ocrx_word' id='word_1_114' title='bbox 1145 1627 1353 1682; x_wconf 87' lang='lat' dir='ltr'>damnificantes</span> <span class='ocrx_word' id='word_1_115' title='bbox 1366 1629 1500 1682; x_wconf 85' lang='lat' dir='ltr'>conclusa</span> <span class='ocrx_word' id='word_1_116' title='bbox 1515 1638 1560 1684; x_wconf 85' lang='lat' dir='ltr'>est</span> 
     </span>
     <span class='ocr_line' id='line_1_15' title="bbox 304 1709 665 1785; baseline 0 -17"><span class='ocrx_word' id='word_1_117' title='bbox 304 1721 437 1784; x_wconf 88' lang='lat' dir='ltr'>perpetua</span> <span class='ocrx_word' id='word_1_118' title='bbox 449 1731 513 1785; x_wconf 84' lang='lat' dir='ltr'>pax.</span> <span class='ocrx_word' id='word_1_119' title='bbox 658 1709 665 1722; x_wconf 88' lang='lat'>&#39;</span> 
     </span>
    </p>

    <p class='ocr_par' dir='ltr' id='par_1_7' title="bbox 364 1802 994 1871">
     <span class='ocr_line' id='line_1_16' title="bbox 364 1802 994 1871; baseline -0.005 -14"><span class='ocrx_word' id='word_1_120' title='bbox 364 1803 490 1857; x_wconf 76' lang='lat' dir='ltr'>Weaecl:</span> <span class='ocrx_word' id='word_1_121' title='bbox 512 1802 576 1858; x_wconf 82' lang='lat' dir='ltr'>Cod.</span> <span class='ocrx_word' id='word_1_122' title='bbox 597 1803 665 1871; x_wconf 78' lang='lat' dir='ltr'>dipl</span> <span class='ocrx_word' id='word_1_123' title='bbox 684 1802 790 1871; x_wconf 77' lang='lat' dir='ltr'>Arpad.</span> <span class='ocrx_word' id='word_1_124' title='bbox 813 1803 891 1856; x_wconf 77' lang='lat' dir='ltr'>Curat.</span> <span class='ocrx_word' id='word_1_125' title='bbox 910 1803 939 1856; x_wconf 81' lang='lat' dir='ltr'>V.</span> <span class='ocrx_word' id='word_1_126' title='bbox 952 1805 994 1854; x_wconf 70' lang='lat' dir='ltr'>sl.</span> 
     </span>
    </p>
   </div>
   <div class='ocr_carea' id='block_1_5' title="bbox 301 1960 1561 2907">
    <p class='ocr_par' dir='ltr' id='par_1_8' title="bbox 301 1960 1561 2819">
     <span class='ocr_line' id='line_1_17' title="bbox 357 1960 1561 2034; baseline -0.001 -16"><span class='ocrx_word' id='word_1_127' title='bbox 357 1962 543 2018; x_wconf 83' lang='lat' dir='ltr'>MDXXXV.</span> <span class='ocrx_word' id='word_1_128' title='bbox 575 1965 652 2015; x_wconf 81' lang='lat'><strong><em>1293.</em></strong></span> <span class='ocrx_word' id='word_1_129' title='bbox 676 1965 701 2013; x_wconf 82' lang='lat'>6.</span> <span class='ocrx_word' id='word_1_130' title='bbox 730 1961 859 2014; x_wconf 82' lang='lat' dir='ltr'>Octobris.</span> <span class='ocrx_word' id='word_1_131' title='bbox 888 1960 1049 2032; x_wconf 81' lang='lat' dir='ltr'>Capitulum</span> <span class='ocrx_word' id='word_1_132' title='bbox 1079 1961 1211 2015; x_wconf 86' lang='lat' dir='ltr'>ecclcsiae</span> <span class='ocrx_word' id='word_1_133' title='bbox 1239 1979 1260 2014; x_wconf 88' lang='lat' dir='ltr'>s.</span> <span class='ocrx_word' id='word_1_134' title='bbox 1284 1961 1357 2015; x_wconf 88' lang='lat' dir='ltr'>Petri</span> <span class='ocrx_word' id='word_1_135' title='bbox 1383 1961 1418 2016; x_wconf 89' lang='lat' dir='ltr'>de</span> <span class='ocrx_word' id='word_1_136' title='bbox 1443 1961 1561 2034; x_wconf 82' lang='lat' dir='ltr'>Posega</span> 
     </span>
     <span class='ocr_line' id='line_1_18' title="bbox 304 2047 1561 2123; baseline -0.002 -17"><span class='ocrx_word' id='word_1_137' title='bbox 304 2053 450 2123; x_wconf 85' lang='lat' dir='ltr'>significat,</span> <span class='ocrx_word' id='word_1_138' title='bbox 470 2049 546 2121; x_wconf 90' lang='lat' dir='ltr'>quod</span> <span class='ocrx_word' id='word_1_139' title='bbox 564 2049 708 2104; x_wconf 88' lang='lat' dir='ltr'>Johannes</span> <span class='ocrx_word' id='word_1_140' title='bbox 726 2048 800 2102; x_wconf 89' lang='lat' dir='ltr'>filius</span> <span class='ocrx_word' id='word_1_141' title='bbox 820 2049 928 2102; x_wconf 88' lang='lat' dir='ltr'>comitis</span> <span class='ocrx_word' id='word_1_142' title='bbox 947 2048 1021 2102; x_wconf 89' lang='lat' dir='ltr'>Petri</span> <span class='ocrx_word' id='word_1_143' title='bbox 1041 2065 1091 2118; x_wconf 91' lang='lat' dir='ltr'>pro</span> <span class='ocrx_word' id='word_1_144' title='bbox 1110 2065 1139 2102; x_wconf 86' lang='lat' dir='ltr'>ae</span> <span class='ocrx_word' id='word_1_145' title='bbox 1158 2055 1185 2102; x_wconf 91' lang='lat' dir='ltr'>et</span> <span class='ocrx_word' id='word_1_146' title='bbox 1204 2065 1254 2117; x_wconf 93' lang='lat' dir='ltr'>pro</span> <span class='ocrx_word' id='word_1_147' title='bbox 1273 2047 1403 2103; x_wconf 88' lang='lat' dir='ltr'>Borichio</span> <span class='ocrx_word' id='word_1_148' title='bbox 1416 2065 1449 2102; x_wconf 86' lang='lat' dir='ltr'>ac</span> <span class='ocrx_word' id='word_1_149' title='bbox 1463 2049 1561 2104; x_wconf 86' lang='lat' dir='ltr'>Belnd</span> 
     </span>
     <span class='ocr_line' id='line_1_19' title="bbox 303 2135 1559 2206; baseline 0 -14"><span class='ocrx_word' id='word_1_150' title='bbox 303 2139 434 2193; x_wconf 83' lang='lat' dir='ltr'>iratribus</span> <span class='ocrx_word' id='word_1_151' title='bbox 453 2140 512 2192; x_wconf 79' lang='lat' dir='ltr'>ciris</span> <span class='ocrx_word' id='word_1_152' title='bbox 531 2137 674 2192; x_wconf 84' lang='lat' dir='ltr'>consessus</span> <span class='ocrx_word' id='word_1_153' title='bbox 694 2136 828 2206; x_wconf 86' lang='lat' dir='ltr'>estquod</span> <span class='ocrx_word' id='word_1_154' title='bbox 847 2135 986 2206; x_wconf 87' lang='lat' dir='ltr'>quandam</span> <span class='ocrx_word' id='word_1_155' title='bbox 999 2143 1098 2189; x_wconf 86' lang='lat' dir='ltr'>terram</span> <span class='ocrx_word' id='word_1_156' title='bbox 1115 2153 1192 2190; x_wconf 85' lang='lat' dir='ltr'>suam</span> <span class='ocrx_word' id='word_1_157' title='bbox 1207 2135 1395 2190; x_wconf 85' lang='lat' dir='ltr'>Gramachnilr</span> <span class='ocrx_word' id='word_1_158' title='bbox 1414 2145 1559 2205; x_wconf 81' lang='lat' dir='ltr'>vocatam,</span> 
     </span>
     <span class='ocr_line' id='line_1_20' title="bbox 303 2213 1560 2296; baseline -0.001 -16"><span class='ocrx_word' id='word_1_159' title='bbox 303 2245 387 2296; x_wconf 90' lang='lat' dir='ltr'>quam</span> <span class='ocrx_word' id='word_1_160' title='bbox 407 2221 486 2296; x_wconf 83' lang='lat' dir='ltr'>pater</span> <span class='ocrx_word' id='word_1_161' title='bbox 504 2243 572 2279; x_wconf 85' lang='lat' dir='ltr'>auus</span> <span class='ocrx_word' id='word_1_162' title='bbox 590 2244 607 2280; x_wconf 90' lang='lat' dir='ltr'>a</span> <span class='ocrx_word' id='word_1_163' title='bbox 625 2223 765 2279; x_wconf 82' lang='lat' dir='ltr'>Ratholdo</span> <span class='ocrx_word' id='word_1_164' title='bbox 785 2231 812 2278; x_wconf 90' lang='lat' dir='ltr'>et</span> <span class='ocrx_word' id='word_1_165' title='bbox 830 2223 938 2278; x_wconf 88' lang='lat' dir='ltr'>Mathia</span> <span class='ocrx_word' id='word_1_166' title='bbox 957 2213 1021 2276; x_wconf 86' lang='lat' dir='ltr'>tiliis</span> <span class='ocrx_word' id='word_1_167' title='bbox 1042 2223 1161 2276; x_wconf 87' lang='lat' dir='ltr'>Rolandi</span> <span class='ocrx_word' id='word_1_168' title='bbox 1173 2223 1237 2276; x_wconf 87' lang='lat' dir='ltr'>bani</span> <span class='ocrx_word' id='word_1_169' title='bbox 1251 2239 1301 2292; x_wconf 92' lang='lat' dir='ltr'>pro</span> <span class='ocrx_word' id='word_1_170' title='bbox 1315 2223 1427 2292; x_wconf 86' lang='lat' dir='ltr'>triginta</span> <span class='ocrx_word' id='word_1_171' title='bbox 1441 2224 1560 2279; x_wconf 86' lang='lat' dir='ltr'>duobus</span> 
     </span>
     <span class='ocr_line' id='line_1_21' title="bbox 303 2309 1560 2384; baseline -0.002 -15"><span class='ocrx_word' id='word_1_172' title='bbox 303 2315 402 2369; x_wconf 85' lang='lat' dir='ltr'>nrarcis</span> <span class='ocrx_word' id='word_1_173' title='bbox 422 2319 637 2384; x_wconf 84' lang='lat' dir='ltr'>comparaverat,</span> <span class='ocrx_word' id='word_1_174' title='bbox 657 2311 774 2366; x_wconf 88' lang='lat' dir='ltr'>Nicolao</span> <span class='ocrx_word' id='word_1_175' title='bbox 793 2313 849 2365; x_wconf 87' lang='lat' dir='ltr'>lilio</span> <span class='ocrx_word' id='word_1_176' title='bbox 869 2311 974 2364; x_wconf 86' lang='lat' dir='ltr'>lnocha</span> <span class='ocrx_word' id='word_1_177' title='bbox 993 2327 1042 2380; x_wconf 87' lang='lat' dir='ltr'>pro</span> <span class='ocrx_word' id='word_1_178' title='bbox 1060 2311 1164 2364; x_wconf 85' lang='lat' dir='ltr'>eisdem</span> <span class='ocrx_word' id='word_1_179' title='bbox 1190 2311 1224 2364; x_wconf 74' lang='lat'>32</span> <span class='ocrx_word' id='word_1_180' title='bbox 1249 2309 1348 2364; x_wconf 87' lang='lat' dir='ltr'>marcis</span> <span class='ocrx_word' id='word_1_181' title='bbox 1373 2310 1560 2366; x_wconf 88' lang='lat' dir='ltr'>vendidisset.</span> 
     </span>
     <span class='ocr_line' id='line_1_22' title="bbox 303 2397 1560 2471; baseline -0.002 -15"><span class='ocrx_word' id='word_1_182' title='bbox 303 2403 391 2456; x_wconf 87' lang='lat' dir='ltr'>Cuius</span> <span class='ocrx_word' id='word_1_183' title='bbox 409 2407 498 2456; x_wconf 89' lang='lat' dir='ltr'>terrae</span> <span class='ocrx_word' id='word_1_184' title='bbox 517 2401 604 2471; x_wconf 86' lang='lat' dir='ltr'>prima</span> <span class='ocrx_word' id='word_1_185' title='bbox 633 2407 707 2454; x_wconf 90' lang='lat' dir='ltr'>meta</span> <span class='ocrx_word' id='word_1_186' title='bbox 730 2400 827 2468; x_wconf 88' lang='lat' dir='ltr'>incipit</span> <span class='ocrx_word' id='word_1_187' title='bbox 851 2399 994 2468; x_wconf 84' lang='lat' dir='ltr'>incapite</span> <span class='ocrx_word' id='word_1_188' title='bbox 1019 2399 1099 2452; x_wconf 87' lang='lat' dir='ltr'>rivoli</span> <span class='ocrx_word' id='word_1_189' title='bbox 1123 2397 1253 2463; x_wconf 83' lang='lat' dir='ltr'>Dolkolri,</span> <span class='ocrx_word' id='word_1_190' title='bbox 1278 2397 1341 2451; x_wconf 91' lang='lat' dir='ltr'>inde</span> <span class='ocrx_word' id='word_1_191' title='bbox 1366 2397 1494 2452; x_wconf 88' lang='lat' dir='ltr'>ascendit</span> <span class='ocrx_word' id='word_1_192' title='bbox 1521 2401 1560 2454; x_wconf 91' lang='lat' dir='ltr'>ad</span> 
     </span>
     <span class='ocr_line' id='line_1_23' title="bbox 303 2484 1558 2558; baseline -0.004 -13"><span class='ocrx_word' id='word_1_193' title='bbox 303 2491 390 2545; x_wconf 88' lang='lat' dir='ltr'>Bercb</span> <span class='ocrx_word' id='word_1_194' title='bbox 411 2507 505 2543; x_wconf 86' lang='lat' dir='ltr'>versus</span> <span class='ocrx_word' id='word_1_195' title='bbox 524 2487 679 2558; x_wconf 84' lang='lat' dir='ltr'>aquilonem</span> <span class='ocrx_word' id='word_1_196' title='bbox 700 2494 727 2541; x_wconf 90' lang='lat' dir='ltr'>et</span> <span class='ocrx_word' id='word_1_197' title='bbox 746 2485 924 2556; x_wconf 87' lang='lat' dir='ltr'>pervenitad</span> <span class='ocrx_word' id='word_1_198' title='bbox 943 2486 1013 2540; x_wconf 80' lang='lat' dir='ltr'>aiam</span> <span class='ocrx_word' id='word_1_199' title='bbox 1032 2485 1183 2555; x_wconf 86' lang='lat' dir='ltr'>antiquam,</span> <span class='ocrx_word' id='word_1_200' title='bbox 1196 2484 1261 2538; x_wconf 90' lang='lat' dir='ltr'>inde</span> <span class='ocrx_word' id='word_1_201' title='bbox 1273 2484 1308 2539; x_wconf 90' lang='lat' dir='ltr'>ad</span> <span class='ocrx_word' id='word_1_202' title='bbox 1322 2484 1465 2555; x_wconf 86' lang='lat' dir='ltr'>quoddam</span> <span class='ocrx_word' id='word_1_203' title='bbox 1485 2486 1558 2540; x_wconf 79' lang='lat' dir='ltr'>Kal-</span> 
     </span>
     <span class='ocr_line' id='line_1_24' title="bbox 301 2571 1558 2648; baseline -0.004 -15"><span class='ocrx_word' id='word_1_204' title='bbox 301 2579 374 2644; x_wconf 83' lang='lat' dir='ltr'>lista,</span> <span class='ocrx_word' id='word_1_205' title='bbox 393 2585 420 2632; x_wconf 88' lang='lat' dir='ltr'>et</span> <span class='ocrx_word' id='word_1_206' title='bbox 439 2573 614 2648; x_wconf 87' lang='lat' dir='ltr'>pervenitad</span> <span class='ocrx_word' id='word_1_207' title='bbox 634 2576 726 2629; x_wconf 91' lang='lat' dir='ltr'>locum</span> <span class='ocrx_word' id='word_1_208' title='bbox 745 2573 863 2629; x_wconf 87' lang='lat' dir='ltr'>Vadista</span> <span class='ocrx_word' id='word_1_209' title='bbox 882 2580 909 2628; x_wconf 90' lang='lat' dir='ltr'>et</span> <span class='ocrx_word' id='word_1_210' title='bbox 928 2591 976 2642; x_wconf 92' lang='lat' dir='ltr'>per</span> <span class='ocrx_word' id='word_1_211' title='bbox 995 2572 1097 2626; x_wconf 87' lang='lat' dir='ltr'>dietam</span> <span class='ocrx_word' id='word_1_212' title='bbox 1116 2573 1187 2625; x_wconf 86' lang='lat' dir='ltr'>viam</span> <span class='ocrx_word' id='word_1_213' title='bbox 1207 2571 1242 2625; x_wconf 91' lang='lat' dir='ltr'>ad</span> <span class='ocrx_word' id='word_1_214' title='bbox 1260 2571 1343 2625; x_wconf 85' lang='lat' dir='ltr'>aliam</span> <span class='ocrx_word' id='word_1_215' title='bbox 1362 2573 1434 2626; x_wconf 85' lang='lat' dir='ltr'>viam</span> <span class='ocrx_word' id='word_1_216' title='bbox 1454 2579 1483 2626; x_wconf 93' lang='lat' dir='ltr'>et</span> <span class='ocrx_word' id='word_1_217' title='bbox 1504 2591 1558 2644; x_wconf 87' lang='lat' dir='ltr'>per</span> 
     </span>
     <span class='ocr_line' id='line_1_25' title="bbox 302 2659 1558 2732; baseline -0.004 -12"><span class='ocrx_word' id='word_1_218' title='bbox 302 2667 391 2721; x_wconf 84' lang='lat' dir='ltr'>varias</span> <span class='ocrx_word' id='word_1_219' title='bbox 419 2672 507 2719; x_wconf 87' lang='lat' dir='ltr'>metas</span> <span class='ocrx_word' id='word_1_220' title='bbox 532 2663 567 2717; x_wconf 88' lang='lat' dir='ltr'>ad</span> <span class='ocrx_word' id='word_1_221' title='bbox 594 2661 699 2716; x_wconf 88' lang='lat' dir='ltr'>fontem</span> <span class='ocrx_word' id='word_1_222' title='bbox 722 2663 768 2732; x_wconf 89' lang='lat' dir='ltr'>qul</span> <span class='ocrx_word' id='word_1_223' title='bbox 794 2661 895 2714; x_wconf 91' lang='lat' dir='ltr'>dicitur</span> <span class='ocrx_word' id='word_1_224' title='bbox 920 2660 1105 2714; x_wconf 86' lang='lat' dir='ltr'>Gramachnilr</span> <span class='ocrx_word' id='word_1_225' title='bbox 1129 2659 1187 2722; x_wconf 82' lang='lat' dir='ltr'>few,</span> <span class='ocrx_word' id='word_1_226' title='bbox 1207 2676 1223 2712; x_wconf 87' lang='lat' dir='ltr'>a</span> <span class='ocrx_word' id='word_1_227' title='bbox 1242 2665 1319 2728; x_wconf 86' lang='lat' dir='ltr'>parte</span> <span class='ocrx_word' id='word_1_228' title='bbox 1338 2661 1451 2714; x_wconf 84' lang='lat' dir='ltr'>orientis</span> <span class='ocrx_word' id='word_1_229' title='bbox 1476 2667 1558 2716; x_wconf 84' lang='lat' dir='ltr'>terra</span> 
     </span>
     <span class='ocr_line' id='line_1_26' title="bbox 302 2745 1380 2819; baseline -0.006 -12"><span class='ocrx_word' id='word_1_230' title='bbox 302 2753 422 2808; x_wconf 80' lang='lat' dir='ltr'>filionim</span> <span class='ocrx_word' id='word_1_231' title='bbox 441 2752 543 2817; x_wconf 80' lang='lat' dir='ltr'>Zabov,</span> <span class='ocrx_word' id='word_1_232' title='bbox 563 2750 663 2804; x_wconf 91' lang='lat' dir='ltr'>deinde</span> <span class='ocrx_word' id='word_1_233' title='bbox 681 2766 729 2819; x_wconf 87' lang='lat' dir='ltr'>per</span> <span class='ocrx_word' id='word_1_234' title='bbox 748 2749 844 2801; x_wconf 80' lang='lat' dir='ltr'>silvam</span> <span class='ocrx_word' id='word_1_235' title='bbox 863 2763 951 2816; x_wconf 88' lang='lat' dir='ltr'>usque</span> <span class='ocrx_word' id='word_1_236' title='bbox 970 2747 1104 2800; x_wconf 85' lang='lat' dir='ltr'>ltlnrzuna</span> <span class='ocrx_word' id='word_1_237' title='bbox 1123 2753 1151 2800; x_wconf 88' lang='lat' dir='ltr'>et</span> <span class='ocrx_word' id='word_1_238' title='bbox 1169 2762 1257 2816; x_wconf 89' lang='lat' dir='ltr'>usque</span> <span class='ocrx_word' id='word_1_239' title='bbox 1270 2745 1380 2800; x_wconf 83' lang='lat' dir='ltr'>Zavarn.</span> 
     </span>
    </p>

    <p class='ocr_par' dir='ltr' id='par_1_9' title="bbox 362 2835 961 2907">
     <span class='ocr_line' id='line_1_27' title="bbox 362 2835 961 2907; baseline -0.017 -13"><span class='ocrx_word' id='word_1_240' title='bbox 362 2839 488 2894; x_wconf 78' lang='lat' dir='ltr'>Wearel:</span> <span class='ocrx_word' id='word_1_241' title='bbox 510 2839 574 2893; x_wconf 84' lang='lat' dir='ltr'>Cod.</span> <span class='ocrx_word' id='word_1_242' title='bbox 595 2837 663 2907; x_wconf 82' lang='lat' dir='ltr'>dipl.</span> <span class='ocrx_word' id='word_1_243' title='bbox 683 2835 789 2904; x_wconf 78' lang='lat' dir='ltr'>Arparl.</span> <span class='ocrx_word' id='word_1_244' title='bbox 811 2835 883 2887; x_wconf 86' lang='lat' dir='ltr'><strong><em>XII.</em></strong></span> <span class='ocrx_word' id='word_1_245' title='bbox 902 2838 961 2886; x_wconf 73' lang='grc'><em>519.</em></span> 
     </span>
    </p>
   </div>
   <div class='ocr_carea' id='block_1_6' title="bbox 354 2991 1557 3066">
    <p class='ocr_par' dir='ltr' id='par_1_10' title="bbox 354 2991 1557 3066">
     <span class='ocr_line' id='line_1_28' title="bbox 354 2991 1557 3066; baseline -0.003 -14"><span class='ocrx_word' id='word_1_246' title='bbox 354 2997 552 3052; x_wconf 85' lang='lat' dir='ltr'>ltlDXXXVl.</span> <span class='ocrx_word' id='word_1_247' title='bbox 572 2995 705 3066; x_wconf 78' lang='lat' dir='ltr'>Neapoli.</span> <span class='ocrx_word' id='word_1_248' title='bbox 725 2997 800 3046; x_wconf 75' lang='grc'><em>1293.</em></span> <span class='ocrx_word' id='word_1_249' title='bbox 823 2997 866 3046; x_wconf 85' lang='grc'>39.</span> <span class='ocrx_word' id='word_1_250' title='bbox 892 2993 1058 3046; x_wconf 70' lang='lat' dir='ltr'>suasura.</span> <span class='ocrx_word' id='word_1_251' title='bbox 1083 2993 1197 3046; x_wconf 83' lang='lat' dir='ltr'>Carolus</span> <span class='ocrx_word' id='word_1_252' title='bbox 1217 2991 1254 3046; x_wconf 89' lang='grc' dir='ltr'>ΙΙ.</span> <span class='ocrx_word' id='word_1_253' title='bbox 1273 3010 1322 3046; x_wconf 86' lang='lat' dir='ltr'>rex</span> <span class='ocrx_word' id='word_1_254' title='bbox 1340 2991 1452 3047; x_wconf 84' lang='lat' dir='ltr'>Siciliae</span> <span class='ocrx_word' id='word_1_255' title='bbox 1467 2994 1557 3062; x_wconf 85' lang='lat' dir='ltr'>justi-</span> 
     </span>
    </p>
   </div>
   <div class='ocr_carea' id='block_1_7' title="bbox 300 3069 1661 3155">
    <p class='ocr_par' dir='ltr' id='par_1_11' title="bbox 300 3069 1661 3155">
     <span class='ocr_line' id='line_1_29' title="bbox 300 3069 1661 3155; baseline -0.004 -14"><span class='ocrx_word' id='word_1_256' title='bbox 300 3089 380 3142; x_wconf 89' lang='lat' dir='ltr'>tiario</span> <span class='ocrx_word' id='word_1_257' title='bbox 400 3087 572 3155; x_wconf 84' lang='lat' dir='ltr'>capitanatae</span> <span class='ocrx_word' id='word_1_258' title='bbox 590 3082 747 3152; x_wconf 87' lang='lat' dir='ltr'>provinciae</span> <span class='ocrx_word' id='word_1_259' title='bbox 772 3081 849 3134; x_wconf 90' lang='lat' dir='ltr'>iubet</span> <span class='ocrx_word' id='word_1_260' title='bbox 877 3085 908 3134; x_wconf 93' lang='lat' dir='ltr'>ut</span> <span class='ocrx_word' id='word_1_261' title='bbox 933 3080 1024 3132; x_wconf 90' lang='lat' dir='ltr'>comiti</span> <span class='ocrx_word' id='word_1_262' title='bbox 1044 3078 1166 3148; x_wconf 84' lang='lat' dir='ltr'>Georgio</span> <span class='ocrx_word' id='word_1_263' title='bbox 1191 3079 1264 3133; x_wconf 87' lang='lat' dir='ltr'>fideli</span> <span class='ocrx_word' id='word_1_264' title='bbox 1289 3095 1340 3133; x_wconf 86' lang='lat' dir='ltr'>auo</span> <span class='ocrx_word' id='word_1_265' title='bbox 1364 3079 1398 3134; x_wconf 88' lang='lat' dir='ltr'>de</span> <span class='ocrx_word' id='word_1_266' title='bbox 1422 3083 1558 3150; x_wconf 87' lang='lat' dir='ltr'>partibus</span> <span class='ocrx_word' id='word_1_267' title='bbox 1660 3069 1661 3072; x_wconf 24' lang='lat'>¹</span> 
     </span>
    </p>
   </div>
   <div class='ocr_carea' id='block_1_8' title="bbox 300 3167 1557 3590">
    <p class='ocr_par' dir='ltr' id='par_1_12' title="bbox 300 3167 1557 3590">
     <span class='ocr_line' id='line_1_30' title="bbox 302 3167 1557 3242; baseline -0.001 -13"><span class='ocrx_word' id='word_1_268' title='bbox 302 3175 473 3238; x_wconf 81' lang='lat' dir='ltr'>Sclavoniue,</span> <span class='ocrx_word' id='word_1_269' title='bbox 493 3173 538 3242; x_wconf 90' lang='lat' dir='ltr'>qui</span> <span class='ocrx_word' id='word_1_270' title='bbox 559 3187 607 3240; x_wconf 88' lang='lat' dir='ltr'>per</span> <span class='ocrx_word' id='word_1_271' title='bbox 626 3171 756 3224; x_wconf 89' lang='lat' dir='ltr'>nuncium</span> <span class='ocrx_word' id='word_1_272' title='bbox 776 3169 895 3222; x_wconf 87' lang='lat' dir='ltr'>nobilem</span> <span class='ocrx_word' id='word_1_273' title='bbox 915 3169 1003 3221; x_wconf 82' lang='lat' dir='ltr'>virum</span> <span class='ocrx_word' id='word_1_274' title='bbox 1026 3167 1183 3222; x_wconf 87' lang='lat' dir='ltr'>Jolrannem</span> <span class='ocrx_word' id='word_1_275' title='bbox 1203 3167 1237 3222; x_wconf 89' lang='lat' dir='ltr'>de</span> <span class='ocrx_word' id='word_1_276' title='bbox 1254 3168 1362 3222; x_wconf 77' lang='lat' dir='ltr'>Jacobo</span> <span class='ocrx_word' id='word_1_277' title='bbox 1379 3179 1557 3240; x_wconf 85' lang='lat' dir='ltr'>conquestus</span> 
     </span>
     <span class='ocr_line' id='line_1_31' title="bbox 301 3255 1557 3332; baseline -0.003 -15"><span class='ocrx_word' id='word_1_278' title='bbox 301 3271 352 3328; x_wconf 83' lang='lat' dir='ltr'>est,</span> <span class='ocrx_word' id='word_1_279' title='bbox 373 3260 448 3332; x_wconf 88' lang='lat' dir='ltr'>quod</span> <span class='ocrx_word' id='word_1_280' title='bbox 469 3261 624 3312; x_wconf 81' lang='lat' dir='ltr'>Damianos</span> <span class='ocrx_word' id='word_1_281' title='bbox 643 3257 676 3310; x_wconf 86' lang='lat' dir='ltr'>do</span> <span class='ocrx_word' id='word_1_282' title='bbox 695 3257 837 3324; x_wconf 76' lang='lat' dir='ltr'>Tragurio,</span> <span class='ocrx_word' id='word_1_283' title='bbox 851 3257 897 3324; x_wconf 91' lang='lat' dir='ltr'>qui</span> <span class='ocrx_word' id='word_1_284' title='bbox 917 3257 944 3308; x_wconf 91' lang='lat' dir='ltr'>in</span> <span class='ocrx_word' id='word_1_285' title='bbox 964 3255 1066 3308; x_wconf 84' lang='lat' dir='ltr'>vasello</span> <span class='ocrx_word' id='word_1_286' title='bbox 1079 3255 1166 3324; x_wconf 90' lang='lat' dir='ltr'>ipsius</span> <span class='ocrx_word' id='word_1_287' title='bbox 1179 3255 1288 3309; x_wconf 89' lang='lat' dir='ltr'>comitis</span> <span class='ocrx_word' id='word_1_288' title='bbox 1302 3255 1387 3310; x_wconf 83' lang='lat' dir='ltr'>redrrx</span> <span class='ocrx_word' id='word_1_289' title='bbox 1402 3273 1464 3310; x_wconf 88' lang='lat' dir='ltr'>cum</span> <span class='ocrx_word' id='word_1_290' title='bbox 1479 3275 1557 3314; x_wconf 89' lang='lat' dir='ltr'>mer-</span> 
     </span>
     <span class='ocr_line' id='line_1_32' title="bbox 301 3341 1556 3417; baseline -0.002 -14"><span class='ocrx_word' id='word_1_291' title='bbox 301 3351 381 3404; x_wconf 88' lang='lat' dir='ltr'>cibus</span> <span class='ocrx_word' id='word_1_292' title='bbox 401 3366 436 3402; x_wconf 85' lang='lat' dir='ltr'>ex</span> <span class='ocrx_word' id='word_1_293' title='bbox 454 3348 577 3417; x_wconf 86' lang='lat' dir='ltr'>Aprueio</span> <span class='ocrx_word' id='word_1_294' title='bbox 597 3361 690 3408; x_wconf 82' lang='lat' dir='ltr'>„inore</span> <span class='ocrx_word' id='word_1_295' title='bbox 715 3345 845 3414; x_wconf 85' lang='lat' dir='ltr'>piratieo“</span> <span class='ocrx_word' id='word_1_296' title='bbox 872 3345 900 3396; x_wconf 93' lang='lat' dir='ltr'>in</span> <span class='ocrx_word' id='word_1_297' title='bbox 925 3344 981 3396; x_wconf 89' lang='lat' dir='ltr'>alto</span> <span class='ocrx_word' id='word_1_298' title='bbox 1007 3343 1124 3396; x_wconf 86' lang='lat' dir='ltr'>marisa</span> <span class='ocrx_word' id='word_1_299' title='bbox 1148 3343 1288 3396; x_wconf 75' lang='lat' dir='ltr'>nonnullis</span> <span class='ocrx_word' id='word_1_300' title='bbox 1313 3341 1473 3398; x_wconf 91' lang='lat' dir='ltr'>hominibus</span> <span class='ocrx_word' id='word_1_301' title='bbox 1501 3345 1556 3400; x_wconf 86' lang='lat' dir='ltr'>Te-</span> 
     </span>
     <span class='ocr_line' id='line_1_33' title="bbox 302 3430 1556 3502; baseline -0.002 -12"><span class='ocrx_word' id='word_1_302' title='bbox 302 3437 438 3490; x_wconf 88' lang='lat' dir='ltr'>mulanrm</span> <span class='ocrx_word' id='word_1_303' title='bbox 467 3451 529 3488; x_wconf 90' lang='lat' dir='ltr'>curn</span> <span class='ocrx_word' id='word_1_304' title='bbox 555 3434 667 3502; x_wconf 75' lang='lat' dir='ltr'>gallono</span> <span class='ocrx_word' id='word_1_305' title='bbox 691 3439 797 3486; x_wconf 89' lang='lat' dir='ltr'>armato</span> <span class='ocrx_word' id='word_1_306' title='bbox 821 3431 956 3500; x_wconf 83' lang='lat' dir='ltr'>spoliatus</span> <span class='ocrx_word' id='word_1_307' title='bbox 982 3430 1034 3483; x_wconf 86' lang='lat' dir='ltr'>fuit</span> <span class='ocrx_word' id='word_1_308' title='bbox 1056 3431 1201 3496; x_wconf 87' lang='lat' dir='ltr'>mercibus,</span> <span class='ocrx_word' id='word_1_309' title='bbox 1227 3431 1385 3484; x_wconf 88' lang='lat' dir='ltr'>convocatis</span> <span class='ocrx_word' id='word_1_310' title='bbox 1414 3436 1556 3501; x_wconf 85' lang='lat' dir='ltr'>patronis,</span> 
     </span>
     <span class='ocr_line' id='line_1_34' title="bbox 300 3517 1555 3590; baseline -0.002 -12"><span class='ocrx_word' id='word_1_311' title='bbox 300 3525 430 3578; x_wconf 90' lang='lat' dir='ltr'>nauclero</span> <span class='ocrx_word' id='word_1_312' title='bbox 460 3531 487 3576; x_wconf 89' lang='lat' dir='ltr'>et</span> <span class='ocrx_word' id='word_1_313' title='bbox 515 3521 655 3590; x_wconf 81' lang='lat' dir='ltr'>aliquibus</span> <span class='ocrx_word' id='word_1_314' title='bbox 682 3521 841 3573; x_wconf 88' lang='lat' dir='ltr'>marenariis</span> <span class='ocrx_word' id='word_1_315' title='bbox 866 3518 969 3587; x_wconf 79' lang='lat' dir='ltr'>galloni</span> <span class='ocrx_word' id='word_1_316' title='bbox 995 3517 1136 3588; x_wconf 81' lang='lat' dir='ltr'>praedicti,</span> <span class='ocrx_word' id='word_1_317' title='bbox 1161 3518 1320 3584; x_wconf 83' lang='lat' dir='ltr'>satisfaciat,</span> <span class='ocrx_word' id='word_1_318' title='bbox 1345 3524 1555 3590; x_wconf 72' lang='lat' dir='ltr'>retentumque</span> 
     </span>
    </p>
   </div>
   <div class='ocr_carea' id='block_1_9' title="bbox 300 3610 852 3766">
    <p class='ocr_par' dir='ltr' id='par_1_13' title="bbox 300 3610 852 3766">
     <span class='ocr_line' id='line_1_35' title="bbox 300 3610 627 3665; baseline -0.009 0"><span class='ocrx_word' id='word_1_319' title='bbox 300 3613 391 3665; x_wconf 87' lang='lat' dir='ltr'>navim</span> <span class='ocrx_word' id='word_1_320' title='bbox 409 3611 516 3664; x_wconf 86' lang='lat' dir='ltr'>restitui</span> <span class='ocrx_word' id='word_1_321' title='bbox 536 3610 627 3662; x_wconf 89' lang='lat' dir='ltr'>saciat.</span> 
     </span>
     <span class='ocr_line' id='line_1_36' title="bbox 352 3695 852 3766; baseline -0.014 -14"><span class='ocrx_word' id='word_1_322' title='bbox 352 3700 440 3752; x_wconf 47' lang='lat' dir='ltr'>irrata</span> <span class='ocrx_word' id='word_1_323' title='bbox 460 3715 493 3750; x_wconf 70' lang='lat' dir='ltr'>ru</span> <span class='ocrx_word' id='word_1_324' title='bbox 511 3697 583 3766; x_wconf 75' lang='lat' dir='ltr'>poej.</span> <span class='ocrx_word' id='word_1_325' title='bbox 598 3695 700 3764; x_wconf 70' lang='lat' dir='ltr'>jaqad.</span> <span class='ocrx_word' id='word_1_326' title='bbox 724 3696 789 3748; x_wconf 67' lang='lat' dir='ltr'>VH.</span> <span class='ocrx_word' id='word_1_327' title='bbox 807 3698 852 3747; x_wconf 78' lang='lat'>26.</span> 
     </span>
    </p>
   </div>
   <div class='ocr_carea' id='block_1_10' title="bbox 297 3823 1554 4432">
    <p class='ocr_par' dir='ltr' id='par_1_14' title="bbox 297 3823 1554 4432">
     <span class='ocr_line' id='line_1_37' title="bbox 351 3823 1554 3904; baseline -0.002 -13"><span class='ocrx_word' id='word_1_328' title='bbox 351 3835 566 3892; x_wconf 83' lang='lat' dir='ltr'>MDXXXVII.</span> <span class='ocrx_word' id='word_1_329' title='bbox 587 3839 663 3888; x_wconf 78' lang='grc'><em>1293.</em></span> <span class='ocrx_word' id='word_1_330' title='bbox 682 3834 808 3888; x_wconf 84' lang='lat' dir='ltr'>Andreas</span> <span class='ocrx_word' id='word_1_331' title='bbox 826 3833 879 3888; x_wconf 92' lang='lat' dir='ltr'>Ill.</span> <span class='ocrx_word' id='word_1_332' title='bbox 900 3851 946 3886; x_wconf 82' lang='lat' dir='ltr'>rex</span> <span class='ocrx_word' id='word_1_333' title='bbox 967 3834 1098 3898; x_wconf 87' lang='lat' dir='ltr'>notificat,</span> <span class='ocrx_word' id='word_1_334' title='bbox 1118 3833 1192 3903; x_wconf 88' lang='lat' dir='ltr'>qnod</span> <span class='ocrx_word' id='word_1_335' title='bbox 1216 3823 1280 3888; x_wconf 90' lang='lat' dir='ltr'>cum</span> <span class='ocrx_word' id='word_1_336' title='bbox 1300 3833 1328 3888; x_wconf 92' lang='lat' dir='ltr'>in</span> <span class='ocrx_word' id='word_1_337' title='bbox 1347 3834 1457 3888; x_wconf 83' lang='lat' dir='ltr'>culmen</span> <span class='ocrx_word' id='word_1_338' title='bbox 1478 3838 1554 3904; x_wconf 68' lang='lat' dir='ltr'>reni-</span> 
     </span>
     <span class='ocr_line' id='line_1_38' title="bbox 299 3921 1553 3994; baseline -0.001 -15"><span class='ocrx_word' id='word_1_339' title='bbox 299 3927 381 3978; x_wconf 91' lang='lat' dir='ltr'>minis</span> <span class='ocrx_word' id='word_1_340' title='bbox 401 3927 476 3994; x_wconf 87' lang='lat' dir='ltr'>regni</span> <span class='ocrx_word' id='word_1_341' title='bbox 496 3925 593 3990; x_wconf 76' lang='lat' dir='ltr'>Hung.</span> <span class='ocrx_word' id='word_1_342' title='bbox 614 3923 790 3976; x_wconf 75' lang='lat' dir='ltr'>successisset</span> <span class='ocrx_word' id='word_1_343' title='bbox 809 3924 866 3975; x_wconf 87' lang='lat' dir='ltr'>iure</span> <span class='ocrx_word' id='word_1_344' title='bbox 881 3930 907 3975; x_wconf 91' lang='lat' dir='ltr'>et</span> <span class='ocrx_word' id='word_1_345' title='bbox 922 3921 1016 3974; x_wconf 87' lang='lat' dir='ltr'>ordine</span> <span class='ocrx_word' id='word_1_346' title='bbox 1029 3921 1172 3988; x_wconf 79' lang='lat' dir='ltr'>geniturae</span> <span class='ocrx_word' id='word_1_347' title='bbox 1185 3928 1213 3975; x_wconf 89' lang='lat' dir='ltr'>et</span> <span class='ocrx_word' id='word_1_348' title='bbox 1226 3921 1385 3976; x_wconf 88' lang='lat' dir='ltr'>solemniter</span> <span class='ocrx_word' id='word_1_349' title='bbox 1397 3933 1553 3978; x_wconf 83' lang='lat' dir='ltr'>coronatus</span> 
     </span>
     <span class='ocr_line' id='line_1_39' title="bbox 299 4008 1552 4076; baseline -0.002 -9"><span class='ocrx_word' id='word_1_350' title='bbox 299 4015 404 4074; x_wconf 85' lang='lat' dir='ltr'>suisset,</span> <span class='ocrx_word' id='word_1_351' title='bbox 424 4029 515 4066; x_wconf 84' lang='lat' dir='ltr'>comes</span> <span class='ocrx_word' id='word_1_352' title='bbox 533 4011 684 4076; x_wconf 85' lang='lat' dir='ltr'>Johanncs,</span> <span class='ocrx_word' id='word_1_353' title='bbox 705 4010 777 4062; x_wconf 87' lang='lat' dir='ltr'>tilius</span> <span class='ocrx_word' id='word_1_354' title='bbox 795 4010 872 4062; x_wconf 78' lang='lat' dir='ltr'>Junlr</span> <span class='ocrx_word' id='word_1_355' title='bbox 893 4010 1008 4075; x_wconf 86' lang='lat' dir='ltr'>comitis,</span> <span class='ocrx_word' id='word_1_356' title='bbox 1027 4008 1128 4062; x_wconf 87' lang='lat' dir='ltr'>nobilis</span> <span class='ocrx_word' id='word_1_357' title='bbox 1142 4009 1351 4062; x_wconf 80' lang='lat' dir='ltr'>ultradravanus</span> <span class='ocrx_word' id='word_1_358' title='bbox 1370 4009 1552 4064; x_wconf 80' lang='lat' dir='ltr'>fidelissimos</span> 
     </span>
     <span class='ocr_line' id='line_1_40' title="bbox 298 4096 1552 4171; baseline -0.002 -16"><span class='ocrx_word' id='word_1_359' title='bbox 298 4119 407 4171; x_wconf 86' lang='lat' dir='ltr'>semper</span> <span class='ocrx_word' id='word_1_360' title='bbox 425 4111 452 4154; x_wconf 89' lang='lat' dir='ltr'>et</span> <span class='ocrx_word' id='word_1_361' title='bbox 471 4101 573 4168; x_wconf 85' lang='lat' dir='ltr'>abique</span> <span class='ocrx_word' id='word_1_362' title='bbox 592 4097 725 4169; x_wconf 87' lang='lat' dir='ltr'>impendit</span> <span class='ocrx_word' id='word_1_363' title='bbox 745 4097 893 4151; x_wconf 75' lang='lat' dir='ltr'>famulatus</span> <span class='ocrx_word' id='word_1_364' title='bbox 912 4113 967 4150; x_wconf 88' lang='lat' dir='ltr'>non</span> <span class='ocrx_word' id='word_1_365' title='bbox 988 4096 1125 4166; x_wconf 86' lang='lat' dir='ltr'>parcendo</span> <span class='ocrx_word' id='word_1_366' title='bbox 1144 4097 1226 4150; x_wconf 89' lang='lat' dir='ltr'>rebus</span> <span class='ocrx_word' id='word_1_367' title='bbox 1244 4113 1296 4150; x_wconf 90' lang='lat' dir='ltr'>nec</span> <span class='ocrx_word' id='word_1_368' title='bbox 1315 4111 1456 4166; x_wconf 87' lang='lat' dir='ltr'>personae.</span> <span class='ocrx_word' id='word_1_369' title='bbox 1478 4098 1552 4152; x_wconf 85' lang='lat' dir='ltr'>Cae-</span> 
     </span>
     <span class='ocr_line' id='line_1_41' title="bbox 297 4183 1550 4254; baseline -0.002 -12"><span class='ocrx_word' id='word_1_370' title='bbox 297 4195 387 4244; x_wconf 90' lang='lat' dir='ltr'>terum</span> <span class='ocrx_word' id='word_1_371' title='bbox 406 4206 469 4242; x_wconf 91' lang='lat' dir='ltr'>cum</span> <span class='ocrx_word' id='word_1_372' title='bbox 489 4197 583 4242; x_wconf 86' lang='lat' dir='ltr'>contra</span> <span class='ocrx_word' id='word_1_373' title='bbox 602 4187 746 4240; x_wconf 87' lang='lat' dir='ltr'>Albertum</span> <span class='ocrx_word' id='word_1_374' title='bbox 766 4185 864 4238; x_wconf 82' lang='lat' dir='ltr'>duceni</span> <span class='ocrx_word' id='word_1_375' title='bbox 884 4187 1012 4238; x_wconf 84' lang='lat' dir='ltr'>Austriae</span> <span class='ocrx_word' id='word_1_376' title='bbox 1031 4193 1058 4238; x_wconf 92' lang='lat' dir='ltr'>et</span> <span class='ocrx_word' id='word_1_377' title='bbox 1078 4183 1184 4253; x_wconf 83' lang='lat' dir='ltr'>Styriae</span> <span class='ocrx_word' id='word_1_378' title='bbox 1197 4191 1263 4238; x_wconf 89' lang='lat' dir='ltr'>tunc</span> <span class='ocrx_word' id='word_1_379' title='bbox 1277 4184 1421 4254; x_wconf 84' lang='lat' dir='ltr'>capitalem</span> <span class='ocrx_word' id='word_1_380' title='bbox 1435 4185 1550 4241; x_wconf 85' lang='lat' dir='ltr'>hostem</span> 
     </span>
     <span class='ocr_line' id='line_1_42' title="bbox 298 4271 1551 4344; baseline -0.001 -14"><span class='ocrx_word' id='word_1_381' title='bbox 298 4293 378 4330; x_wconf 82' lang='lat' dir='ltr'>srrrrtn</span> <span class='ocrx_word' id='word_1_382' title='bbox 398 4283 424 4330; x_wconf 90' lang='lat' dir='ltr'>ct</span> <span class='ocrx_word' id='word_1_383' title='bbox 444 4275 520 4344; x_wconf 81' lang='lat' dir='ltr'>regni</span> <span class='ocrx_word' id='word_1_384' title='bbox 539 4275 681 4328; x_wconf 87' lang='lat' dir='ltr'>inimicum</span> <span class='ocrx_word' id='word_1_385' title='bbox 701 4281 851 4326; x_wconf 86' lang='lat' dir='ltr'>convocato</span> <span class='ocrx_word' id='word_1_386' title='bbox 875 4274 997 4326; x_wconf 85' lang='lat' dir='ltr'>exercitu</span> <span class='ocrx_word' id='word_1_387' title='bbox 1025 4273 1145 4341; x_wconf 81' lang='lat' dir='ltr'>gerrcrali</span> <span class='ocrx_word' id='word_1_388' title='bbox 1177 4289 1226 4341; x_wconf 87' lang='lat' dir='ltr'>pro</span> <span class='ocrx_word' id='word_1_389' title='bbox 1251 4271 1418 4344; x_wconf 82' lang='lat' dir='ltr'>repulsanda</span> <span class='ocrx_word' id='word_1_390' title='bbox 1445 4273 1551 4328; x_wconf 85' lang='lat' dir='ltr'>iniuria</span> 
     </span>
     <span class='ocr_line' id='line_1_43' title="bbox 298 4359 1552 4432; baseline -0.002 -15"><span class='ocrx_word' id='word_1_391' title='bbox 298 4382 382 4432; x_wconf 73' lang='lat' dir='ltr'>reguo</span> <span class='ocrx_word' id='word_1_392' title='bbox 402 4365 478 4417; x_wconf 88' lang='lat' dir='ltr'>illata</span> <span class='ocrx_word' id='word_1_393' title='bbox 497 4363 683 4432; x_wconf 71' lang='lat' dir='ltr'>processisset,</span> <span class='ocrx_word' id='word_1_394' title='bbox 702 4361 773 4414; x_wconf 85' lang='lat' dir='ltr'>idern</span> <span class='ocrx_word' id='word_1_395' title='bbox 789 4377 881 4413; x_wconf 75' lang='lat' dir='ltr'>cinnes</span> <span class='ocrx_word' id='word_1_396' title='bbox 894 4360 1035 4413; x_wconf 82' lang='lat' dir='ltr'>¹lohannes</span> <span class='ocrx_word' id='word_1_397' title='bbox 1054 4360 1083 4412; x_wconf 91' lang='lat' dir='ltr'>in</span> <span class='ocrx_word' id='word_1_398' title='bbox 1103 4360 1308 4428; x_wconf 78' lang='lat' dir='ltr'>expugnatione</span> <span class='ocrx_word' id='word_1_399' title='bbox 1330 4360 1410 4412; x_wconf 89' lang='lat' dir='ltr'>castri</span> <span class='ocrx_word' id='word_1_400' title='bbox 1432 4359 1552 4415; x_wconf 85' lang='lat' dir='ltr'>Vorlter</span> 
     </span>
    </p>
   </div>
   <div class='ocr_carea' id='block_1_11' title="bbox 296 4445 1550 4780">
    <p class='ocr_par' dir='ltr' id='par_1_15' title="bbox 296 4445 1550 4780">
     <span class='ocr_line' id='line_1_44' title="bbox 297 4445 1550 4505; baseline -0.003 -1"><span class='ocrx_word' id='word_1_401' title='bbox 297 4453 414 4505; x_wconf 88' lang='lat' dir='ltr'>letaliter</span> <span class='ocrx_word' id='word_1_402' title='bbox 434 4453 524 4504; x_wconf 89' lang='lat' dir='ltr'>extitit</span> <span class='ocrx_word' id='word_1_403' title='bbox 543 4451 708 4502; x_wconf 75' lang='lat' dir='ltr'>i&#39;rrlneratus.</span> <span class='ocrx_word' id='word_1_404' title='bbox 730 4448 829 4500; x_wconf 84' lang='lat' dir='ltr'>Adbuc</span> <span class='ocrx_word' id='word_1_405' title='bbox 846 4464 907 4499; x_wconf 81' lang='lat' dir='ltr'>cum</span> <span class='ocrx_word' id='word_1_406' title='bbox 927 4447 1000 4500; x_wconf 88' lang='lat' dir='ltr'>idern</span> <span class='ocrx_word' id='word_1_407' title='bbox 1020 4463 1112 4498; x_wconf 80' lang='lat' dir='ltr'>cantes</span> <span class='ocrx_word' id='word_1_408' title='bbox 1127 4446 1160 4498; x_wconf 90' lang='lat' dir='ltr'>de</span> <span class='ocrx_word' id='word_1_409' title='bbox 1174 4445 1307 4498; x_wconf 84' lang='lat' dir='ltr'>fidelitate</span> <span class='ocrx_word' id='word_1_410' title='bbox 1320 4461 1437 4498; x_wconf 85' lang='lat' dir='ltr'>coronae</span> <span class='ocrx_word' id='word_1_411' title='bbox 1451 4445 1550 4500; x_wconf 80' lang='lat' dir='ltr'>debita</span> 
     </span>
     <span class='ocr_line' id='line_1_45' title="bbox 296 4533 1548 4604; baseline -0.005 -12"><span class='ocrx_word' id='word_1_412' title='bbox 296 4539 455 4593; x_wconf 84' lang='lat' dir='ltr'>nullatenus</span> <span class='ocrx_word' id='word_1_413' title='bbox 474 4539 605 4590; x_wconf 80' lang='lat' dir='ltr'>rolmssct</span> <span class='ocrx_word' id='word_1_414' title='bbox 625 4537 736 4599; x_wconf 88' lang='lat' dir='ltr'>resilire,</span> <span class='ocrx_word' id='word_1_415' title='bbox 755 4537 846 4604; x_wconf 88' lang='lat' dir='ltr'>ipsum</span> <span class='ocrx_word' id='word_1_416' title='bbox 867 4535 978 4603; x_wconf 86' lang='lat' dir='ltr'>quidam</span> <span class='ocrx_word' id='word_1_417' title='bbox 998 4534 1031 4587; x_wconf 77' lang='lat' dir='ltr'>tle</span> <span class='ocrx_word' id='word_1_418' title='bbox 1051 4534 1204 4603; x_wconf 84' lang='lat' dir='ltr'>potioribus</span> <span class='ocrx_word' id='word_1_419' title='bbox 1223 4533 1300 4602; x_wconf 85' lang='lat' dir='ltr'>regni</span> <span class='ocrx_word' id='word_1_420' title='bbox 1321 4541 1362 4586; x_wconf 85' lang='lat' dir='ltr'>est</span> <span class='ocrx_word' id='word_1_421' title='bbox 1381 4539 1548 4601; x_wconf 84' lang='lat' dir='ltr'>persecutus</span> 
     </span>
     <span class='ocr_line' id='line_1_46' title="bbox 297 4619 1548 4693; baseline -0.003 -15"><span class='ocrx_word' id='word_1_422' title='bbox 297 4627 325 4678; x_wconf 89' lang='lat' dir='ltr'>in</span> <span class='ocrx_word' id='word_1_423' title='bbox 345 4625 518 4677; x_wconf 81' lang='lat' dir='ltr'>destruendis</span> <span class='ocrx_word' id='word_1_424' title='bbox 538 4623 757 4693; x_wconf 81' lang='lat' dir='ltr'>possessionibus</span> <span class='ocrx_word' id='word_1_425' title='bbox 785 4624 850 4688; x_wconf 86' lang='lat' dir='ltr'>suis,</span> <span class='ocrx_word' id='word_1_426' title='bbox 876 4621 1069 4675; x_wconf 89' lang='lat' dir='ltr'>comburendis</span> <span class='ocrx_word' id='word_1_427' title='bbox 1094 4627 1122 4674; x_wconf 86' lang='lat' dir='ltr'>et</span> <span class='ocrx_word' id='word_1_428' title='bbox 1147 4621 1258 4691; x_wconf 86' lang='lat' dir='ltr'>populis</span> <span class='ocrx_word' id='word_1_429' title='bbox 1286 4621 1343 4673; x_wconf 87' lang='lat' dir='ltr'>suis</span> <span class='ocrx_word' id='word_1_430' title='bbox 1367 4619 1548 4690; x_wconf 79' lang='lat' dir='ltr'>aufugandis.</span> 
     </span>
     <span class='ocr_line' id='line_1_47' title="bbox 298 4707 1546 4780; baseline -0.001 -16"><span class='ocrx_word' id='word_1_431' title='bbox 298 4711 435 4778; x_wconf 80' lang='lat' dir='ltr'>Quocirca</span> <span class='ocrx_word' id='word_1_432' title='bbox 454 4711 580 4766; x_wconf 90' lang='lat' dir='ltr'>concedit</span> <span class='ocrx_word' id='word_1_433' title='bbox 599 4711 638 4763; x_wconf 95' lang='lat' dir='ltr'>illi</span> <span class='ocrx_word' id='word_1_434' title='bbox 659 4727 714 4776; x_wconf 84' lang='lat' dir='ltr'>rex,</span> <span class='ocrx_word' id='word_1_435' title='bbox 734 4719 765 4764; x_wconf 89' lang='lat' dir='ltr'>ut</span> <span class='ocrx_word' id='word_1_436' title='bbox 783 4711 880 4780; x_wconf 90' lang='lat' dir='ltr'>populi</span> <span class='ocrx_word' id='word_1_437' title='bbox 893 4711 952 4780; x_wconf 88' lang='lat' dir='ltr'>ejus</span> <span class='ocrx_word' id='word_1_438' title='bbox 966 4709 1111 4763; x_wconf 87' lang='lat' dir='ltr'>collectam</span> <span class='ocrx_word' id='word_1_439' title='bbox 1128 4709 1343 4762; x_wconf 88' lang='lat' dir='ltr'>marturinarum</span> <span class='ocrx_word' id='word_1_440' title='bbox 1356 4713 1383 4761; x_wconf 90' lang='lat' dir='ltr'>et</span> <span class='ocrx_word' id='word_1_441' title='bbox 1396 4707 1546 4763; x_wconf 80' lang='lat' dir='ltr'>collectam</span> 
     </span>
    </p>
   </div>
   <div class='ocr_carea' id='block_1_12' title="bbox 0 0 1692 5350">
    <p class='ocr_par' dir='ltr' id='par_1_16' title="bbox 0 0 1692 5350">
     <span class='ocr_line' id='line_1_48' title="bbox 0 0 1692 5350; baseline 0 3"><span class='ocrx_word' id='word_1_442' title='bbox 0 0 1692 5350; x_wconf 95' lang='lat' dir='ltr'> </span> 
     </span>
    </p>
   </div>
  </div>
 </body>
</html>
