3544 5344
370 402 413 466 76
871 419 890 456 ι.
915 407 1113 474 aerumans,

371 589 520 644 dictionem
539 587 659 656 aliquam
679 601 805 640 exercere
824 591 991 656 praesumat,
1004 601 1038 638 ex
1052 591 1129 654 parte
1142 601 1209 638 rom.
1224 585 1361 655 pontificis
1373 584 1495 640 districto
1508 585 1619 642 studeat

371 676 503 732 inhibere.

426 763 554 818 Farloti:
573 761 655 831 Illyr.
675 777 746 815 sacr.
768 761 797 814 Τ.
821 759 885 816 VII.
901 775 931 828 p.
956 765 1018 814 548.
1046 759 1176 814 Thana.-
1194 761 1268 814 Mon.
1290 765 1339 815 vet.
1359 763 1451 829 Hanp.
1471 764 1493 829 1,
1510 775 1538 829 p.
1558 764 1619 814 103.

426 851 536 906 OOLX.
555 850 692 918 dederas,
711 851 754 901 11.
773 849 885 916 Aprilis
903 852 980 903 1232.
998 847 1183 918 Temporibus
1201 847 1280 902 ducis
1301 847 1483 904 venetiarum
1499 848 1619 902 ioannis

371 939 525 1010 Therapolo,
550 935 749 1007 archiepiscopi
770 933 910 1006 jadrensis
934 934 1072 990 Johannis
1098 941 1125 989 et
1147 935 1255 990 comitis
1339 935 1438 990 Petrus
1459 935 1494 990 de
1521 943 1619 990 sancto

372 1025 501 1096 Georgia
520 1023 626 1078 habeus
645 1023 868 1077 commissionem
887 1040 903 1076 a
922 1021 1070 1090 Bonsegno
1089 1021 1260 1094 percipiendi
1278 1022 1314 1077 ab
1333 1023 1445 1078 Andrea
1463 1023 1498 1078 de
1511 1024 1619 1078 Petrizo

372 1113 511 1184 quandam
531 1111 717 1184 pecuniariam
736 1127 874 1164 summam
892 1125 942 1180 pro
962 1108 1059 1164 eodem
1080 1109 1237 1180 Bonsegno,
1264 1117 1313 1165 aut
1331 1117 1435 1165 cartam
1454 1111 1618 1178 securitatis,

372 1202 482 1266 fatetur,
502 1199 577 1270 quod
596 1199 732 1269 acceperit
750 1216 767 1252 a
785 1197 859 1252 dicto
877 1195 989 1252 Andrea
1007 1197 1091 1252 libras
1105 1197 1280 1252 denariorum
1292 1199 1480 1254 veneticorum
1499 1197 1618 1268 quadra·

373 1290 458 1360 ginta,
487 1305 570 1342 unam
598 1287 697 1351 minus,
725 1285 854 1340 denarios
881 1283 977 1339 decem
1004 1291 1033 1340 et
1057 1291 1128 1350 octo,
1154 1291 1181 1339 et
1205 1285 1349 1340 confirmat
1374 1285 1426 1340 hoc
1453 1303 1516 1340 cum
1543 1293 1620 1342 carta

373 1377 535 1432 securitatis.
554 1373 751 1429 Praesentibus
769 1372 886 1428 testibus
905 1371 1041 1427 Michaeie
1060 1371 1196 1427 Gastaido
1215 1380 1242 1427 et
1259 1371 1359 1443 Negoy
1378 1373 1490 1444 proprio
1506 1379 1616 1443 nepotc,

373 1463 503 1517 Dumnus
522 1462 634 1516 Martini
661 1461 833 1516 examinator
858 1459 1013 1528 subscribit,
1039 1460 1185 1514 Rainerius
1206 1459 1344 1530 jadrensis
1363 1461 1489 1516 notarius
1514 1465 1619 1515 cartam

373 1551 467 1606 scribit
485 1557 513 1605 st
530 1551 610 1620 signo
629 1557 760 1604 conaveto
779 1547 899 1603 roborat.

426 1641 471 1692 Ex
489 1654 548 1692 areo
570 1637 736 1694 collectione.

427 1725 552 1780 OOLXI.
571 1724 709 1796 Trapnrii
726 1728 771 1778 20.
789 1723 899 1792 Aprilis
918 1726 996 1776 1232.
1016 1723 1153 1793 Tempore
1171 1723 1310 1793 Treguani
1327 1723 1459 1794 episcopi,
1483 1723 1620 1793 Stephani

373 1813 489 1878 comitis,
510 1811 625 1866 Casotto
644 1818 671 1865 et
689 1811 766 1865 Luca
784 1810 934 1865 Theodosii
949 1809 1099 1879 judicibus,
1125 1809 1212 1866 Stans
1230 1827 1301 1866 uxor
1319 1811 1457 1866 Petrissae
1475 1827 1539 1865 cum
1557 1809 1620 1864 filiis

375 1901 432 1954 suis
451 1900 603 1970 profitetur,
623 1915 652 1953 ss
672 1899 827 1970 percepisse
845 1916 862 1952 a
880 1897 993 1952 domino
1013 1899 1143 1968 episcopo
1162 1900 1196 1952 20
1215 1915 1346 1969 perperos
1366 1915 1416 1969 pro
1437 1897 1529 1962 domo,
1548 1914 1620 1966 quae

376 1987 427 2041 tuit
445 1987 494 2040 viri
513 1988 563 2040 sni.
583 1987 642 2042 Sita
661 1993 703 2040 est
720 1985 821 2040 domus
843 1986 921 2038 iuxta
945 1985 1028 2050 illam,
1053 2001 1137 2054 quam
1156 1984 1257 2040 Venna
1278 1985 1379 2041 obtulit
1398 1985 1479 2040 beato
1497 1985 1620 2038 Lauren·

375 2075 422 2128 tio.
450 2075 560 2129 Testes:
591 2073 662 2128 Urso
690 2072 913 2138 archidiaconus,
941 2071 1119 2126 Innocentius
1150 2073 1305 2144 presbyter,
1336 2073 1498 2128 Theodorus
1529 2072 1621 2144 Rugia

375 2167 403 2216 ot
432 2161 505 2214 tiliae
533 2161 606 2214 filius
634 2160 765 2227 Mathaci
791 2159 916 2214 Joannes
940 2159 1050 2228 juratus
1074 2159 1199 2213 notarius
1224 2160 1404 2230 traguriensis
1423 2166 1451 2214 et
1468 2161 1618 2216 canonicus

376 2266 396 2301 s.
417 2249 566 2303 Laurentii.

428 2337 556 2389 h'arlaii:
584 2335 663 2405 liipr.
682 2351 753 2391 sacr.
773 2333 823 2402 IV,
843 2339 903 2390 338.

428 2422 569 2477 CCLXII.
594 2423 874 2492 Quinqusecolssiis,
899 2437 987 2476 meare
1011 2423 1109 2490 Aprili
1136 2427 1213 2477 1232.
1242 2421 1362 2476 Garinus
1391 2424 1565 2492 praepositus
1594 2429 1621 2478 et

375 2517 465 2564 toturn
484 2509 636 2582 capitulum
654 2509 942 2580 quinqueecolesiensc
959 2510 1091 2576 notificat,
1115 2509 1189 2579 quod
1210 2509 1315 2564 Ivanha
1334 2509 1407 2564 filius
1425 2509 1567 2564 Abrabam
1584 2509 1620 2564 dc

375 2615 476 2666 genere
494 2597 589 2652 Sudan
610 2615 644 2652 ex
664 2615 719 2652 una
744 2605 829 2668 parte,
855 2605 883 2652 et
906 2597 1018 2652 Mortun
1044 2605 1071 2653 et
1089 2597 1191 2652 Wolko
1209 2597 1282 2651 iilius
1302 2597 1451 2666 Gordassa,
1472 2597 1621 2654 Christofol

378 2687 449 2740 tilius
467 2687 551 2758 Kyris
575 2695 602 2740 et
626 2687 750 2757 Laurycz
772 2687 845 2740 fiiius
872 2687 982 2756 Mycola
1005 2703 1039 2740 ex
1064 2685 1150 2740 altera
1173 2685 1291 2740 confessi
1317 2686 1379 2752 sint,
1404 2684 1480 2755 qnod
1505 2693 1621 2755 quatvor

377 2775 507 2846 postremi
526 2775 581 2828 iam
599 2774 663 2828 dicti
683 2773 736 2828 sub
754 2775 912 2830 testimonio
931 2781 958 2827 et
975 2773 1118 2828 voluntate
1136 2774 1287 2828 colocensis
1300 2773 1500 2844 archiepiscopi
1518 2779 1617 2826 terram

376 2861 486 2917 Bedech
506 2869 533 2917 et
552 2863 681 2932 Terpycz,
701 2879 773 2932 quae
791 2861 826 2916 ad
845 2863 880 2916 30
898 2867 989 2915 aratra
1007 2860 1188 2932 protenditur,
1207 2860 1315 2914 Ivanka
1334 2860 1389 2914 iilic
1408 2860 1550 2914 Abraham
1569 2878 1619 2931 pro

376 2951 411 3004 rit)
429 2951 527 3004 marcis
556 2949 734 3004 vendiderint.
763 2950 839 3003 Meta
866 2949 961 3018 incipit
987 2949 1016 3002 in
1044 2949 1172 3002 Zelemen
1197 2953 1225 3002 et
1249 2947 1347 3001 subtus
1372 2953 1415 3001 est
1433 2955 1542 3018 puteus,
1570 2948 1617 3016 qui

376 3045 489 3093 vocatur
509 3039 601 3092 Kenez
620 3037 688 3091 kata
712 3045 740 3091 et
767 3037 831 3090 inde
849 3038 928 3090 iuxta
951 3042 1053 3090 terram
1071 3035 1184 3090 Drusko
1203 3034 1238 3088 ad
1257 3035 1357 3100 locum,
1377 3033 1425 3088 ubi
1444 3035 1548 3089 rivulus
1566 3035 1618 3089 Pa-

377 3126 453 3196 pugh
472 3125 545 3179 cudit
563 3127 591 3178 in
611 3124 744 3178 Oirlroniir
757 3142 774 3178 a
789 3131 867 3194 parte
880 3123 993 3178 orientis
1006 3123 1058 3176 sub
1071 3123 1160 3178 Fenes
1173 3121 1257 3176 berek
1270 3127 1297 3176 et
1310 3121 1480 3192 pervenitad
1494 3122 1619 3188 rivulum,

376 3213 423 3284 qui
451 3211 524 3267 eadit
548 3213 575 3265 in
601 3211 735 3266 Cirkonih
760 3219 787 3266 ct
805 3211 842 3266 ibi
870 3217 943 3266 terra
966 3210 1080 3264 Druslro
1105 3209 1198 3264 finitur
1222 3215 1250 3264 et
1273 3215 1455 3264 commetatur
1479 3209 1619 3263 Abrabam

373 3300 531 3370 jobagionis
550 3300 640 3353 castri.
659 3330 692 3339 -
711 3300 764 3354 Per
781 3300 871 3353 vanas
895 3305 983 3352 metas
1006 3297 1130 3368 pervenit
1147 3297 1174 3350 in
1194 3296 1335 3352 occidente
1354 3295 1387 3350 ad
1407 3297 1488 3352 Pales
1507 3296 1619 3368 potolra,

377 3388 451 3440 venit
469 3386 504 3440 ad
524 3387 624 3440 siccam
643 3385 741 3440 vallem
766 3393 793 3440 et
816 3387 843 3440 in
868 3403 970 3454 magno
989 3385 1079 3456 spatio
1104 3384 1139 3438 ad
1159 3385 1287 3440 Zelemen
1306 3393 1333 3438 et
1354 3385 1454 3438 iterum
1471 3385 1499 3438 in
1518 3401 1620 3452 magno

377 3475 467 3544 spatio
487 3473 560 3528 carlit
578 3475 605 3527 in
625 3491 756 3542 magnum
775 3475 862 3544 potok
881 3481 908 3528 et
926 3474 953 3526 in
972 3471 1068 3526 Pulrur
1087 3479 1115 3526 et
1127 3473 1205 3527 iuxta
1217 3479 1338 3527 montem
1352 3473 1491 3542 Suoysam
1503 3473 1530 3526 in
1544 3472 1620 3540 aqui·

376 3562 440 3616 lone
460 3561 494 3614 ad
514 3577 647 3629 magnum
665 3561 801 3626 Zeiemen,
822 3561 869 3614 ubi
887 3565 1069 3614 commetatur
1087 3566 1175 3613 terrae
1188 3560 1311 3629 magistri
1322 3559 1443 3614 Julaeet
1455 3559 1489 3613 ad
1504 3559 1621 3629 primam

378 3654 487 3702 metam.
507 3647 676 3717 Subscripti:
700 3648 837 3716 Georgius
856 3653 960 3712 cautor,
985 3646 1065 3716 Lyka
1088 3651 1191 3713 cristes,
1210 3647 1296 3702 Peths
1314 3645 1435 3701 decanus
1454 3653 1482 3700 et
1499 3646 1620 3700 Thomas

378 3735 462 3789 lector
481 3735 786 3804 quinqueecciesiensis.

438 3821 554 3875 Weasei:
576 3821 640 3876 Ona.
661 3823 729 3889 dipl.
751 3822 855 3890 Arpad.
879 3821 925 3890 VI,
942 3838 970 3890 p.
991 3825 1048 3876 512.

431 3908 587 3962 COLXIIL
607 3909 756 3978 Laterani,
781 3913 825 3963 30.
851 3909 926 3962 Maii
951 3911 1026 3961 1232.
1052 3907 1203 3976 Gregorius
1227 3907 1270 3960 IX
1291 3923 1364 3977 papa
1382 3906 1495 3960 mandat
1512 3905 1621 3961 Jacobo

379 3997 536 4066 prenestino
555 3998 650 4062 electo,
669 3997 839 4066 apostolicae
858 3995 931 4049 sedis
950 3996 1049 4064 legate,
1069 4001 1100 4049 ut
1118 3996 1280 4064 episcopum
1298 3993 1333 4048 ds
1351 3993 1452 4059 Beana,
1472 3995 1527 4063 qui,
1538 3999 1622 4064 prout

378 4103 413 4139 ex
438 4101 569 4154 processu
593 4083 777 4154 inquisitionis
802 4082 925 4136 eiusdem
950 4082 1034 4151 legati
1058 4081 1160 4148 didicit,
1185 4081 1274 4150 legem
1303 4079 1405 4134 Christi
1429 4079 1622 4134 damnabiliter

380 4171 582 4242 praevaricavit,
603 4189 619 4225 a
637 4171 769 4240 regimine
788 4169 919 4224 ecclesiae
938 4175 1072 4236 amoveat,
1092 4176 1120 4225 et
1137 4175 1194 4223 tam
1212 4169 1239 4222 in
1259 4167 1356 4223 eadem
1369 4167 1484 4222 ecelesia
1496 4185 1581 4238 quam
1594 4167 1621 4220 in

379 4259 446 4312 lisois
464 4259 525 4312 aliis
544 4259 689 4314 bosnensis
707 4257 849 4324 dioecesis,
869 4273 941 4326 quae
959 4263 990 4310 ut
1014 4255 1113 4311 dicitur
1130 4273 1185 4312 non
1205 4255 1344 4310 modicum
1363 4262 1405 4310 est
1423 4254 1530 4322 diffusa,
1549 4253 1621 4308 duos

379 4347 420 4400 vei
439 4353 494 4400 tres
513 4355 561 4400 aut
580 4353 706 4416 quatuor,
727 4351 809 4416 prout
831 4342 928 4398 viderit
952 4343 1110 4414 expediens,
1135 4343 1232 4397 doctos
1251 4343 1278 4396 in
1297 4343 1358 4412 lege
1376 4339 1489 4408 domini,
1509 4339 1620 4394 studeat

379 4434 406 4486 in
434 4434 579 4504 episcopos
607 4433 743 4498 ordinare,
771 4432 860 4487 eidem
887 4429 1064 4500 iniungendo,
1093 4437 1124 4484 ut
1150 4447 1212 4484 curn
1237 4429 1406 4484 habitatores
1436 4427 1510 4482 illins
1534 4433 1623 4482 terrae

377 4519 504 4573 dicantur
521 4521 549 4572 in
569 4519 744 4574 facultatibus
762 4526 860 4573 tenues
878 4525 906 4573 et
924 4519 951 4572 in
970 4517 1095 4572 malititia
1112 4517 1271 4587 locupletes,
1291 4517 1339 4587 qui
1358 4533 1408 4587 pro
1421 4531 1523 4584 magna
1541 4521 1619 4584 parte

379 4615 443 4660 sunt
461 4607 553 4661 infecti
572 4607 709 4661 haeretica
728 4607 869 4677 pravitate,
895 4621 942 4659 eos
966 4605 1001 4658 ab
1025 4621 1116 4659 errore
1141 4605 1268 4674 exemplo
1293 4603 1358 4658 boni
1380 4603 1471 4673 operis
1491 4610 1518 4657 et
1536 4601 1620 4655 docu-

379 4703 474 4750 mento
493 4695 627 4748 sermonis
645 4701 762 4748 revocet.

436 4783 566 4837 tbeiaer:
585 4781 663 4836 Mon.
682 4783 775 4851 Haap.
794 4784 817 4850 1,
834 4798 862 4850 p.
883 4785 941 4834 113.
