3544 5344
272 389 315 454 30
769 415 788 457 1.
812 401 1010 472 nmurervrt,

272 593 323 632 sua
348 584 404 633 tres
431 577 529 632 bareos
548 578 730 648 perlongum
748 577 887 644 etlatum‚
906 583 934 634 et
951 579 1064 648 insuper
1090 577 1166 632 addit
1184 578 1241 632 XX
1260 585 1418 634 romanatos
1446 581 1505 634 auri

272 681 322 735 pro
340 664 418 718 linito
436 665 536 734 precio.
554 664 598 718 Illi
617 673 710 718 autem
726 663 795 719 dant
813 665 838 718 ei
856 665 996 736 quandam
1013 665 1122 720 vineam
1139 664 1174 720 dc
1192 665 1250 720 XX
1268 667 1386 722 vretenis
1403 665 1506 722 ibidem

271 751 298 805 in
318 751 400 806 Hilcc
419 749 621 822 possidendam.
641 751 752 806 Testes:
770 751 849 806 Rada
866 751 985 822 Pisaule,
1004 752 1108 808 Bracco
1120 752 1257 824 peliparie.
1282 752 1399 824 Scripsit
1419 753 1505 809 Saba·

271 838 325 892 aius
343 838 497 894 communis
512 839 621 909 juratus
639 839 770 894 notarius.

325 924 399 997 arry.
419 927 450 980 ta
468 926 581 981 archivo
599 927 761 982 monasterii
778 927 805 982 S.
824 927 933 984 Mariae
950 927 1078 984 Jadsrae.

323 1064 384 1120 XO.
409 1068 527 1123 Romae
555 1067 703 1138 Laterani,
726 1071 767 1120 19.
792 1069 892 1124 Martii
914 1071 988 1122 1213.
1014 1067 1191 1124 Innocentius
1215 1067 1260 1122 111
1279 1084 1353 1139 papa
1370 1067 1506 1138 significat

271 1153 393 1224 veglensi
411 1154 551 1225 episcopo,
570 1153 644 1224 quod
664 1171 755 1223 musa
775 1172 846 1225 quae
864 1155 935 1211 inter
953 1173 1017 1210 eum
1034 1161 1062 1210 et
1079 1156 1192 1212 clericos
1209 1156 1292 1210 castri
1310 1155 1430 1210 Masculi
1448 1173 1505 1210 ver·

270 1241 387 1308 tebatur,
406 1257 457 1312 per
474 1241 609 1296 exmissos
627 1241 756 1296 abbatem
773 1242 809 1297 de
826 1243 920 1310 Melta,
940 1243 1088 1314 plebanum
1106 1259 1128 1298 s.
1148 1243 1253 1298 Mariae
1276 1243 1388 1313 majoris
1408 1241 1505 1297 Jader·

271 1329 344 1384 tinae
363 1334 390 1384 et
407 1327 630 1383 archidiaconum
647 1328 804 1399 veglensem
822 1330 976 1402 composita
993 1331 1035 1398 sit,
1055 1331 1102 1400 qui
1120 1329 1210 1386 dictos
1227 1329 1341 1384 clericos
1359 1328 1394 1384 ad
1414 1330 1506 1386 omnia

271 1416 358 1486 petita
375 1414 529 1471 exolvendis
546 1415 572 1470 ei
590 1416 739 1472 sentialiter
757 1415 982 1472 condemnarunt

326 1503 461 1558 Pteiaerr
479 1503 557 1558 Μοπ.
576 1503 651 1560 Slac.
669 1504 764 1559 merid.
783 1507 815 1574 1.,
835 1507 877 1558 16.

323 1625 400 1680 XCI.
427 1626 567 1696 Rivoalti
591 1642 679 1681 masse
697 1627 778 1681 Maio
796 1630 869 1681 1213.
888 1627 987 1682 Petrus
1005 1627 1083 1680 Ziani
1101 1625 1158 1681 dux
1176 1625 1356 1681 venetiarum
1373 1625 1439 1680 facit
1450 1626 1506 1696 ple·

272 1729 337 1767 nam
355 1717 383 1766 et
399 1712 605 1768 irrevocabilem
628 1713 802 1768 securitatem
824 1713 947 1768 Jobanni
970 1714 1092 1783 veglensi
1109 1714 1203 1769 comiti
1221 1719 1248 1769 et
1266 1714 1323 1768 suis
1341 1712 1506 1768 haeredibus

272 1799 308 1854 de
325 1800 461 1866 omnibus,
480 1817 552 1870 quae
570 1800 595 1853 ei
612 1799 678 1856 dare
696 1800 808 1855 tenebat
824 1818 898 1855 anno
915 1807 1054 1856 transacto
1072 1801 1107 1855 ad
1126 1801 1226 1856 festum
1245 1817 1266 1855 s.
1286 1800 1435 1867 Michaelis,
1448 1805 1506 1854 tam

272 1905 323 1958 pro
341 1887 450 1956 regaliis
468 1903 552 1956 qnam
569 1904 620 1958 pro
638 1888 769 1942 comitatu
792 1887 900 1956 Veglae
923 1895 951 1942 et
967 1888 1074 1943 insulae
1091 1889 1176 1943 totius
1194 1895 1277 1958 atque
1295 1905 1346 1958 pro
1363 1888 1453 1942 insula
1471 1886 1506 1941 de

272 1973 389 2040 Perviki,
408 1973 560 2030 secundum
578 1980 682 2029 cartam
699 1975 896 2045 promissionis,
915 1992 999 2045 quam
1017 1975 1119 2030 fecerat
1136 1976 1255 2031 Rivoalti
1273 1975 1412 2029 Henricus
1430 1974 1505 2028 Dan·

272 2059 339 2114 dulc
357 2078 430 2116 anno
449 2063 524 2115 1199.
543 2077 638 2116 mense
656 2061 756 2133 aprilis.
776 2061 806 2116 Si
824 2067 917 2116 autem
936 2079 1058 2132 unquam
1075 2069 1170 2117 contra
1188 2063 1259 2117 hauc
1271 2069 1374 2117 cartam
1389 2067 1506 2117 tentaret

273 2164 438 2218 componere
461 2147 572 2218 aliquid,
597 2147 655 2204 dux
680 2149 802 2219 promitit
825 2150 917 2204 comiti
940 2149 1062 2204 Johanni
1085 2155 1113 2203 et
1137 2149 1194 2204 suis
1218 2149 1381 2204 haeredibus
1400 2150 1505 2204 solvere

272 2237 395 2305 quinque
412 2235 496 2290 libras
514 2236 581 2290 auri.
600 2237 709 2290 Testes:
727 2237 851 2292 Joannes
869 2236 967 2304 Vitari,
987 2243 1014 2292 ct
1032 2236 1170 2291 Henricus
1187 2236 1297 2302 Polani,
1317 2235 1435 2292 Michael
1453 2236 1506 2292 Bo-

273 2323 389 2378 nifacias
408 2323 542 2394 plebanus
560 2339 582 2376 s.
602 2324 707 2378 Mariae
724 2323 864 2378 Jubianici
881 2325 1005 2379 notarius
1022 2324 1170 2395 complevit
1186 2328 1215 2378 et
1232 2323 1379 2378 roboravit

325 2410 437 2478 Mutii:
457 2411 641 2466 dicasmuta
658 2415 815 2480 spectantia
832 2411 978 2466 lsi-storiam
995 2411 1142 2466 slavorum
1154 2410 1379 2466 meridionaltaaa
1392 2410 1413 2464 I
1418 2426 1447 2478 p.
1462 2411 1504 2464 28.

325 2539 417 2595 xoss.
435 2543 470 2596 A.
489 2545 564 2596 1213.
582 2540 708 2597 Andreas
726 2543 756 2596 11
773 2549 822 2597 rex'
840 2539 966 2610 affirmat,
991 2541 1145 2613 quodlicet
1163 2542 1255 2597 omnia
1272 2538 1439 2596 monasteria
1456 2540 1506 2594 cis·

273 2629 412 2683 terciensis
435 2627 538 2684 ordinis
562 2629 717 2700 specialiter
740 2628 844 2699 diligat,
867 2631 1034 2686 monasterio
1057 2635 1150 2684 tamen
1173 2628 1209 2684 de
1230 2628 1352 2699 Toplica
1378 2627 1453 2698 quod
1471 2627 1506 2682 de

273 2715 385 2786 proprio
404 2731 455 2770 suo
473 2715 599 2770 fundavit
622 2716 699 2785 regni
722 2717 765 2770 sui
789 2733 862 2771 anno
881 2717 978 2787 primo,
996 2715 1122 2788 ampb'ori
1146 2715 1299 2771 dilectionis
1316 2714 1506 2785 praerogativa

272 2807 405 2868 teneatur,
424 2819 457 2858 eo
475 2802 550 2872 quod
568 2803 777 2858 clarevallenses
795 2802 891 2858 fratres
904 2803 971 2858 inibi
983 2808 1188 2858 convocaverat
1207 2802 1265 2855 Illis
1280 2801 1374 2872 itaque
1391 2801 1507 2857 contulit

273 2895 362 2944 totum
380 2890 538 2946 comitatum
562 2889 597 2946 de
620 2889 705 2957 Gora,
730 2896 802 2946 sicut
825 2891 903 2944 illum
926 2891 986 2960 ipse
1010 2889 1141 2960 possedit,
1161 2888 1227 2943 dum
1244 2887 1302 2942 dur
1320 2887 1417 2942 luisset
1435 2888 1506 2942 ultra

272 2977 401 3032 Dravam.
421 2977 532 3048 Repetit
549 2995 583 3033 ex
602 2994 653 3034 suo
671 2978 814 3049 privilegio
838 2977 911 3032 illius
934 2976 1093 3032 monasterii
1116 2976 1256 3030 libertates
1274 2981 1303 3030 st
1319 2975 1505 3029 immunitates

272 3081 305 3119 ac
329 3064 479 3120 solutiones
503 3070 530 3120 et
554 3065 752 3136 praestationes
777 3065 880 3136 populi.
905 3065 982 3119 Inter
1007 3063 1185 3133 Jobagiones.
1212 3063 1260 3132 qui
1282 3062 1424 3116 annuatim
1450 3067 1505 3115 tres

274 3168 373 3224 pensas
397 3149 580 3206 frisaticorum
603 3151 754 3219 solvebant,
778 3152 903 3206 nominat
926 3151 1031 3205 Gostve
1048 3167 1112 3206 cum
1130 3151 1271 3220 parentela
1288 3166 1347 3214 sua,
1365 3148 1506 3203 BremIner

272 3256 336 3294 cum
355 3239 502 3310 parentela,
520 3237 617 3294 Berkis
641 3256 705 3293 cum
728 3239 877 3310 parentela,
901 3238 1042 3293 Vratislav
1065 3254 1129 3292 cum
1146 3237 1297 3308 parentela,
1315 3237 1412 3290 Petrus
1432 3235 1504 3289 lilius

273 3327 367 3379 Murta
383 3341 447 3380 cum
466 3325 606 3395 parentela
624 3331 652 3380 et
663 3325 778 3394 Bogdan
791 3342 854 3380 cum
867 3325 1014 3396 parentela.
1028 3325 1123 3379 Insula
1135 3323 1223 3378 solvet
1235 3324 1316 3378 etiam
1328 3329 1383 3376 tres
1396 3338 1505 3392 pensas,

273 3411 361 3468 Holdi
378 3429 441 3466 cum
460 3412 608 3482 parentela,
632 3411 753 3468 Vlchota
776 3429 839 3468 cum
857 3414 1006 3483 parentela,
1026 3412 1123 3483 Zrepic
1141 3427 1202 3466 cum
1225 3409 1374 3481 parentela,
1392 3409 1506 3479 Berglea

272 3517 335 3555 cum
354 3499 482 3554 fratribus
501 3499 573 3554 ultra
591 3499 717 3571 Culpam,
736 3501 837 3555 Zlobez
855 3517 918 3554 cum
936 3500 1085 3571 parentela,
1109 3499 1185 3553 Dilin
1203 3513 1267 3553 cum
1284 3497 1432 3568 parentela,
1451 3495 1505 3550 Ne·

273 3593 364 3641 stursa
390 3604 453 3641 cum
480 3587 627 3657 parentela,
655 3587 745 3642 Vicho
772 3605 836 3642 cum
860 3589 1008 3659 parentela,
1034 3586 1188 3642 Hemelcho
1212 3602 1275 3640 cum
1298 3585 1446 3654 parentela.
1471 3613 1505 3623 -

272 3675 377 3729 Gostve
395 3680 422 3729 et
439 3675 521 3729 Petro
538 3674 574 3730 de
596 3675 697 3743 Murta,
721 3675 786 3745 quia
809 3673 902 3730 abbati
926 3673 1088 3730 Theobaldo
1112 3674 1232 3742 legitime
1258 3672 1417 3737 servierunt,
1442 3687 1505 3727 con-

272 3762 354 3816 cessit
371 3779 420 3818 rsx
437 3762 600 3830 libertatem,
618 3768 649 3816 ut
667 3762 701 3817 de
719 3764 776 3818 suis
795 3762 914 3833 praediis
933 3763 1032 3817 saltem
1049 3761 1162 3816 terciam
1175 3765 1281 3831 partem
1293 3758 1505 3812 marturinamm

273 3850 389 3904 solvant
416 3848 533 3904 Praedia
560 3849 678 3904 Gestae:
706 3850 789 3919 Maya
813 3857 841 3904 et
865 3849 1027 3904 Stebenehe.
1054 3846 1170 3902 Praedia
1196 3847 1284 3900 Petri:
1309 3845 1504 3911 Ielscvnenica,

273 3937 361 3993 Semo
380 3943 407 3991 et
425 3937 519 3990 Celna
538 3937 673 4008 Hospites
691 3935 725 3990 de
743 3937 858 4007 Toplica
876 3936 986 4005 singulo
1004 3951 1077 3988 anno
1098 3935 1193 3988 decem
1210 3948 1312 4003 pensas
1324 3931 1506 3986 ffisaticorum

273 4025 378 4079 solvere
395 4022 542 4089 habebant,
562 4031 669 4094 praeter
687 4023 860 4090 marturinae,
879 4037 949 4091 quas
967 4023 1077 4076 solvunt
1095 4021 1165 4074 sieut
1183 4019 1235 4073 alii.
1255 4019 1288 4073 ln
1306 4019 1367 4074 foro
1378 4019 1505 4089 Templa·

273 4112 375 4167 riorum
392 4110 428 4166 de
447 4110 522 4166 Gora
539 4110 678 4165 habebant
696 4111 793 4166 fratres
810 4110 846 4165 de
864 4109 978 4180 Toplica
990 4108 1164 4162 medietatem
1179 4107 1282 4174 tributi,
1295 4111 1403 4176 praeter
1415 4107 1505 4177 pisces

273 4207 300 4255 st
319 4217 434 4270 peccora
452 4207 479 4253 et
497 4199 615 4270 primum
633 4197 784 4253 denarium.
803 4229 837 4237 -
855 4195 1058 4251 Existentibus:
1071 4193 1201 4248 Bertcldo
1214 4193 1420 4263 archiepiscopo
1432 4193 1505 4248 colo-

272 4287 347 4342 censi
366 4291 393 4340 et
410 4285 528 4356 vojvoda
545 4286 661 4340 Transii.
680 4285 790 4340 Kalano
808 4281 1079 4355 quinquecclesiensi,
1093 4279 1236 4336 Gathardo
1251 4279 1421 4350 ragrabiensi
1433 4281 1505 4350 epir-

271 4375 357 4446 copis,
378 4377 451 4428 Bane
470 4373 598 4444 palatino,
618 4373 738 4428 Martine
756 4373 838 4440 bano,
857 4369 1015 4426 Alexandro
1034 4368 1211 4424 sumuniensi.

327 4461 455 4516 staua
473 4461 546 4515 Mea.
564 4477 625 4529 epp.
642 4477 718 4530 supr.
735 4460 768 4529 1,
784 4477 813 4530 p.
833 4463 876 4513 28.

308 4583 414 4638 ΧΟΙΠ.
432 4584 572 4652 Albanae,
598 4586 641 4636 21.
664 4583 817 4638 Februarii
840 4584 915 4637 1211.
940 4577 1122 4651 Temporibus
1141 4576 1213 4632 Petri
1231 4575 1333 4646 iupani,
1362 4575 1505 4645 Pervogns

272 4671 344 4725 iilius
361 4670 486 4736 Ioannis,
505 4675 532 4724 et
548 4669 567 4722 J
569 4685 672 4724 oannes
690 4669 763 4724 tibus
784 4669 893 4739 Negom
906 4674 933 4724 et
945 4667 1046 4723 Sabnic
1059 4665 1206 4734 Slavogost
1216 4679 1280 4716 cum
1294 4662 1353 4716 aliie
1366 4661 1504 4718 nobilibus
