3480 5356
298 407 365 472 290
803 429 824 471 1.
844 413 1042 488 rennuunt,

297 599 384 652 staret
412 595 626 660 sacramentum,
652 596 754 648 emano
782 591 904 647 decimas
931 591 959 644 in
988 591 1079 662 specie
1104 591 1250 648 solverent.
1277 591 1408 647 Termino
1431 591 1560 648 adveni·-

298 687 361 740 ente
379 682 465 738 misso
483 680 619 752 magistro
636 679 721 734 Petro
739 677 815 734 dicto
833 677 954 734 Pulchro
968 676 1163 734 archidiacono
1176 677 1310 735 Vrbouch
1323 696 1374 750 pro
1387 681 1546 736 testimonio

296 767 333 825 ad
352 769 458 824 curiam
484 766 617 839 episcopi,
644 765 752 821 rediens
776 765 823 820 ille
848 764 926 834 dixit,
950 763 1027 836 quod
1050 765 1117 820 dicti
1140 765 1248 822 nubiles
1272 767 1433 838 praeposito
1458 766 1546 823 Chas-

297 857 386 913 mensi
403 857 432 911 iu
449 855 513 912 locu
532 854 705 921 sacramenti,
724 851 853 908 videlicet
869 853 899 907 in
918 851 1153 908 ecclesia‘beatae
1166 853 1342 924 Margaretae
1355 854 1383 908 in
1396 853 1545 910 Dumbrou

297 943 399 1000 astam
417 948 445 999 et
463 941 567 999 volenti
585 942 684 1008 iurare,
704 943 908 995 sacramentum
924 939 1103 994 remisserunt
1125 946 1355 1010 recognoscentes
1375 941 1544 998 sedecimas

297 1034 327 1087 in
345 1031 437 1102 specie
456 1030 563 1086 solvere
581 1027 691 1084 debere.

352 1116 480 1174 discidit:
499 1117 577 1172 Mors.
596 1115 662 1172 hist.
684 1117 714 1171 T.
733 1117 755 1171 1.
772 1130 801 1184 p.
820 1117 878 1168 139.

353 1256 550 1314 GMLXXIII.
577 1257 750 1328 zagrabiae.
778 1258 857 1308 1269.
881 1257 906 1308 7.
933 1255 1041 1310 Martii.
1072 1253 1201 1310 Detricus
1227 1271 1321 1312 comcs
1350 1257 1544 1327 Zagrabiensis

299 1351 397 1402 nutum
415 1343 490 1412 facit,
508 1343 584 1413 quod
603 1343 760 1398 constitutis
783 1342 819 1396 ab
837 1358 894 1396 uua
912 1347 990 1412 parte
1017 1340 1146 1397 Endreclr
1171 1347 1298 1398 terrestre
1323 1345 1431 1412 comite,
1457 1351 1485 1400 et
1507 1347 1544 1400 ab

298 1434 386 1490 altera
407 1431 490 1500 Zorlr,
514 1431 633 1498 Descen,
658 1430 758 1486 Orican
784 1429 858 1484 lilius
882 1427 959 1483 Zvelr
977 1429 1091 1497 (Zorlrl)
1120 1427 1203 1484 iidem
1222 1429 1362 1500 quandam
1380 1431 1545 1502 particulam

301 1527 391 1576 terrae
409 1521 437 1574 in
456 1519 597 1590 Zepnicha
615 1517 735 1573 confessi
754 1521 819 1571 sunt
836 1531 867 1571 se
885 1514 1042 1571 vendidisse
1060 1515 1190 1572 Endrech
1202 1517 1295 1572 comiti
1315 1517 1474 1588 supradicto
1494 1537 1545 1590 pro

302 1610 335 1663 15
350 1607 443 1677 pensis
455 1605 633 1662 denariorum
646 1603 884 1674 Zagrabiensium,
897 1617 1017 1678 quorum
1030 1603 1155 1672 singulae
1168 1604 1292 1674 quinque
1305 1619 1409 1676 pensae
1421 1622 1544 1661 marcam

300 1699 367 1750 tunc
384 1693 517 1765 temporis
535 1693 682 1749 iaciebant.
696 1691 853 1747 Astiterunt
865 1692 1047 1746 commetanei
1060 1695 1149 1746 terrae
1161 1691 1306 1746 venditae:
1326 1693 1440 1758 nticula,
1453 1693 1544 1748 Misus

300 1787 328 1838 et
355 1781 516 1852 Stephanus
535 1779 584 1834 filii
602 1779 713 1834 Nicolai
731 1783 759 1832 et
776 1777 975 1848 consanguinei
1001 1776 1175 1832 venditorum
1194 1782 1222 1832 et
1239 1777 1349 1834 Oherne
1372 1795 1460 1850 nepos
1487 1780 1545 1834 Bn-

301 1867 388 1934 leaod,
407 1867 493 1934 Iuris,
513 1867 661 1937 Georgius,
680 1865 812 1932 Goaeina,
831 1865 954 1919 Ivanech
972 1867 1000 1918 et
1014 1863 1160 1934 Drngoyk,
1179 1865 1227 1934 qui
1245 1864 1430 1921 venditionem
1443 1884 1544 1938 appro-

302 1955 412 2010 barunt.
431 1955 508 2008 Meta
526 1959 616 2008 terrae
634 1951 730 2023 incipit
748 1951 826 2006 iuxta
849 1952 938 2022 ripam
955 1949 1032 2005 fluvii
1050 1949 1190 2020 Zepniche
1208 1955 1236 2006 et
1254 1953 1377 2022 pervenit
1399 1953 1427 2006 in
1451 1953 1544 2008 locum

301 2043 350 2097 ubi
368 2041 424 2097 duo
442 2039 519 2098 fluvi
538 2039 677 2112 Zepniche
701 2038 806 2094 cadunt
823 2039 852 2092 in
871 2055 966 2093 unum.
985 2037 1056 2093 Inde
1075 2037 1199 2092 ascendit
1217 2039 1252 2094 ad
1272 2044 1394 2096 montem
1419 2045 1446 2094 et
1469 2041 1545 2095 venit

300 2127 337 2184 ad
361 2129 445 2183 finem
463 2129 560 2184 uncae
577 2125 715 2182 Branirlai
740 2125 896 2196 iubagionis
915 2123 989 2180 Petri
1007 2125 1136 2181 cantoris.
1160 2125 1271 2180 Transit
1289 2127 1361 2182 viam
1379 2143 1451 2197 quae
1469 2126 1546 2183 ducit

300 2215 336 2272 ad
355 2215 500 2271 ecclesiam
520 2233 542 2272 a
560 2213 635 2270 Petri
654 2218 682 2268 et
699 2213 869 2268 terminatur.

355 2302 483 2358 statae.-
502 2302 580 2356 Moa.
598 2301 661 2356 hist.
683 2301 711 2353 T.
731 2303 753 2355 Ι.
772 2315 836 2370 pay.
854 2303 916 2355 140.

355 2441 548 2498 OMLXXIV.
578 2444 655 2496 1269.
676 2439 835 2510 aderatis
855 2441 923 2496 Bela
935 2440 985 2497 IV.
998 2457 1047 2496 rex
1065 2442 1233 2512 manifestat,
1251 2441 1326 2512 quod
1345 2457 1410 2498 curn
1428 2442 1475 2498 ille
1494 2459 1545 2514 pro

302 2529 477 2588 contumacia
496 2545 528 2584 sc
547 2533 661 2600 propter
679 2527 899 2584 devastationem
920 2533 1008 2584 terrae
1026 2529 1061 2585 de
1080 2530 1183 2586 Mochu
1209 2529 1329 2598 (Madva)
1354 2529 1383 2584 iu
1408 2529 1544 2586 auxilinm

301 2618 411 2690 nepotis
429 2617 474 2671 sui
490 2617 575 2672 Belae
595 2615 682 2681 ducis,
701 2621 798 2672 contra
817 2616 900 2671 Wros
918 2632 1011 2686 regem
1039 2617 1151 2672 Serviae
1176 2633 1258 2672 suum
1283 2617 1436 2672 exercitum
1461 2617 1545 2674 desti·

303 2711 405 2772 nasset,
424 2704 514 2760 fidelis
532 2704 639 2759 iuvenis
659 2703 780 2758 Michuel
797 2702 872 2758 tilius
892 2703 968 2758 Petri
986 2702 1021 2758 de
1040 2719 1141 2773 genere
1160 2703 1241 2759 Ohak
1258 2705 1286 2757 in
1305 2703 1434 2760 conflictu
1457 2705 1545 2776 ipsius

298 2793 372 2862 regis
390 2798 487 2848 contra
505 2793 665 2862 oppositam
683 2791 770 2846 aciem
788 2790 895 2846 fortiter
913 2790 1062 2857 dimicavit,
1081 2791 1181 2846 laetale
1195 2791 1296 2846 sumus
1308 2791 1460 2862 excipiens,
1473 2793 1546 2847 sicut

303 2881 386 2934 etiarn
405 2895 454 2950 per
473 2877 572 2934 ducem
590 2879 686 2936 Belem
707 2879 766 2948 regi
790 2879 921 2945 constitit,
940 2883 972 2932 ut
989 2877 1063 2932 idem
1087 2877 1208 2932 Michael
1232 2878 1260 2932 in
1285 2879 1347 2948 ipsa
1370 2894 1436 2933 area
1459 2885 1545 2934 certa·

299 2967 391 3034 minis,
409 2966 481 3022 dnos
500 2965 628 3032 barones,
647 2966 776 3022 videlicet
793 2981 926 3036 generum
951 2963 1076 3020 eiusdem
1095 2965 1177 3020 Wros
1196 2971 1224 3020 et
1243 2965 1331 3019 tilium
1355 2966 1481 3036 magistri
1504 2971 1545 3021 ta·

300 3054 476 3109 vernicornm
495 3069 610 3109 suorum
628 3053 802 3124 captivasset,
832 3069 903 3122 quos
922 3069 986 3107 cum
1004 3051 1088 3106 armis
1106 3052 1272 3106 militaribus
1291 3057 1318 3106 et
1335 3051 1482 3108 dextrariis
1499 3070 1545 3108 va-

300 3140 422 3195 lentibus
440 3141 499 3209 regi
523 3141 719 3214 praesentavit.
744 3141 872 3206 Quorum
895 3140 995 3193 veritas
1014 3155 1063 3209 per
1080 3139 1164 3193 filiam
1183 3140 1257 3209 regis
1275 3141 1387 3194 Annam
1405 3139 1545 3195 ducissam

301 3233 328 3282 et
346 3233 477 3298 nepotem
496 3243 578 3282 sunm
597 3227 694 3281 Belum
707 3225 806 3283 ducem
825 3227 859 3280 de
878 3227 982 3282 Mache
997 3227 1021 3281 ei
1035 3227 1087 3281 luit
1099 3227 1227 3281 revelata.
1247 3227 1379 3293 Quicum
1392 3243 1545 3299 perregem

301 3315 420 3370 luissent
444 3315 579 3384 inquisiti,
604 3316 765 3382 retulerunt,
789 3320 821 3370 ut
844 3331 908 3370 cum
932 3313 1070 3368 Michaele
1096 3314 1124 3367 in
1149 3314 1297 3382 octigentis
1321 3313 1421 3369 marcis
1448 3330 1546 3371 conve·

301 3403 409 3458 uissent
427 3417 457 3456 se
476 3401 678 3472 redempturos,
697 3401 731 3456 de
750 3401 851 3472 quibus
870 3402 954 3455 etiam
971 3399 1046 3455 idem
1064 3400 1185 3455 Michael
1213 3416 1323 3454 crucem
1341 3401 1492 3472 pretiosam
1510 3401 1546 3457 de

300 3489 380 3559 ligno
409 3487 516 3544 domini
547 3488 582 3543 ad
614 3489 703 3543 visum
733 3487 818 3543 Belae
847 3488 926 3542 ducis
950 3487 1107 3558 recepisset,
1133 3503 1216 3556 quam
1240 3503 1302 3542 cum
1328 3503 1376 3542 rex
1401 3503 1458 3542 uua
1481 3505 1546 3543 cum

302 3577 401 3648 regina
431 3580 559 3631 consorte
588 3593 639 3631 sua
664 3576 800 3647 inspicere
824 3575 1028 3646 requisivisset,
1052 3575 1142 3646 ipsam
1172 3589 1283 3630 crucem
1309 3573 1377 3629 vidit
1404 3575 1545 3631 continere

301 3665 336 3719 de
364 3663 441 3733 ligno
468 3662 573 3718 domini
600 3663 802 3733 longitudinem
830 3663 912 3716 unius
938 3662 1047 3733 palmae
1070 3667 1098 3716 et
1120 3661 1259 3730 dimidiae,
1281 3662 1455 3716 latitudinem
1478 3679 1544 3718 vero

301 3750 386 3806 unius
406 3750 523 3820 palmae,
542 3749 687 3805 formatam
705 3752 733 3804 in
752 3766 821 3804 auro
840 3749 936 3805 decem
954 3765 1117 3818 marcarum,
1143 3750 1271 3820 pretiosis
1296 3750 1413 3819 gemmis
1432 3755 1460 3805 et
1477 3751 1546 3821 lapi·

301 3836 385 3892 dibus
412 3833 574 3891 mirabiliter
601 3834 770 3905 ordinatam,
798 3837 958 3892 estinanter
985 3837 1013 3891 in
1041 3837 1134 3891 valore
1159 3838 1325 3908 quingentas
1350 3854 1459 3894 marcas
1485 3839 1546 3894 auri

301 3923 428 3995 lapidum
446 3929 474 3978 et
491 3939 670 3994 gemmarum.
691 3924 783 3992 Quam
800 3941 864 3979 cum
882 3941 930 3979 rex
949 3923 986 3978 ab
1004 3922 1100 3979 eodem
1117 3923 1253 3979 Michaele
1271 3941 1328 3979 una
1346 3941 1410 3979 cum
1428 3925 1545 3997 captivis

303 4012 362 4064 suis
381 4011 408 4064 iu
429 4011 548 4081 pecunia
573 4009 707 4066 redimere
732 4011 874 4078 voluisset,
898 4011 965 4065 dare
990 4011 1127 4065 recusavit
1151 4011 1201 4066 uisi
1226 4027 1276 4081 per
1300 4009 1479 4067 donationem
1502 4012 1546 4068 vel

304 4114 353 4168 per
378 4097 572 4152 concambium
597 4099 792 4168 possessionis.
811 4097 855 4151 Ad
874 4099 928 4153 hoc
946 4098 1063 4153 contulit
1081 4098 1106 4152 ei
1124 4113 1172 4152 rex
1191 4113 1241 4169 pro
1259 4098 1422 4154 concambio
1445 4105 1545 4154 terram

303 4183 524 4239 Erdenchucana
542 4201 629 4254 prope
647 4183 742 4239 villam
760 4185 906 4255 Vyssunta
919 4185 1093 4240 incomitata
1112 4185 1287 4254 symigiensi,
1301 4202 1387 4257 prope
1402 4187 1545 4256 praedium

303 4271 410 4340 regium
429 4270 464 4326 de
483 4269 594 4340 Segust.
612 4271 684 4325 item
703 4279 804 4326 terram
824 4271 1045 4327 Udvornicorum
1070 4276 1097 4325 et
1121 4271 1319 4326 Bucheriorum
1346 4273 1485 4342 regiorum
1510 4273 1546 4328 de

303 4357 410 4429 Nyvvyn
429 4374 494 4413 cum
512 4358 573 4412 aliis
591 4357 792 4430 multiplicibus
811 4359 890 4414 villis.

356 4464 449 4530 Fejer:
471 4462 535 4518 (iod.
555 4463 622 4532 dipl.
646 4465 675 4518 Τ.
694 4466 712 4517 l
716 4463 745 4519 V.
763 4463 816 4519 eol.
834 4465 890 4522 ΠΙ.
911 4468 969 4519 190.

357 4601 533 4658 OMLXXV.
561 4607 639 4660 1269.
667 4606 759 4660 Merrae
781 4604 883 4674 Aprili.
903 4605 971 4660 Bela
988 4604 1047 4659 dux
1065 4605 1150 4660 totius
1168 4604 1324 4674 Slavuniae,
1343 4605 1501 4662 Dalmatiae
1518 4613 1546 4661 et

306 4689 435 4747 croatiae
454 4689 585 4760 notificat,
604 4691 679 4762 quod
705 4691 851 4750 attendens
876 4692 973 4748 merita
991 4698 1019 4747 et
1037 4691 1146 4749 servitia
1163 4691 1301 4749 Johennis
1320 4693 1428 4750 comitis
1446 4692 1482 4750 de
1499 4710 1546 4764 ge-
1607 4688 1611 4696 ’
