3464 5382
330 389 395 455 170
833 408 854 449 r.
870 393 1070 469 nmmo,

329 579 427 636 ordine
446 577 563 634 moon
581 575 804 650 praedicatorum
822 572 939 630 eleotum
963 573 1184 632 Somdonensom
1202 574 1231 630 io
1249 591 1332 631 suum
1348 575 1577 649 archipisooprrm

328 667 521 738 postulassent
538 669 566 721 et
582 663 685 720 ideireo
709 661 814 718 Desam
838 661 1047 718 eonoanouioun
1075 667 1103 719 et
1126 662 1254 734 Dragum
1271 663 1360 720 oivem
1378 664 1576 738 Spulstemem

329 754 365 811 ad
396 753 462 810 sede
486 752 669 827 apostolieum
695 767 761 807 oum
786 751 920 822 petitione
945 750 1161 808 confirmationis
1187 751 1387 822 destinassent,
1405 753 1481 825 qnod
1507 755 1575 812 hoio

330 842 512 915 postulationi
539 839 697 896 mtissaoere
723 855 781 894 non
807 839 904 911 possit,
931 855 995 894 oum
1022 839 1138 896 eeclesia
1162 839 1264 897 idoneo
1282 844 1412 914 praesule
1428 843 1572 914 indigeat:

330 930 461 1002 quocirca
478 929 643 1000 magistrum
660 927 813 998 Rogariom
839 925 1015 998 capellanum
1038 925 1185 982 sardinalis
1209 943 1233 984 e.
1258 928 1401 986 Laurentii
1418 930 1448 986 iu
1464 931 1576 988 Lucina

328 1023 357 1073 ot
373 1017 540 1074 canonicum
558 1015 781 1086 Zagrabierrsem¹
807 1029 892 1084 quem
909 1012 945 1068 de
962 1011 1038 1070 dono
1056 1015 1187 1070 scientiae
1204 1019 1232 1070 et
1249 1015 1395 1072 honestate
1412 1033 1521 1074 morum
1539 1035 1575 1076 ao

327 1105 537 1162 conversatione
555 1102 690 1159 laudabili
713 1106 829 1174 experta
853 1101 1025 1158 familiaritas
1043 1100 1231 1158 etfamiliaris
1256 1104 1426 1175 experientia
1451 1105 1575 1164 reddunt

328 1192 519 1264 multiplieiter
536 1190 770 1258 commendatum,
788 1189 916 1262 praeficit
932 1189 961 1245 in
980 1189 1220 1262 arehiepiscopum
1238 1191 1434 1262 spalatensem.

382 1280 513 1336 leoti:
531 1279 614 1354 lllyr.
631 1296 702 1338 soor.
720 1280 779 1336 m
800 1282 862 1335 271.
883 1277 1013 1334 Mers:
1031 1278 1109 1333 Mors.
1128 1277 1204 1334 Sino.
1223 1294 1287 1334 orer.
1307 1281 1330 1332 1.
1348 1283 1392 1335 78.

382 1421 551 1478 DLXXIII.
573 1421 710 1490 iaderae,
736 1424 777 1477 13.
795 1420 868 1476 llos'i
890 1423 968 1475 1249.
996 1419 1091 1475 Miohe
1113 1417 1188 1474 lilius
1214 1418 1357 1490 quondam
1385 1419 1508 1476 Mathoni
1536 1421 1574 1478 de

329 1509 440 1566 Duxioa
466 1507 502 1564 de
527 1507 617 1564 Jedro
643 1508 770 1564 oonoedit
797 1506 932 1579 Bogdauo
959 1507 1074 1579 Petegal
1091 1507 1201 1563 vinem
1223 1507 1252 1562 in
1276 1507 1399 1578 quedam
1423 1525 1476 1565 sos
1500 1514 1575 1565 terra

328 1597 463 1669 plantare,
481 1613 554 1668 quse
572 1595 681 1652 lsoebat
699 1611 784 1667 psum
802 1595 887 1650 aliam
904 1594 1012 1650 sinssm
1031 1611 1120 1666 usqne
1141 1593 1177 1650 ad
1193 1595 1268 1651 dam
1285 1601 1313 1650 et
1331 1611 1429 1652 sersus
1447 1602 1574 1653 austrum

329 1701 415 1757 super
440 1686 522 1740 vinea
544 1684 674 1740 Andreae
695 1684 803 1753 Petripe
827 1686 856 1738 et
879 1682 960 1737 vinea
982 1681 1121 1752 Vuloigne
1146 1681 1300 1750 Metasoris,
1327 1687 1356 1738 et
1382 1700 1482 1740 uersus
1510 1684 1573 1742 bor·

329 1789 406 1830 ream
424 1773 503 1828 iuxta
520 1776 621 1828 terram
640 1770 738 1828 Oreste
751 1775 779 1826 et
790 1786 889 1826 uersos
906 1773 1060 1826 traversam
1071 1769 1151 1824 iuxta
1164 1773 1267 1824 terram
1283 1771 1436 1827 haeredm
1453 1771 1574 1828 oondam

330 1860 450 1916 Oosmoe
468 1857 503 1914 de
520 1860 562 1915 Pe
575 1897 602 1914 ..
620 1857 655 1913 de
673 1857 768 1926 Melie,
786 1857 836 1913 tali
848 1854 1019 1926 ooodioione,
1037 1861 1069 1912 nt
1079 1855 1167 1913 donee
1179 1856 1288 1912 vineam
1300 1856 1437 1926 habuerit,
1450 1864 1576 1931 praestet

329 1951 439 2004 mrtem
462 1951 570 2019 partem
593 1945 630 2002 do
653 1947 717 2002 rino
742 1947 772 2002 io
794 1946 905 2002 oiritate
928 1945 964 2001 de
987 1944 1071 2012 Tina;
1095 1943 1131 2000 ds
1155 1943 1234 1999 olivis
1257 1949 1287 2001 et
1308 1945 1384 2000 omni
1407 1946 1463 2002 alio
1480 1946 1574 2004 frnotn

330 2035 456 2090 similiter
479 2039 587 2091 sextam
611 2037 735 2106 partem:
759 2038 788 2089 et
805 2034 829 2088 si
847 2032 882 2089 de
899 2031 995 2105 aliquo
1012 2031 1105 2088 srnoto
1129 2032 1233 2088 recenti
1250 2032 1295 2088 vel
1312 2033 1386 2090 eiooo
1410 2034 1574 2105 vendiderit,

329 2123 409 2178 dabit
426 2127 537 2178 sextum
553 2120 713 2188 denarium3
737 2120 762 2175 ai
779 2137 845 2176 roro
863 2120 1014 2193 aliquando
1031 2120 1060 2174 in
1078 2118 1176 2176 baudo
1198 2121 1328 2176 inventus
1345 2120 1437 2190 fuerit,
1460 2121 1575 2180 debebit

331 2211 440 2267 solvere
458 2225 508 2264 sex
525 2223 686 2280 yperperoe.
712 2208 816 2263 Testes
846 2209 982 2264 Lemesea
1007 2206 1043 2264 de
1073 2206 1189 2277 Jaoobo,
1213 2208 1346 2279 Desegna
1367 2207 1403 2266 de
1420 2210 1500 2277 Birsi,
1522 2210 1573 2266 Jo-

329 2301 436 2355 bannes
454 2297 490 2354 de
508 2297 645 2365 Boraran‚
664 2300 692 2352 et
710 2294 804 2352 Oorns
821 2295 895 2352 filine
913 2295 974 2351 Viti
992 2295 1123 2364 Metrias,
1137 2300 1165 2350 et
1176 2295 1271 2352 Miobs
1289 2296 1432 2368 Sapaliuo.
1449 2297 1576 2355 Jaoobos

332 2387 455 2458 Philippi
474 2385 647 2441 examinator
665 2401 782 2441 manum
798 2383 890 2440 mittit
908 2384 1008 2440 Petrus
1026 2382 1234 2440 Soandollsrius
1251 2385 1396 2458 presbyter
1420 2385 1449 2443 Β.
1471 2371 1576 2459 A'ppol·

330 2474 425 2530 linaris
442 2473 564 2529 Joderae
584 2472 709 2528 notamus
728 2471 831 2528 eoribit.

383 2561 432 2618 Es
449 2560 516 2616 mab
532 2560 716 2616 massilensis
733 2559 902 2618 dalmatinis.
920 2559 975 2616 Ns.
994 2561 1039 2612 20.

384 2699 548 2756 DLXXIV.
566 2700 713 2772 lsopdnni
732 2701 775 2756 28.
793 2699 915 2770 depasti
933 2701 1014 2755 1249.
1033 2697 1215 2760 Innocentius
1231 2697 1276 2753 IV
1294 2715 1368 2771 papo
1380 2705 1475 2756 monet
1492 2704 1578 2758 eomi-

332 2791 397 2855 tem,
416 2786 533 2854 nobiles,
551 2787 627 2842 eires
645 2791 674 2843 ot
691 2787 828 2858 populum
846 2785 964 2842 civitatis
981 2785 1172 2856 Bogusiensis,
1190 2789 1222 2841 ut
1233 2793 1332 2841 exorta
1349 2785 1489 2845 discordis
1506 2789 1578 2846 inter

333 2889 382 2930 eos
401 2875 429 2929 et
446 2874 521 2930 oives
538 2873 728 2930 andrarenses
746 2891 764 2929 a
781 2872 987 2945 praedictorum
1004 2873 1106 2928 oirinm
1123 2872 1252 2930 molestia
1269 2878 1297 2930 et
1314 2873 1416 2930 iniuria
1428 2874 1578 2945 desistant;

332 2977 366 3017 ao
384 2979 481 3032 paoem
499 2967 527 3017 et
544 2977 639 3016 reram
657 2960 834 3017 oonoordiam
852 2975 916 3016 oum
934 2959 975 3015 eis
992 2959 1122 3016 habeant

385 3049 513 3105 Forlotr':
530 3048 615 3120 illyr.
631 3063 703 3105 soor.
726 3048 773 3106 VI.
791 3051 850 3106 102.

385 3187 533 3245 DLXXV.
564 3189 618 3243 Die
637 3192 662 3244 4.
680 3194 709 3244 et
726 3191 772 3244 2⁷.
796 3186 963 3257 Septembris
980 3189 1060 3243 1249.
1085 3187 1248 3260 Oapitulum
1272 3189 1483 3263 vesprimienee
1506 3194 1578 3250 noti-

333 3277 406 3342 fioat,
429 3273 505 3346 qnod
524 3291 542 3330 a
559 3290 624 3344 rege
650 3273 719 3329 Bela
740 3273 784 3329 IV
802 3273 940 3345 aeoeperit
965 3273 1137 3344 mandatnm,
1166 3281 1199 3332 ut
1224 3293 1289 3333 cunr
1315 3278 1460 3336 Dionisius
1487 3279 1579 3336 banos

333 3363 369 3420 de
388 3363 417 3420 S.
435 3361 561 3419 Gerardo
579 3379 630 3433 pro
649 3361 742 3417 anima
760 3378 812 3418 sus
830 3361 1036 3433 possessiouem
1054 3365 1213 3434 Apatoreor
1236 3366 1266 3420 in
1290 3369 1364 3422 terra
1381 3365 1531 3424 Slavonise
1548 3373 1578 3424 et

334 3451 483 3508 comitatus
492 3449 630 3506 orisieusis
643 3450 808 3506 existentem
820 3449 953 3506 eoelesiae
965 3449 997 3506 B.
1010 3450 1052 3506 ld.
1063 3450 1188 3521 Virginis
1201 3457 1229 3508 et
1240 3451 1372 3509 fratribus
1385 3453 1489 3510 ordinis
1499 3471 1579 3527 pree·

335 3537 546 3595 monstretensis
556 3539 585 3593 in
594 3537 715 3593 Terbeon
725 3535 908 3594 existentibus
922 3537 952 3592 in
964 3541 1131 3610 perpetuom
1140 3538 1295 3608 oontderit,
1311 3539 1454 3598 bominem
1461 3543 1579 3614 capituli

335 3643 400 3683 oum
409 3625 522 3682 homine
531 3625 608 3696 regio
617 3625 766 3695 magnifico
776 3623 891 3681 Sieardo
904 3622 939 3680 de
947 3625 1008 3682 Usa
1016 3626 1110 3682 euriae
1122 3625 1214 3696 regiae
1223 3627 1433 3698 prothonotario
1451 3631 1579 3687 exmittm

335 3731 386 3786 pro
404 3713 622 3769 resmbulatione
639 3711 730 3769 moos
748 3712 942 3784 possessionis,
960 3716 989 3768 et
1001 3729 1051 3784 pro
1063 3711 1267 3770 introductione
1285 3713 1405 3783 ordinis3
1422 3717 1578 3788 capitulum

335 3799 468 3856 obediens
491 3800 625 3856 mandato
649 3799 790 3856 exmieerit
813 3800 1018 3872 praesbiternm
1040 3798 1190 3856 Nioolsom
1216 3802 1381 3858 oanouioum
1409 3819 1493 3860 soum
1521 3821 1579 3861 una

334 3903 398 3942 oum
415 3887 528 3944 homine
545 3888 623 3959 regio
641 3886 678 3943 ad
695 3888 795 3944 faeiem
813 3887 1007 3959 possessionis,
1026 3891 1054 3943 et
1071 3887 1265 3958 praesentibus
1282 3889 1405 3947 Dionisii
1416 3889 1481 3946 bani
1494 3891 1578 3948 fratre

336 3991 369 4030 eo
387 3975 521 4046 proximis
548 3976 674 4047 cognatis
692 3975 744 4030 hes
762 3975 915 4032 invenerint
932 3980 1035 4032 motas:
1060 3974 1150 4046 prims
1168 3981 1243 4032 meta
1267 3976 1365 4049 insipit
1383 3977 1438 4033 sub
1455 3977 1579 4050 quodam

335 4068 430 4118 monte
449 4063 570 4120 Gredioh
588 4062 735 4120 Slavonioe
753 4063 905 4131 nominato,
922 4062 972 4117 ubi
989 4062 1018 4116 in
1037 4077 1094 4117 uno
1111 4063 1201 4118 rivulo
1219 4069 1262 4119 est
1279 4064 1350 4132 sons,
1369 4071 1479 4138 aparte
1496 4067 1576 4123 meri·

336 4151 440 4207 dionali
458 4157 570 4220 separat
588 4150 742 4208 Omoileros
756 4151 791 4207 de
805 4151 975 4220 Golgooosa,
987 4167 1006 4206 e
1017 4153 1096 4222 parte
1115 4149 1278 4206 oooidentali
1287 4155 1360 4206 terra
1369 4151 1488 4208 Dionisii
1498 4152 1578 4222 bani;

336 4256 353 4293 a
363 4238 580 4309 septemtrionali
591 4243 669 4310 perte
680 4238 820 4311 possessio
829 4239 862 4294 B.
872 4237 911 4295 M.
920 4237 957 4295 V.
966 4236 1001 4294 de
1011 4235 1139 4308 Terbeos,
1149 4235 1250 4293 dende
1260 4237 1436 4297 aseendendo
1453 4246 1579 4298 montem

336 4342 354 4380 a
372 4331 450 4396 parte
468 4325 686 4397 septemtrionali
711 4325 852 4398 possessio
870 4325 990 4382 Dionisii
1009 4325 1082 4393 bani,
1102 4325 1139 4380 ab
1157 4325 1283 4382 orientali
1301 4327 1458 4398 Apatoreo;
1477 4326 1580 4386 deinde

337 4411 513 4468 ascendendo
531 4419 654 4469 montem
678 4411 801 4469 Grsdioh
824 4413 852 4468 in
877 4413 1021 4469 oaoumiue
1044 4414 1147 4469 montis
1171 4412 1264 4470 eundo
1282 4419 1311 4468 ot
1327 4412 1524 4472 descendendo
1543 4415 1580 4472 ad

336 4504 424 4554 terras
442 4499 561 4555 arabiles
583 4505 612 4555 et
635 4500 760 4558 saliendo
784 4499 821 4555 ad
845 4501 926 4570 riam,
955 4497 1116 4556 banniendo
1140 4499 1177 4554 ad
1200 4501 1425 4572 septemtrionem
1448 4503 1525 4558 venit
1542 4503 1580 4560 ad

336 4591 461 4642 montem
479 4585 625 4644 Slaronioe
643 4588 718 4661 Apni
736 4589 854 4658 diotom;
875 4605 897 4666 ¹a
914 4593 1008 4645 monte
1031 4585 1227 4644 descendendo
1249 4587 1285 4644 sd
1309 4605 1441 4661 megnam
1457 4589 1531 4646 ιίιιιιι
1550 4593 1582 4651 iri

336 4672 430 4745 Birek,
453 4679 481 4732 et
498 4674 674 4736 moendendo
692 4680 721 4736 et
738 4675 933 4736 despondendo
957 4677 1095 4735 bmeiens
1118 4676 1231 4750 saepius
1249 4692 1380 4749 maguam
1397 4677 1478 4750 triam¹
1506 4690 1582 4751 qoao

1559 4877 1569 4958 i

1531 4971 1559 5288 ι
