3480 5356
339 383 404 451 332
839 405 861 448 1.
880 389 1080 461 mammii,
1098 381 1101 389 '

393 568 515 628 mcxv.
534 573 613 626 1273.
632 567 793 626 Elisabetba
811 571 903 626 senior
920 571 1016 642 regius
1033 567 1212 626 considerans
1233 566 1327 625 lidelia
1344 567 1456 625 servitia
1473 566 1586 625 comitis

339 659 487 726 Dominio,
506 657 556 712 lilii
577 657 653 714 Petri
670 656 705 712 de
725 672 826 728 goncrc
853 656 934 712 Ghak
961 657 1060 712 iudicis
1087 657 1179 712 curias
1207 657 1268 728 ojus
1293 661 1322 712 et
1350 656 1506 727 specialiter
1533 671 1586 728 pro

340 745 476 802 effusione
497 745 647 814 sanguinis,
675 759 739 800 cum
766 742 879 813 quidm
907 743 1033 799 infideles
1058 743 1165 800 incolae
1189 744 1267 814 regni
1293 741 1369 814 apud
1389 743 1492 798 Albam
1519 749 1586 798 ante

339 837 450 904 tempus
468 831 655 890 coronationis
672 829 722 885 filii
739 831 799 887 eius
816 830 889 900 regis
907 829 1030 886 Ladislai
1054 837 1150 886 contra
1174 846 1256 888 suam
1273 829 1474 887 Excellentiam
1497 845 1587 885 mann

339 925 446 976 armata
463 921 646 991 insurgentes,
665 916 738 973 idem
756 918 792 974 D.
810 916 936 990 gladium
953 916 1100 987 cujusdem
1121 919 1228 988 mmati,
1246 919 1294 988 qni
1312 918 1390 989 prius
1413 918 1442 972 in
1466 916 1585 972 domum

339 1007 452 1078 reginae
470 1021 542 1062 ausu
560 1005 706 1062 temerario
730 1005 854 1072 irruerat,
872 1003 908 1060 ds
925 1021 1012 1060 manu
1029 1005 1091 1075 ejus
1109 1006 1251 1078 arripiens,
1275 1006 1372 1062 mortis
1390 1007 1501 1076 potsrat
1518 1002 1586 1059 sub·

339 1093 405 1149 dore
432 1093 565 1166 periculo,
589 1092 643 1147 nisi
665 1091 783 1148 aliorum
810 1091 1008 1148 sceleratorum
1031 1097 1060 1148 et
1083 1099 1253 1148 armatorum
1276 1108 1376 1148 manus
1400 1089 1585 1157 obstitissent,

339 1180 423 1236 letale
440 1183 543 1235 vulnus
562 1167 676 1250 accepit,
702 1184 730 1234 et
753 1177 857 1234 ibidem
875 1179 1024 1235 semivivus
1042 1179 1154 1235 relictus
1172 1179 1218 1234 aix
1236 1179 1360 1251 corporis
1383 1177 1487 1248 recepit
1511 1176 1587 1234 sani·

338 1273 431 1323 tatem.
460 1266 585 1322 Contulit
602 1266 687 1336 igitur
704 1267 729 1322 ci
747 1266 829 1321 titulo
840 1265 947 1322 cambii
972 1283 1024 1338 pro
1048 1267 1109 1322 aliis
1134 1265 1359 1338 possessionibus
1377 1267 1406 1320 in
1424 1264 1586 1334 Hnngarlm

339 1355 544 1426 possessionem
563 1353 708 1424 Eugamas
727 1353 895 1424 (Hamas)
915 1353 994 1408 sitam
1019 1354 1098 1410 iuxta
1114 1353 1286 1421 Danubium,
1310 1353 1359 1408 ubi
1385 1367 1460 1424 aqua
1482 1349 1588 1406 Drawu

341 1441 370 1495 in
388 1441 481 1512 ipsum
499 1439 661 1496 Danubium
680 1439 832 1508 descendit,
860 1441 889 1494 in
913 1441 1046 1496 comitatu
1070 1439 1106 1496 de
1125 1439 1227 1496 Wclkc
1253 1456 1318 1495 cum
1345 1438 1475 1496 omnibns
1501 1437 1588 1508 perii-

340 1527 441 1582 ncntiis
459 1533 488 1582 et
504 1526 608 1582 tributo
626 1527 653 1581 in
671 1526 756 1583 fluvio
774 1527 891 1582 Drawae
910 1531 938 1582 et
955 1526 1087 1582 Danubii.

392 1611 493 1682 cher:
512 1614 576 1672 Ood.
594 1613 664 1683 dipl.
684 1615 713 1670 T.
736 1614 766 1670 V.
785 1615 837 1671 ccl.
856 1615 898 1670 ΙΙ.
915 1631 945 1684 p.
964 1618 1021 1670 131.

391 1751 532 1810 mcxvi
556 1755 729 1826 Zeprsbiue.
753 1758 834 1810 1273.
863 1754 1003 1810 Henricus
1030 1753 1121 1809 banus
1149 1754 1235 1810 totius
1261 1753 1410 1811 slavonios
1437 1754 1586 1826 significat,

339 1839 416 1912 quod
435 1840 588 1910 Gregorius
606 1857 658 1912 pro
676 1857 707 1896 se
725 1844 754 1896 et
771 1837 902 1897 iratribus
920 1842 979 1896 suis
996 1841 1076 1897 Dosa
1096 1846 1124 1897 et
1142 1841 1222 1913 Foyn
1247 1842 1362 1910 vocatis,
1384 1841 1484 1912 Poscyl
1509 1841 1587 1896 filius

252 1935 256 1941 '
338 1928 474 1998 blindai,
492 1927 618 1984 Gordius
639 1927 716 1983 filius
740 1927 875 1984 Radualai
899 1943 950 1999 pro
975 1944 1005 1984 se
1029 1931 1057 1984 et
1083 1945 1134 2000 pro
1161 1928 1314 2000 Draguina,
1342 1929 1484 1984 Demenaa
1510 1927 1588 1983 filius

338 2016 465 2083 Hermen,
483 2015 645 2072 Godimirus
667 2014 741 2070 filius
767 2017 917 2085 Dunguan,
942 2016 1045 2073 Tomas
1068 2015 1142 2072 iilius
1161 2016 1218 2072 Vld
1239 2031 1290 2088 pro
1315 2031 1345 2072 se
1369 2020 1398 2071 et
1419 2031 1470 2088 pro
1494 2013 1585 2070 Vidu-

339 2117 416 2159 mero
435 2109 463 2158 et
480 2103 623 2174 Vgrinicb‚
642 2101 760 2158 Dobrila
780 2102 864 2158 frater
881 2103 942 2158 eius
959 2103 1073 2173 Pctk(o)
1097 2118 1149 2174 pro
1172 2119 1203 2159 se
1227 2107 1256 2159 et
1280 2119 1330 2174 pro
1353 2101 1480 2172 Bratk(c)
1498 2099 1586 2156 fratrs

338 2191 399 2247 eius
417 2196 445 2245 et
463 2189 548 2246 Wolk
565 2189 640 2244 filius
659 2188 799 2245 Volcbina
817 2189 925 2246 nobiles
943 2189 978 2247 dc
997 2190 1142 2260 Brochina,
1161 2191 1209 2261 qui
1227 2194 1363 2246 vocantur
1380 2188 1537 2260 dumanigi
1555 2193 1587 2243 et

338 2277 509 2346 Rartinarigi
527 2293 546 2332 a
563 2281 641 2347 parte
660 2293 723 2343 una,
742 2277 894 2332 Percbinua
914 2292 1009 2333 comer
1027 2277 1064 2332 ab
1081 2278 1168 2334 altera
1185 2277 1337 2346 constituti,
1363 2275 1447 2332 iidem
1473 2274 1586 2330 Jarma·

338 2364 397 2435 nigi
422 2369 450 2419 st
473 2363 643 2432 Roatinarigi
660 2364 807 2420 contestati
826 2369 899 2432 sunt,
926 2363 1069 2420 dimidiam
1096 2371 1204 2438 partem
1230 2364 1365 2436 portionis
1392 2379 1468 2431 snae,
1496 2377 1583 2432 qnam

339 2451 445 2506 babent
462 2451 490 2504 in
508 2465 611 2519 magno
629 2455 723 2506 monts
741 2451 769 2504 in
787 2451 933 2518 Brocbina,
952 2467 982 2506 sc
1001 2451 1159 2508 vendidisse
1176 2451 1313 2508 Perebino
1331 2450 1425 2508 comiti
1443 2465 1495 2520 pro
1512 2461 1582 2519 qna-

338 2537 467 2609 draginta
483 2538 591 2593 marcis.
1105 2600 1109 2610 ¹

392 2625 438 2681 Etr
455 2625 568 2682 archivo
587 2625 721 2681 tameat·
739 2627 870 2682 Budmsi.
891 2626 956 2683 God.
975 2626 1045 2698 dipl.
1064 2627 1173 2696 Arpud.
1190 2626 1246 2682 IX.
1261 2642 1291 2696 p.
1313 2629 1355 2680 41.

391 2765 546 2822 mcxvii.
575 2766 672 2824 Grlsi‘u
696 2769 777 2822 1273.
798 2766 933 2822 Hernicus
952 2766 1042 2822 banus
1059 2767 1144 2822 totius
1163 2766 1312 2822 Slavonise
1330 2763 1477 2834 significat,
1501 2762 1581 2834 quod

312 2851 316 2860 “
339 2855 439 2922 Lucas,
457 2853 540 2924 Wyd,
565 2853 713 2910 Matbacus
736 2860 764 2909 et
787 2854 888 2909 Petrus
912 2851 962 2908 filii
985 2853 1101 2908 Endrini
1125 2853 1301 2909 exhibuerint
1325 2851 1432 2908 litteras
1455 2849 1581 2906 Ladislai

337 2943 420 3014 regis,
448 2940 551 3012 quibua
575 2941 601 2996 ei
624 2941 825 3013 praecipiebat,
852 2947 884 2996 ut
910 2941 1076 3012 particulam
1101 2945 1190 2996 terrae
1216 2939 1293 2997 Odra
1318 2945 1347 2995 st
1372 2937 1493 2996 insulam
1512 2937 1579 2994 Pre-

338 3031 400 3086 loca
425 3013 496 3100 quas
522 3028 560 3084 ab
587 3028 626 3084 eis
653 3027 812 3100 Stephanus
836 3029 926 3084 banus
949 3045 999 3100 per
1022 3028 1175 3099 potentiam
1197 3027 1380 3098 alienaverat,
1404 3027 1445 3082 ela
1471 3025 1581 3082 restitui

339 3116 449 3184 debeat,
467 3114 544 3187 quod
562 3115 652 3171 dictus
669 3115 811 3172 chricus
834 3115 926 3172 banus
944 3115 1137 3187 praesentibus
1154 3114 1286 3171 Ladialao
1304 3115 1362 3172 filio
1380 3113 1517 3186 Gymaina
1533 3128 1580 3168 co-

339 3204 406 3258 mite
424 3203 554 3270 terrestri,
572 3203 641 3258 Ivan
659 3204 716 3259 filio
734 3193 879 3272 Meneslai,
901 3203 1051 3274 Obulgauc
1068 3203 1127 3260 lilio
1144 3203 1298 3272 Domomir,
1323 3201 1419 3260 Rados
1443 3201 1502 3257 filio
1525 3199 1581 3256 Ge·

335 3291 414 3360 orgii,
432 3290 522 3346 Paulo
540 3290 597 3345 lilio
616 3290 690 3346 Vida
708 3296 736 3346 et
753 3291 879 3346 Βοιιοιιο
891 3290 1091 3361 jobagionibus
1109 3291 1193 3346 castri
1211 3290 1338 3362 segub„
1357 3288 1495 3360 aquibus
1513 3305 1579 3344 cum

334 3383 410 3432 essct
426 3376 580 3448 Zegrabiac
598 3378 747 3433 suscitatus
765 3378 863 3446 fuerat,
880 3379 1033 3450 praefatam
1045 3381 1147 3432 terram
1159 3382 1188 3434 et
1200 3379 1320 3434 insulam
1332 3377 1453 3434 filiorum
1466 3375 1580 3446 Endrcy

332 3464 420 3520 fuisse
439 3463 643 3532 hacrcditariaa,
662 3481 748 3536 qnare
765 3465 878 3522 easdem
897 3464 978 3522 dictis
996 3464 1060 3519 liliis
1078 3465 1162 3520 etiam
1181 3465 1308 3520 restituit.

390 3551 440 3607 Ec
458 3553 529 3608 ortis
543 3567 596 3622 per
613 3552 715 3606 batum
733 3548 1009 3624 Eleon-Hadrroury
1026 3567 1061 3608 rs
1077 3553 1157 3624 repat
1174 3551 1287 3610 metito
1306 3553 1449 3610 Porticanus
1467 3550 1578 3608 ablutis.

336 3640 369 3692 N.
389 3639 422 3694 R.
441 3638 476 3692 Δ.
494 3637 577 3694 Fare.
596 3641 654 3693 135.
675 3641 708 3694 N.
727 3641 773 3696 20.

389 3777 558 3835 ldGXVIIl.
578 3783 652 3834 1273.
673 3779 835 3850 Capitulum
860 3779 1039 3838 Ghasmcnsis
1058 3783 1175 3840 ecclesia
1189 3787 1288 3838 notum
1300 3781 1379 3850 iecit,
1398 3781 1476 3853 quod
1493 3797 1580 3853 paruo

337 3864 449 3938 Endrsy
466 3866 502 3922 de
521 3867 680 3923 Greasncbe
697 3867 808 3952 abouna
826 3875 914 3940 parte,
932 3868 1030 3940 Voysa
1048 3875 1077 3926 ct
1094 3871 1228 3926 Marialcv
1253 3869 1336 3926 fratrs
1355 3885 1407 3926 suo
1432 3869 1469 3925 ab
1492 3870 1580 3926 altera

335 3953 503 4036 constitutis,
521 3953 605 4010 iidem
628 3954 728 4010 iratres
755 3954 792 4009 de
817 3959 891 4011 terra
918 3972 970 4012 sus
996 3955 1108 4012 Glodna
1134 3957 1275 4028 quandam
1299 3956 1464 4027 particulam
1490 3955 1580 4014 cidem

336 4040 448 4112 Endrey
466 4058 518 4113 pro
536 4042 554 4097 t
571 4043 671 4096 marcis
689 4041 866 4098 denariorum
887 4042 1030 4098 banalium
1048 4059 1078 4100 ss
1096 4043 1253 4100 vendidisse
1265 4043 1397 4100 confessi
1422 4049 1494 4100 sunt
1520 4043 1580 4100 bls-

336 4133 426 4183 tarum
446 4135 540 4184 autem
559 4129 632 4185 siout
648 4146 696 4185 cas
714 4130 867 4201 Gregorius
885 4129 1035 4186 canonicus
1053 4131 1233 4188 Ghasmsnsia
1250 4131 1452 4188 reambulando
1464 4131 1579 4188 circum·

335 4216 451 4287 scripsit
471 4215 560 4288 prims
576 4217 674 4288 incipit
691 4217 719 4272 in
737 4217 809 4274 valle
828 4233 900 4288 quac
924 4217 1059 4274 vicinatur
1078 4224 1166 4276 turrae
1183 4219 1315 4276 Damiani
1332 4221 1411 4276 iuxta
1429 4217 1579 4292 quemdam

336 4301 459 4372 flurium,
478 4308 506 4359 ct
523 4301 599 4358 vadit
618 4317 667 4375 per
685 4304 775 4360 varim
793 4309 882 4360 metas
896 4309 1000 4361 terreas
1019 4311 1047 4361 et
1064 4305 1194 4362 arboreas
1213 4308 1288 4363 venit
1299 4307 1336 4363 ad
1348 4323 1479 4379 magnam
1497 4309 1579 4364 riam

334 4391 487 4446 Transiens
502 4389 651 4462 quemdam
668 4391 788 4447 rivulum
811 4391 956 4448 descendit
974 4391 1009 4448 ad
1027 4391 1144 4448 fluvium
1167 4397 1195 4449 et
1217 4395 1297 4450 iuxta
1320 4395 1419 4451 silvam
1442 4411 1579 4466 aquosam

285 4487 289 4494 ’
333 4477 503 4533 terminatur.
535 4491 538 4497 ’

388 4563 690 4622 ructuaretur.
711 4567 739 4622 T.
759 4565 829 4636 ap.
849 4571 910 4622 169.
