3464 5382
391 2672 560 2728 cccxcn.
584 2673 620 2730 Δ.
638 2677 716 2730 1240.
735 2676 775 2727 19.
793 2673 877 2728 Maii.
905 2673 977 2728 Cum
1004 2671 1152 2744 Garganus
1179 2676 1303 2744 puteales
1326 2673 1491 2744 spalatensis
1514 2692 1578 2730 eum

338 2766 399 2818 tote
422 2760 544 2816 exercitu
563 2759 713 2832 spalatensi
739 2760 791 2816 iret
816 2776 901 2832 super
927 2760 1075 2815 Almisium
1100 2759 1137 2815 ad
1160 2758 1321 2832 eeeipiende
1344 2775 1444 2831 pecore
1467 2760 1503 2816 de
1526 2763 1578 2818 813

339 2847 441 2914 liberis,
468 2863 541 2917 quse
567 2846 645 2903 dedit
671 2851 699 2902 et
724 2846 916 2903 eeeomodevit
932 2847 1005 2903 Oser
1021 2847 1051 2901 in
1068 2863 1167 2901 manus
1194 2845 1346 2917 Bogdeniei
1369 2863 1421 2917 pro
1437 2850 1578 2903 communi

338 2935 446 3007 Speleti
464 2952 515 3007 pro
533 2933 725 2991 emendatione
743 2933 846 2990 residui
863 2933 1022 3001 beslisrum,
1040 2949 1112 3005 ques
1129 2933 1243 3001 Tullien,
1262 2932 1335 3000 Vlla
1353 2932 1479 2990 Dosenet
1489 2952 1578 3005 quon-

337 3022 404 3079 dam
421 3020 590 3094 depredatus
617 3021 669 3078 mit
694 3021 723 3076 in
749 3037 849 3094 eampo
876 3020 991 3094 Spalsti,
1018 3027 1047 3077 et
1063 3021 1189 3077 homines
1213 3020 1312 3076 Almisi
1334 3020 1360 3075 ei
1383 3037 1440 3076 non
1466 3020 1577 3078 duent:

337 3109 429 3166 dietus
447 3114 571 3182 potestus
588 3126 653 3165 eum
670 3125 722 3166 suo
740 3108 863 3166 exercitu
888 3109 938 3164 ivit
964 3107 1000 3164 ed
1017 3107 1138 3164 insulem
1154 3107 1300 3164 Brachium
1325 3105 1361 3162 etl
1388 3108 1577 3180 eeeipiendem

338 3196 504 3253 solutionem
521 3195 557 3252 de
574 3195 655 3253 benis
673 3201 702 3252 et
719 3195 823 3264 bestiis,
841 3211 913 3267 ques
930 3195 1066 3251 Almisani
1083 3195 1223 3252 hebebant
1237 3195 1265 3250 in
1277 3194 1409 3262 Breehis3
1433 3197 1509 3252 eiteti
1528 3213 1577 3269 per

338 3301 403 3341 eum
419 3283 525 3340 iudices
541 3289 569 3340 et
580 3283 708 3340 homines
725 3283 886 3340 Braeienses
905 3283 1115 3353 assignaverunt
1131 3282 1235 3338 beatiss
1253 3287 1282 3338 et
1298 3298 1343 3338 res
1361 3283 1574 3351 Amisenorum,

338 3377 367 3427 et
383 3371 543 3426 iuraverunt
559 3370 721 3426 fidelitatem
747 3376 776 3428 et
802 3370 1005 3442 sequimentum
1026 3370 1157 3442 potestati
1175 3369 1325 3441 spalatensi
1343 3374 1371 3426 et
1389 3375 1462 3426 stare
1479 3370 1575 3442 Spala-

338 3456 464 3514 tensibus
483 3473 592 3530 semper
606 3457 636 3512 in
650 3457 783 3514 auxilium
800 3463 896 3514 contre
913 3457 1039 3514 homines
1054 3456 1163 3512 Almisii
1174 3462 1203 3513 et
1214 3461 1311 3512 contre
1328 3473 1424 3512 omnes
1442 3457 1575 3526 inimicos,

338 3545 416 3600 salvo
433 3560 506 3616 rege,
533 3549 562 3600 et
578 3545 745 3617 iuraverunt,
771 3543 847 3617 qued
864 3544 950 3600 velint
967 3543 1003 3600 sd
1021 3544 1096 3600 illem
1122 3543 1349 3600 consvetudinem
1366 3545 1465 3613 rivere,
1495 3545 1576 3601 sicuti

338 3631 517 3704 Speletenses
544 3631 648 3687 vivunt
678 3633 715 3687 Et
741 3632 765 3688 si
791 3631 935 3700 seeideret,
959 3630 1034 3704 quod
1061 3647 1110 3687 rex
1138 3629 1221 3686 vellet
1246 3647 1295 3686 eos
1321 3636 1428 3687 mutere
1453 3631 1490 3688 ‹le
1513 3633 1576 3689 loee

337 3717 460 3785 Breeiue,
487 3718 542 3790 ipsi
569 3735 665 3774 omnes
691 3718 727 3774 de
753 3719 852 3775 Braeie
877 3719 983 3775 venturi
1011 3717 1065 3774 sint
1082 3716 1118 3772 ad
1135 3715 1318 3773 habitandum
1341 3717 1456 3790 Spaleti,
1484 3725 1512 3774 et
1537 3719 1577 3775 ibi

338 3811 475 3877 perpetuo
503 3799 772 3862 manebunt.'Unde
795 3805 925 3862 bucerius
951 3805 1062 3862 nomine
1088 3804 1211 3876 Gergeni
1238 3805 1384 3876 potestatis
1407 3811 1436 3861 et
1453 3807 1577 3862 omnium

338 3891 544 3964 Spslstensium
561 3894 641 3960 iuret,
669 3909 765 3950 omnes
791 3893 917 3950 homines
942 3893 978 3949 de
1004 3891 1102 3948 Brseie
1127 3890 1275 3948 defendere
1298 3897 1327 3948 et
1343 3898 1521 3950 manutenens
1539 3893 1577 3948 eb

338 3979 489 4034 Almisanis
507 3985 535 4035 et
553 3979 682 4036 omnibus
700 3980 824 4048 inimleis,
844 3980 920 4036 salvo
938 3995 1003 4051 rege
1021 3979 1192 4050 Hungerise,
1218 3995 1270 4036 nee
1287 3996 1351 4035 cum
1368 3979 1518 4035 Almisnnis
1536 3981 1576 4036 ia-

337 4081 400 4122 cere
417 4081 515 4138 paeem
532 4067 592 4122 sine
607 4066 683 4138 ipsis,
702 4067 769 4122 item
785 4067 858 4122 iuret
880 4067 920 4122 eis
942 4082 1108 4123 conservare
1125 4066 1268 4138 antiquam
1285 4083 1382 4122 eorum
1399 4067 1573 4123 eonsuetudi-

337 4169 409 4208 nsm.
436 4154 539 4208 Actum
556 4154 584 4208 in
604 4154 759 4225 praesentia
776 4153 940 4226 Apollinarii
967 4153 1096 4224 Borgeni
1122 4152 1280 4225 Lernpredii
1301 4152 1443 4224 Ssgnrelli
1470 4155 1576 4226 Duymi

338 4239 470 4308 Formim,
496 4239 516 4294 J
517 4239 588 4295 eneii
606 4239 671 4295 Sub.
691 4239 807 4298 Nieolue
825 4240 919 4309 Stoeh,
947 4241 1034 4296 Stanii
1052 4239 1101 4296 filii
1118 4239 1211 4296 Sabae
1235 4240 1272 4298 de
1297 4240 1385 4298 Ferro
1403 4243 1574 4298 stelionum

338 4325 522 4399 Temporibus
541 4325 668 4398 Gregorii
686 4343 777 4400 pepse
800 4334 829 4384 et
846 4328 1012 4386 serenissimi
1035 4327 1181 4384 flieronise
1198 4327 1277 4384 duem
1295 4328 1448 4386 (lolomani.
1476 4331 1575 4386 Petrus

337 4411 504 4469 Tresmundi
522 4413 705 4470 anconitanus
721 4415 788 4470 eivis
806 4421 834 4472 et
850 4432 925 4472 nune
941 4415 1096 4473 eommunis
1114 4414 1221 4487 Spelnti
1239 4416 1362 4472 noterius
1380 4417 1497 4490 scripsit.

390 4518 511 4575 meus.-
529 4519 571 4574 m
587 4519 681 4590 repes
698 4519 791 4576 nam
809 4525 835 4576 e
855 4519 947 4577 eruar.
965 4520 1021 4577 ur.
1040 4519 1240 4578 senonem
1254 4539 1283 4592 p.
1303 4523 1358 4578 111.
1377 4525 1440 4577 ess.
