3376 5350
677 361 823 404 naasson.
1314 351 1375 416 381

180 539 349 596 MGOOXV.
377 541 513 610 &panii
540 547 613 596 12⁸1.
642 547 666 596 3.
692 543 774 598 Julii.
800 541 899 596 Coram
924 541 1042 596 Nicolso
1067 541 1244 608 Maurooeno,
1276 542 1377 597 comite

128 629 252 700 Ragusii,
271 630 417 700 subscripti
437 635 530 696 testes,
545 629 687 684 Johannes
706 629 740 684 de
759 629 843 694 Prior,
857 629 991 684 Nicolaus
1003 630 1148 692 Dabrouis,
1160 628 1304 683 dohanues
1317 628 1373 698 Gy·

130 719 229 782 monis,
247 717 389 771 iohannes
408 716 507 782 (iillae,
528 715 641 770 Marcus
661 717 755 772 Basilii
775 725 803 771 et
820 715 993 772 Theodosius
1005 717 1129 770 'rhomae
1142 715 1289 784 Dragonis,
1303 717 1375 770 cives

131 805 223 859 Catari
243 813 270 859 et
288 811 479 874 procuratores
505 807 660 858 communis
685 805 789 860 (latiari
814 805 990 870 confitentur,
1013 803 1088 874 quod
1114 804 1267 872 receperint
1290 821 1307 857 a
1333 821 1378 857 oo-

130 909 213 947 mune
232 891 347 962 Ragusii
367 893 507 962 depositas
525 891 590 946 olim
609 893 636 946 in
659 891 782 962 Rngusio
801 909 850 962 per
869 891 1152 961 condamjuppanum
1167 890 1377 956 Decemblium

131 979 248 1034 condam
269 979 295 1034 d.
314 981 386 1048 regis
405 979 552 1048 Ladislavi,
572 985 599 1034 et
618 979 757 1034 dominam
777 979 960 1034 Belloslavam
979 985 1094 1034 matrem
1112 979 1200 1048 ipsius
1219 977 1318 1044 Desae,
1336 995 1379 1032 res

131 1068 283 1137 praetiosos
302 1068 342 1120 uti
362 1067 463 1122 multas
488 1083 599 1136 peenas,
624 1067 736 1138 rapidos
760 1067 789 1120 in
812 1067 908 1136 lingua
926 1065 1066 1120 slavonica
1084 1065 1173 1120 dictos
1199 1064 1233 1120 de
1257 1071 1378 1135 argento.

130 1155 245 1209 Librum
266 1155 471 1224 evangelionuu
491 1171 554 1209 cum
576 1155 685 1210 Christo
704 1161 732 1210 et
750 1171 831 1209 eruce
850 1153 884 1208 de
902 1161 1023 1223 argento.
1043 1151 1127 1208 Pecia
1145 1151 1180 1208 de
1198 1153 1302 1208 xamito
1316 1170 1379 1208 cum

131 1243 246 1298 amaldis
265 1247 292 1297 et
316 1242 407 1314 perlis,
430 1242 530 1296 librum
556 1243 761 1312 evangeliorum
787 1259 850 1300 oum
873 1241 975 1298 tahuhe
999 1243 1102 1312 opertis
1124 1247 1239 1310 argento
1264 1247 1291 1296 et
1316 1257 1378 1296 cum

131 1333 216 1402 petris
235 1331 393 1401 duplicibus
414 1339 440 1386 et
459 1347 522 1384 eum
548 1330 670 1396 smaldis,
689 1333 755 1384 item
774 1330 858 1384 alium
876 1330 976 1384 librum
993 1345 1089 1398 evang.
1103 1345 1166 1383 cum
1181 1330 1379 1384 resurreetione

132 1419 234 1474 Christi
254 1427 362 1473 etcum
382 1435 463 1472 cruce
483 1419 510 1472 in
529 1423 653 1487 argento,
672 1419 737 1472 item
760 1417 844 1472 alium
865 1434 928 1470 cum
952 1415 1054 1472 tabulis
1079 1417 1182 1487 opertis
1207 1431 1277 1470 cono
1302 1417 1380 1484 nigro

132 1515 159 1561 et
178 1525 241 1562 oum
259 1513 374 1576 argento
396 1523 445 1576 per
463 1506 581 1575 angulos
600 1513 628 1559 et
645 1507 673 1559 in
693 1505 793 1560 medio.
819 1505 930 1558 Cartam
958 1520 1041 1558 rrnam
1059 1505 1087 1558 in
1107 1519 1162 1573 qua
1181 1509 1223 1558 est
1247 1505 1379 1574 scriptum

132 1596 255 1650 osticium
275 1595 382 1659 missae,
402 1610 504 1656 cruces,
530 1593 637 1652 calices.
663 1598 794 1663 cooperta
819 1593 853 1646 de
878 1599 1000 1660 argento.
1022 1591 1167 1662 Manipula
1186 1591 1220 1646 de
1240 1590 1325 1661 drapo
1344 1591 1379 1646 ad

132 1700 240 1749 aurum,
259 1683 380 1736 cortinae
399 1681 433 1734 de
453 1679 538 1751 drapo
558 1681 630 1734 lineo
653 1687 765 1750 opertae
789 1697 852 1734 cum
878 1687 944 1734 seta.
968 1679 1083 1732 Cintura
1108 1679 1142 1734 de
1165 1680 1239 1734 corio
1258 1695 1321 1733 cum
1339 1697 1381 1733 ar-

133 1777 224 1838 gento,
243 1769 339 1824 hoeale
358 1768 392 1822 de
412 1776 519 1836 stagno.
534 1769 640 1822 Leones
661 1776 714 1822 tres
734 1768 768 1822 de
787 1768 873 1838 drapo
892 1767 927 1820 ad
945 1784 1053 1822 aurum.
1073 1768 1234 1837 Bragerium
1253 1767 1287 1822 de
1306 1767 1380 1821 corio

134 1875 197 1911 cram
222 1857 298 1911 hulla
324 1857 358 1910 de
377 1863 492 1926 argento
511 1863 538 1910 et
556 1855 674 1910 alterum
694 1855 728 1909 de
747 1863 815 1922 seta,
833 1855 947 1925 specula
971 1856 1031 1922 tria,
1050 1857 1154 1926 pometi
1174 1863 1229 1910 tres
1252 1855 1287 1910 de
1312 1872 1380 1909 auro

134 1954 162 2000 et
180 1944 264 2015 perlis
282 1952 310 1998 et
328 1961 383 1997 una
402 1942 477 2014 perla
496 1950 524 1996 et
543 1941 682 1996 lrexatura
700 1942 783 2011 longa
802 1944 902 1998 cubitis
922 1942 1031 1996 duobus
1048 1947 1075 1996 et
1090 1941 1213 2009 dimidio,
1232 1949 1307 1996 carta
1326 1960 1381 1996 una

135 2049 236 2101 magna
255 2033 366 2101 scripta.
390 2031 487 2084 Libros
512 2030 606 2099 viginti
631 2029 695 2082 duo.
721 2029 833 2099 Drapus
857 2047 975 2098 magnus
1000 2030 1034 2082 dc
1059 2031 1216 2084 cameratis
1239 2029 1381 2084 inbindata

132 2135 183 2189 pro
202 2118 328 2173 iacienda
346 2119 443 2172 umbra
461 2125 512 2172 etc.
527 2115 680 2187 Suluo'ripti
694 2123 773 2171 erant
786 2119 813 2171 in
827 2118 925 2174 litteris
939 2119 1133 2188 procuratoriis
1147 2118 1267 2172 Gattari:
1282 2117 1381 2172 Petrus

134 2208 168 2260 de
187 2206 306 2273 Oalixto,
325 2205 416 2274 iudex,
437 2205 664 2260 Bartholomaeus
684 2204 718 2258 de
736 2205 867 2259 Dohrosii
886 2213 914 2258 et
932 2205 1044 2258 Marcus
1062 2203 1230 2271 Guaolanae,
1250 2203 1381 2274 Pryphon

133 2295 216 2360 Petri,
232 2295 342 2364 juratus
361 2295 483 2347 notarius
502 2292 615 2346 Cattari.
634 2292 667 2346 ln
687 2291 785 2346 litteris
804 2294 948 2363 ragusanis
961 2292 1074 2347 fuerunt
1086 2297 1183 2348 testes:
1204 2291 1326 2362 Vitagna
1345 2292 1379 2346 de

135 2382 232 2448 Cema,
243 2381 345 2436 Vitalis
365 2381 503 2447 Bincolae,
517 2379 658 2434 Grubesea
671 2379 705 2434 de
718 2379 861 2450 Regnana,
874 2381 961 2449 jurati
977 2379 1087 2450 judiees
1105 2386 1134 2434 et
1150 2379 1335 2434 Thomasinus
1347 2379 1382 2434 de

136 2471 235 2524 Savere
254 2471 378 2524 notarius
396 2467 519 2538 Rugusii.

192 2575 266 2644 (arip.
286 2575 318 2627 iu
337 2573 447 2630 archivo
465 2574 533 2641 reip.
553 2573 723 2643 Itupusauce
741 2573 823 2626 Fosc.
847 2573 889 2626 ΙΙ.
914 2589 949 2626 ca
971 2577 1030 2626 106.
1057 2571 1236 2626 Publicolam
1260 2573 1291 2626 in
1316 2571 1383 2626 aaa

136 2663 219 2718 ahod.
234 2661 337 2732 juposl.
357 2663 381 2716 I.
396 2677 426 2728 p.
446 2663 505 2714 135.

190 2819 376 2874 MUCOXVI.
395 2819 536 2884 venetiis,
556 2824 631 2872 [ΞΜ.
649 2825 674 2872 h'.
695 2819 868 2887 rS'eptcmbris.
892 2819 981 2889 Capta
1000 2817 1052 2872 fuit
1071 2835 1134 2887 pars
1153 2819 1180 2872 in
1200 2817 1295 2872 maiori
1316 2833 1378 2871 con·

136 2909 197 2962 silio
217 2926 279 2962 cum
299 2909 408 2962 (luobus
427 2908 532 2961 vicibus
553 2909 666 2962 missum
681 2907 714 2961 sit
727 2909 858 2976 episcopo
878 2907 977 2960 Abseri
996 2907 1065 2967 (sine
1078 2907 1196 2970 effectui,
1214 2905 1338 2959 mittatur
1357 2905 1381 2958 ei

136 2998 242 3059 iterum,
262 2995 427 3066 requirendo
449 2996 541 3064 ipsum
560 3001 591 3048 ut
610 2995 701 3048 veniat
720 2995 854 3048 Venetiae
873 3011 960 3064 usque
979 2993 1014 3048 ad
1034 2994 1134 3047 festum
1155 3010 1176 3046 s.
1195 2992 1317 3058 Martini,
1337 2991 1380 3044 vel

135 3085 229 3137 mittat
255 3100 335 3136 surim
360 3089 574 3152 procuratorem,
600 3079 635 3134 ad
661 3082 886 3152 respondendum
910 3098 994 3150 quare
1017 3089 1092 3135 tenet
1110 3085 1260 3149 occupatas
1279 3077 1384 3133 insulas

138 3171 255 3240 Sansegi
274 3177 302 3224 et
320 3169 501 3235 Nerrmarum
527 3185 598 3238 quae
616 3177 681 3222 eunt
699 3169 831 3223 nobilium
851 3170 971 3222 virorum
989 3168 1139 3222 haeredum
1159 3168 1233 3222 Petri
1253 3165 1383 3230 Storlato,

139 3258 275 3313 iohannis
295 3258 410 3310 Barocio
436 3263 464 3310 et
489 3257 589 3310 Marini
614 3256 752 3310 Dandulo.
773 3255 877 3310 Sinon
902 3257 1014 3324 venerit,
1034 3257 1124 3310 mittet
1143 3254 1288 3310 consilium
1307 3269 1383 3323 prae

138 3345 228 3399 dictos
247 3346 274 3398 in
294 3345 496 3414 possessiouem
516 3351 543 3398 et
563 3351 686 3398 tenutam
706 3343 842 3398 dictarum
860 3344 1021 3418 insularum.

190 3433 306 3501 Ljaotc:
324 3434 403 3486 Mon.
423 3433 447 3486 I.
467 3435 525 3486 130.

194 3574 397 3629 thGOXVll.
418 3579 492 3626 luel.
511 3577 554 3628 22.
574 3574 748 3640 Sept-eiulatu.
769 3573 914 3626 Ladislaus
939 3571 990 3626 lV.
1016 3589 1063 3626 rex
1090 3579 1186 3626 notum
1211 3569 1284 3636 facit,
1310 3568 1383 3638 quod

137 3663 222 3716 abbas
243 3663 276 3715 de
295 3661 410 3732 Toplica
437 3679 487 3714 sua
513 3663 725 3731 conquaestione
749 3661 977 3714 demonstraverit
1002 3661 1035 3725 ei,
1054 3660 1129 3728 quod
1149 3665 1261 3728 propter
1279 3658 1382 3710 viarrrm

138 3751 294 3804 discrimina
323 3767 356 3803 ac
386 3755 499 3820 propter
518 3749 730 3820 depraedatores
755 3755 782 3802 et
801 3749 924 3802 aemulos
943 3747 1076 3801 ecclesiae
1094 3746 1238 3816 privilegia
1258 3743 1385 3808 Andreae

138 3839 219 3908 regis,
239 3837 323 3890 attari
343 3845 370 3891 et
392 3837 473 3892 llelae
492 3839 535 3890 avi
555 3838 605 3902 sui,
624 3853 707 3907 super
734 3835 885 3889 collacione
904 3835 1107 3904 possessionum
1128 3831 1261 3888 ecelesiae
1280 3831 1315 3885 de
1333 3831 1385 3883 To-

140 3925 212 3996 plica
232 3926 404 3980 coniectast
423 3943 507 3995 super
526 3925 675 3978 donatione
697 3924 878 3994 possessionis
904 3921 1040 3976 Graznich
1065 3921 1144 3974 iuxta
1163 3920 1275 3973 flrrvium
1295 3919 1384 3983 Zama,

138 4015 220 4068 etiam
241 4021 413 4084 perpetrem
438 4013 510 4081 repis
533 4012 706 4082 Stephanum
731 4011 892 4064 confirmata
916 4009 950 4062 ad
976 4025 1068 4078 regem
1094 4008 1200 4061 deferre
1227 4024 1282 4060 non
1308 4021 1385 4076 prae·

138 4117 287 4164 summeus,
306 4103 446 4171 petivisset
460 4109 491 4152 ut
505 4099 605 4153 dictam
626 4097 762 4153 Graznich
782 4096 870 4150 eidem
885 4097 1017 4150 ecclesiae
1035 4096 1196 4148 confirmare
1211 4095 1384 4164 dignaretur;

139 4191 182 4244 cui
211 4189 337 4258 petitioni
366 4204 411 4240 rex
441 4189 545 4239 anarrit.
575 4187 678 4240 ilatum
708 4203 756 4256 per
783 4201 881 4238 luanus
909 4183 1032 4253 magistri
1063 4181 1183 4236 alcluruis
1208 4181 1288 4234 aulae
1316 4181 1384 4233 vice·

138 4277 302 4332 cancellarii.

194 4365 320 4418 Threicii:
340 4364 417 4416 Mon.
441 4363 515 4414 llisr.
538 4363 566 4416 l'.
585 4363 608 4416 I.
629 4381 656 4429 p.
673 4366 734 4416 cult.

192 4504 409 4558 illillCXVllI.
439 4507 516 4558 1:²⁸1.
542 4507 582 4556 15.
607 4505 772 4558 Decembris.
801 4502 985 4571 Temporibus
1009 4499 1126 4554 ioannis
1151 4495 1283 4565 Danduli,
1307 4495 1386 4550 ducis

139 4594 330 4656 Veneriorum,
358 4593 443 4662 patris
469 4591 597 4656 Simonis,
625 4591 772 4644 Pharensis
793 4590 915 4660 episcopi
941 4597 968 4643 et
992 4587 1126 4641 nobilium
1151 4587 1269 4640 virorum
1297 4585 1384 4639 Marci

141 4681 257 4746 Dulfini,
276 4680 364 4734 Fame
383 4687 409 4733 et
429 4679 562 4734 Brachiae
581 4679 724 4748 potestatis
748 4695 781 4732 ac
806 4677 922 4732 Henrici
940 4675 1056 4730 Zantani
1076 4675 1135 4729 eius
1155 4673 1309 4742 consiliarii,
1335 4687 1386 4728 nec
