3544 5344
378 419 419 482 14
872 442 893 484 1.
917 431 1116 498 adsumtio,

374 627 425 662 suo
450 614 477 662 et
498 609 699 679 perigrinorum
723 601 798 677 apud
814 603 947 660 Jaderam
970 606 1098 672 hiemare,
1123 623 1195 675 quae
1219 623 1280 660 cum
1306 613 1380 660 esset
1402 606 1511 662 rebellis
1537 605 1561 662 ei
1586 615 1614 662 et

373 695 499 750 Venetiir
522 695 606 764 longo
624 700 757 763 tempore,
781 691 943 746 decivitate
961 699 989 746 et
1006 692 1119 759 civibus,
1144 692 1296 746 secundum
1314 691 1389 761 quod
1411 695 1495 748 moris
1515 699 1557 748 est
1574 695 1614 749 in·

373 784 461 837 1166111
478 799 508 836 66
525 782 731 847 inimicantium,
750 779 822 834 iuste
840 779 989 850 sumpserit
1006 780 1146 834 ultionem.
1165 779 1281 850 Propter
1295 779 1370 848 quod
1388 782 1553 834 sententiam
1565 797 1612 836 ex-

372 870 598 925 communicatias
625 875 720 923 eontra
747 884 810 922 eum
837 873 865 922 61
888 867 1011 922 Venetos
1036 867 1140 938 placuit
1167 867 1290 936 pontifici
1318 867 1500 938 promulgare,
1529 884 1614 937 quam

373 959 509 1028 patienter
533 957 651 1023 sustulit,
676 972 765 1026 usque
789 953 856 1008 dum
874 971 923 1026 per
941 953 1108 1008 cardinalem
1126 971 1147 1008 s.
1166 953 1290 1009 Marcelli
1313 953 1437 1023 legatum
1458 971 1539 1008 6116111
1557 971 1613 1008 me·

372 1045 428 1098 ruit
445 1043 656 1098 absolutionem.

428 1132 561 1186 Tbctner:
580 1131 657 1186 Mon.
676 1129 750 1185 Sicu.
769 1131 865 1186 meriti.
885 1131 915 1198 l.,
933 1133 975 1183 38.

426 1244 561 1299 XLVIII.
578 1243 720 1314 Venatiis¹
739 1246 859 1297 61204.
878 1243 994 1297 Pactum
1011 1243 1082 1296 inter
1095 1241 1245 1296 Jadrenses
1264 1247 1291 1296 et
1308 1243 1469 1297 Dominium
1484 1243 1614 1299 Venetia·

372 1349 441 1386 rum.
460 1331 552 1386 Primo
564 1329 661 1384 volunt
673 1329 773 1399 eligere
785 1329 1022 1400 archiepiscopum
1035 1328 1070 1382 de
1080 1327 1205 1394 Venetis,
1224 1329 1338 1398 eiusque
1356 1329 1517 1385 electionem
1530 1333 1613 1402 patri·

373 1419 471 1474 archae
496 1417 632 1473 Gradensi
657 1435 707 1488 pro
731 1417 937 1472 confirmatione
962 1421 1164 1486 representare,
1188 1416 1235 1484 qui
1259 1416 1342 1470 etiam
1364 1415 1524 1472 fidelitatem
1549 1418 1613 1472 duci

368 1506 481 1577 jurabit.
501 1507 525 1559 2.
544 1505 776 1574 Archispiscopus
800 1503 915 1558 habebit
938 1503 1081 1572 antiquum
1103 1502 1150 1572 jus
1174 1501 1209 1555 de
1227 1501 1392 1556 Daimatinis
1415 1505 1560 1575 episcopis,
1585 1512 1613 1559 et

372 1609 468 1648 omnes
492 1593 627 1658 introitus,
652 1607 723 1660 quos
742 1597 770 1644 et
790 1597 879 1656 antea,
905 1597 933 1644 et
949 1591 1062 1660 insuper
1080 1606 1097 1642 a
1115 1590 1253 1643 communi
1271 1589 1374 1644 Jadraa
1399 1593 1473 1644 omni
1492 1609 1565 1646 anno
1583 1593 1611 1645 in

373 1679 497 1734 kalendis
521 1679 611 1732 martii
634 1695 721 1732 unum
745 1677 892 1731 miliarium
916 1683 944 1730 et
968 1676 1112 1731 dimidium
1136 1677 1331 1731 cunicularum.
1356 1679 1380 1732 3.
1400 1676 1497 1732 Clarus
1521 1678 1610 1732 1116111

372 1783 445 1820 anno
466 1764 588 1818 cantabit
611 1763 707 1818 laudes
726 1762 838 1818 dominc
856 1763 920 1817 duci
945 1769 972 1817 et
990 1764 1168 1833 patriarchae,
1190 1763 1397 1834 archiepiscopo
1415 1771 1443 1818 61
1461 1765 1612 1819 communi·

371 1852 421 1905 tati
444 1852 473 1904 in
494 1852 591 1905 maiori
614 1850 737 1906 ecclesia.
761 1851 786 1904 4.
806 1848 943 1903 Comitem
966 1850 1068 1918 eligent
1078 1849 1223 1910 ¹Jadratini
1248 1867 1356 1920 semper
1379 1850 1414 1904 de
1432 1849 1559 1917 Venetia,
1584 1858 1613 1905 et

371 1937 601 2008 representabunt
618 1937 778 1992 electionem
796 1935 868 1990 duci.
885 1935 985 1990 Comes
1000 1936 1105 2004 jurabit
1124 1937 1206 1990 etiam
1224 1936 1383 1991 fidelitatem
1397 1936 1467 1990 duci.
1486 1937 1612 1992 Habebit

371 2040 467 2078 omnes
485 2023 608 2078 redditus
627 2031 654 2077 et
671 2021 901 2089 honorificentias,
921 2040 990 2092 quas
1008 2023 1110 2076 habere
1134 2023 1260 2077 solebant
1278 2023 1313 2078 de
1330 2025 1420 2078 insula
1438 2025 1507 2094 Pagi
1525 2031 1553 2079 61
1570 2027 1609 2078 in·

371 2127 455 2182 super
473 2111 624 2167 Scherdam
647 2111 774 2164 insulam.
799 2111 823 2164 5.
843 2111 946 2165 Omnes
970 2110 1095 2164 homines
1120 2109 1266 2164 comitatus
1290 2129 1307 2164 a
1327 2111 1359 2166 14
1378 2112 1457 2164 annis
1482 2117 1509 2164 et
1527 2129 1612 2182 supra

365 2197 500 2268 jurabunt
523 2197 682 2252 fidelitatem
701 2196 772 2250 duci.
797 2197 821 2250 6.
841 2195 870 2250 Si
889 2197 1033 2265 eontigerit
1050 2195 1150 2250 ducem
1174 2202 1222 2250 aut
1245 2197 1356 2250 nuntios
1381 2213 1447 2252 suos
1472 2199 1611 2268 applicare

367 2285 507 2351 Jaderam,
527 2285 677 2354 suscipient
695 2299 742 2338 666
760 2283 917 2338 honorifice.
937 2283 1003 2336 Dux
1019 2288 1111 2353 potest
1128 2282 1262 2352 hospitari
1281 2283 1309 2336 in
1327 2282 1411 2337 domo
1430 2284 1611 2354 archiepisco·

368 2371 424 2442 pali
442 2371 536 2425 autin
555 2371 609 2424 alia
627 2369 710 2424 domo
733 2369 895 2424 honorabili.
917 2371 939 2423 7.
960 2369 1075 2436 Quoties
1094 2369 1208 2423 fecerint
1225 2368 1327 2422 Veneti
1345 2370 1496 2423 exercitum
1522 2386 1611 2438 usque

367 2458 522 2527 Ragusium
541 2463 568 2511 et
585 2457 665 2524 infra,
689 2457 790 2512 facient
808 2465 835 2510 et
851 2456 989 2510 Jadratini
1014 2455 1167 2510 seeundum
1185 2473 1331 2510 numerum
1350 2473 1463 2510 suorum
1481 2457 1610 2510 virorum.

368 2545 399 2600 Si
417 2561 482 2600 vero
507 2543 601 2598 feeerit
625 2544 777 2597 exercitum
795 2561 812 2596 a
830 2543 916 2596 XXX
942 2543 1028 2612 galeis
1048 2549 1075 2596 at
1093 2559 1185 2613 supra,
1210 2559 1282 2612 quae
1300 2541 1403 2596 dabant
1423 2545 1539 2597 transire
1557 2543 1611 2597 ila-

367 2632 486 2700 gusium,
505 2631 606 2684 facient
618 2629 682 2684 inde
693 2629 830 2684 Jadratini
848 2629 1028 2684 tricessimam
1047 2635 1161 2700 partem.
1180 2631 1204 2682 8.
1217 2628 1357 2683 Jadratini
1374 2629 1479 2684 debunt
1498 2629 1610 2684 domino

368 2718 504 2783 Michaeli‚
524 2717 571 2786 qui
589 2717 678 2770 iactus
697 2723 756 2770 erat
773 2731 864 2771 comes
878 2717 946 2785 Pagi
959 2721 986 2770 61
998 2717 1114 2770 aliarum
1131 2717 1292 2782 insularum,
1307 2719 1375 2771 1350
1391 2717 1476 2770 libras
1494 2719 1522 2772 in
1541 2734 1608 2786 qua·

365 2809 429 2858 tuor
447 2804 526 2857 annis
544 2804 573 2856 in
591 2803 706 2872 singulis
725 2803 850 2864 kalendis
866 2803 965 2858 Martii.
985 2806 1009 2857 9.
1021 2801 1159 2857 Jadratini
1176 2803 1273 2857 tolient
1291 2803 1325 2857 de
1344 2804 1471 2858 omnibus
1490 2805 1607 2858 navibus

366 2895 566 2956 extraneorum,
585 2906 657 2958 quae
675 2889 739 2944 illuc
752 2889 933 2960 applicuerint
945 2889 979 2944 ad
993 2895 1113 2959 portum,
1130 2890 1205 2944 illam
1223 2889 1370 2956 dationem,
1390 2907 1474 2959 quam
1489 2891 1608 2944 Venetia

365 2978 436 3032 tollit
460 2976 496 3030 ab
515 2977 652 3030 extraneis
676 2975 801 3042 navibus,
826 2975 1003 3044 dividentque
1021 2975 1081 3029 illas
1100 2977 1127 3029 in
1146 2982 1201 3030 tres
1226 2983 1333 3047 partes:
1358 2995 1443 3032 unam
1461 2978 1607 3048 archiepis·

365 3080 444 3134 copo,
469 3063 552 3118 aliam
570 3065 670 3129 comiti,
691 3064 800 3117 tertiam
823 3062 1019 3117 communitati.
1045 3064 1068 3115 9.
1088 3063 1191 3118 Omnes
1213 3063 1316 3118 amieos
1335 3061 1506 3118 Venetorum
1524 3063 1607 3118 habe·

367 3149 436 3203 bunt
460 3167 510 3220 pro
535 3151 592 3204 suis
617 3150 711 3203 amicis
736 3149 807 3202 sieut
830 3155 858 3201 et
881 3149 1005 3202 inimicos
1030 3147 1081 3218 pro
1105 3149 1229 3203 inimicis.
1256 3152 1296 3205 10.
1315 3151 1359 3204 De
1380 3151 1465 3204 muris
1490 3152 1606 3206 civitatis

366 3237 506 3292 ruinandis
531 3238 575 3291 vel
598 3255 662 3302 non,
687 3235 754 3289 nihil
772 3235 938 3290 concludant
959 3236 1018 3288 sine
1036 3235 1177 3290 voluntate
1200 3235 1285 3290 ducis.
1306 3239 1347 3290 11.
1367 3236 1450 3291 Omni
1468 3254 1541 3292 anno
1559 3236 1607 3291 da-

366 3325 435 3378 bunt
453 3325 591 3378 communi
609 3323 790 3376 Venetiarum
809 3339 940 3393 perperos
959 3328 1069 3376 66616111
1087 3329 1114 3376 61
1132 3323 1339 3392 quinquaginta,
1364 3323 1485 3378 calendis
1505 3324 1605 3390 Martii,

366 3417 413 3464 aut
436 3411 489 3464 tria
512 3410 629 3464 miliaria
654 3408 788 3462 bonarum
813 3409 1008 3462 canicularum.
1035 3409 1230 3463 1616111611
1255 3409 1513 3464 16611111661616666
1535 3411 1605 3478 illos,

365 3497 413 3566 qui
437 3497 580 3550 exiverunt
603 3493 745 3550 celsitate
769 3501 882 3566 propter
904 3494 1070 3550 discordiam
1093 3513 1155 3550 cum
1173 3495 1297 3550 Venetis.
1323 3499 1363 3551 13.
1382 3498 1437 3552 Pro
1461 3497 1605 3552 obsidibus

363 3583 471 3637 dabunt
488 3582 626 3637 Jadratini
644 3583 756 3650 triginta
781 3589 808 3635 et
827 3582 904 3649 inira,
923 3583 970 3651 qui
989 3582 1102 3636 stabunt
1126 3599 1234 3653 semper
1251 3583 1280 3637 in
1298 3583 1424 3650 Venetia,
1449 3585 1484 3638 ud
1504 3601 1606 3655 espen.

364 3669 441 3724 dium
457 3669 569 3724 Jadrae.
594 3671 634 3723 14.
655 3665 757 3723 Comes
774 3671 891 3740 quisquc
916 3669 999 3724 debet
1016 3670 1118 3724 habere
1136 3687 1217 3724 snam
1235 3670 1349 3724 domum
1366 3670 1471 3726 Jadrae
1489 3689 1540 3742 pro
1557 3671 1605 3724 ha·

365 3757 504 3812 bitatione.
524 3759 566 3812 15.
583 3757 638 3811 Pro
657 3757 864 3812 conservatione
883 3758 955 3827 pacti
970 3757 1106 3826 jurabunt
1123 3773 1218 3812 omnes
1236 3757 1380 3812 Jadratini.

415 3844 531 3910 Ljubit:
551 3846 731 3898 Monumcnta
748 3843 812 3898 bist.
831 3843 905 3899 Slno.
924 3845 1020 3898 merid.
1041 3847 1072 3913 1,
1090 3861 1117 3912 p.
1138 3847 1178 3896 21.

415 3955 747 4012 ΧΙ11Χ.01’1666.1204.
768 3955 933 4011 Benedictus
952 3955 1094 4024 gradensis
1113 3957 1269 4026 patriarcha
1287 3964 1315 4012 et
1326 3959 1484 4014 Dalmatiae
1502 3960 1604 4030 primas

364 4041 399 4096 ad
418 4042 579 4112 petitionem
596 4042 734 4097 Dominici
758 4041 866 4096 abbatis
885 4059 906 4094 s.
925 4043 1054 4096 Damiani
1078 4041 1113 4096 de
1132 4043 1229 4097 Monte
1247 4051 1274 4097 61
1292 4045 1352 4114 ejus
1377 4051 1536 4111 conventus,
1562 4061 1603 4098 ec·

363 4128 475 4182 61661616
493 4145 514 4182 s.
533 4129 654 4182 Dimitrii
677 4129 804 4198 martyris
821 4129 849 4182 in
867 4129 886 4182 J
888 4127 1011 4183 adertina
1035 4130 1144 4184 civitate
1162 4131 1281 4200 positam
1306 4132 1472 4186 monasterio
1491 4131 1527 4184 ab
1546 4131 1604 4184 1161-

363 4231 443 4269 verso
461 4216 533 4270 clero
553 4221 580 4269 et
598 4217 703 4286 populo
722 4216 857 4281 collatam,
877 4216 1027 4269 confirmat
1046 4215 1080 4268 V.
1101 4233 1141 4269 nr.
1161 4217 1272 4270 XXIX.

415 4302 548 4357 Fcrlati:
566 4303 648 4372 Illpr.
666 4318 737 4356 acer.
759 4303 787 4354 T.
811 4303 849 4370 V,
864 4321 894 4372 p.
916 4307 958 4355 70.

413 4415 445 4468 L.
469 4415 638 4486 Anagniae,
663 4419 688 4468 4.
714 4415 863 4468 Februarii
886 4418 965 4467 1205.
992 4415 1170 4470 Innocentius
1194 4416 1248 4470 111.
1276 4433 1350 4486 papa
1378 4415 1413 4469 ad
1443 4417 1604 4486 petitionem

362 4501 471 4555 abbatis
490 4509 517 4556 61
535 4508 685 4556 conventus
698 4501 724 4556 b.
737 4500 887 4571 Grisogoni
901 4501 921 4555 J
922 4501 1110 4569 adertinensis,
1130 4518 1262 4572 personas
1276 4507 1303 4556 et
1314 4505 1512 4558 monasterium
1530 4504 1603 4573 ipso·

361 4605 423 4642 rum
442 4605 506 4642 cum
524 4589 653 4642 omnibus
671 4588 759 4654 bonis,
779 4605 851 4658 quae
869 4587 1000 4660 possidet,
1026 4595 1074 4642 aut
1092 4590 1120 4643 in
1138 4589 1261 4644 futurum
1283 4589 1397 4658 adipisci
1421 4591 1528 4660 poterit,
1551 4589 1603 4644 sub

362 4673 388 4728 b.
407 4675 481 4730 Petri
505 4683 532 4729 et
557 4691 608 4728 sua
629 4676 800 4746 protectione
824 4675 946 4746 suscipit.
971 4674 1133 4746 specialiter
1157 4683 1264 4731 autem:
1289 4677 1417 4731 eeclesias
1437 4678 1551 4732 sfPetri
1569 4677 1604 4732 de

1754 2003 1767 2298 l

1749 3669 1767 4408 l

1749 4517 1767 5310 i

1750 1825 1767 1852 (i
