3480 5356
347 393 412 462 284
849 419 869 462 1.
890 393 1088 472 romaico,

382 583 488 640 OMLI.
499 583 634 641 viterbii.
644 585 724 639 1268.
735 585 774 637 31.
784 583 894 640 Martii.
903 582 1033 640 Clemens
1042 581 1094 638 IV.
1105 597 1180 654 papa
1192 581 1312 638 Oosmee
1324 579 1449 640 saladini
1458 577 1592 638 Jedrensi

348 671 513 727 ...Aeonis
531 669 776 742 Iustinopolitsno,
795 673 823 726 et
839 669 963 727 Thomas
981 669 1076 726 Basilii
1093 668 1248 726 catbarsnsi
1265 669 1373 725 civibus
1391 668 1497 734 scribit,
1515 669 1592 740 quod

346 759 410 814 illos
427 760 456 814 in
474 757 604 829 syndicos
622 761 651 812 et
668 762 862 830 procuratores
883 757 999 813 ministri
1019 763 1047 813 st
1065 757 1181 814 fratrum
1200 756 1305 814 ordinis
1328 758 1467 814 minorum
1480 757 1591 830 provin

346 847 405 902 cias
424 845 572 902 slavonice
590 844 771 900 constitnerit
1137 895 1139 900 .

398 932 554 990 Fabiuos't:
574 931 671 988 stota
690 931 736 988 del
748 931 827 1001 freti
843 931 947 987 minoas
965 933 989 988 1.
1005 947 1034 1001 p.
1054 934 1115 988 415.

399 1053 616 1110 OMLII.1268.
636 1053 779 1108 admit
798 1047 1110 1124 Capitulum'scclesias
1132 1051 1206 1108 besti
1223 1052 1299 1109 Petri
1322 1051 1359 1108 de
1382 1053 1494 1123 Posaga
1519 1057 1589 1109 noti·

344 1143 418 1209 licat,
437 1139 512 1212 quod
531 1139 645 1196 domina
662 1137 758 1195 relicta
775 1139 849 1196 Poes
867 1155 931 1195 cum
950 1139 1007 1194 suls
1032 1139 1096 1194 liliis
1120 1138 1264 1209 Gregorio,
1288 1139 1386 1208 Panlo,
1413 1155 1445 1196 sc
1469 1140 1588 1198 resono

345 1229 486 1284 exaltare
504 1226 680 1282 matrimonio
698 1231 843 1297 procreato
861 1243 896 1280 ex
914 1241 971 1281 una
989 1233 1076 1297 parts,
1095 1225 1249 1296 Gregorius
1266 1231 1360 1282 autem
1386 1223 1526 1283 Kenesins
1551 1243 1587 1284 ex

344 1317 432 1372 altera
458 1320 618 1386 praeeuntes
636 1313 756 1370 confessi
775 1313 838 1382 sint,
857 1313 933 1384 quod
951 1312 1025 1370 idem
1043 1313 1137 1370 relicta
1155 1329 1219 1368 cum
1238 1314 1296 1370 suis
1314 1313 1378 1369 tiliis
1396 1315 1532 1385 Gregorio
1560 1320 1588 1370 st

344 1402 433 1458 Paulo
451 1407 553 1458 terram
572 1417 653 1457 suam
671 1401 742 1456 inter
758 1400 862 1458 rivulos
890 1401 985 1456 Kenea
1009 1405 1037 1456 et
1060 1398 1201 1457 Dubcuch
1223 1399 1328 1472 potoka
1351 1401 1441 1470 sitam,
1465 1399 1501 1456 de
1520 1417 1587 1458 con·

344 1505 428 1546 sensu
446 1488 558 1544 Nicolai
575 1488 625 1542 filii
644 1489 688 1543 sni
706 1491 733 1543 et
750 1492 1003 1544 commetaneorum
1022 1487 1101 1542 chen
1119 1493 1147 1542 et
1164 1485 1258 1542 Tords
1271 1487 1380 1557 generis
1398 1487 1442 1543 sni
1454 1493 1482 1544 et
1493 1487 1587 1546 Duas

343 1593 395 1648 pro
413 1577 448 1632 50
465 1576 565 1631 marcis
583 1575 690 1646 ergenii
708 1573 845 1644 Gregorio
864 1574 988 1630 Keneaio
1006 1571 1160 1630 vendiderit
1175 1574 1288 1629 exclusa
1307 1575 1434 1646 portione
1452 1575 1587 1646 praedicti

343 1661 436 1720 Torda
453 1662 563 1734 generis
581 1662 633 1717 sui.
652 1661 774 1733 Insuper
792 1660 916 1717 vendidit
935 1662 1019 1717 etiam
1043 1661 1153 1716 mnsam
1176 1662 1205 1716 in
1230 1661 1366 1718 territorio
1391 1661 1470 1718 onan
1494 1663 1586 1719 sitam.

343 1749 420 1806 ldets
446 1755 535 1804 terrae
562 1748 658 1820 incipit
684 1749 762 1804 iuxta
789 1748 944 1806 Dobouecb
968 1748 1056 1820 potok
1078 1748 1193 1804 inferius
1219 1747 1320 1805 domus
1338 1749 1438 1806 Darae.
1457 1748 1585 1806 Indead

342 1836 440 1892 silvam
460 1833 528 1891 Bok.
547 1834 617 1892 Inde
636 1835 672 1892 ed
691 1833 833 1906 quoddam
851 1835 978 1906 Kalysta,
1003 1840 1031 1892 et
1054 1835 1179 1906 pervenit
1202 1835 1242 1891 ad
1265 1851 1368 1905 squam
1392 1834 1534 1892 (lherneca
1556 1839 1586 1892 et

341 1921 378 1977 sd
396 1920 554 1979 clausuram
572 1922 660 1994 ipsius
679 1937 769 1992 aquae
788 1921 836 1976 ubi
854 1922 945 1993 pisces
964 1921 1120 1993 capiuntur.
1138 1921 1209 1978 Inde
1233 1921 1269 1976 ad
1292 1921 1386 1978 locum
1410 1922 1458 1978 ubl
1482 1923 1584 1978 fluvius

340 2007 500 2078 Wrboycha
517 2009 642 2079 iungitur
659 2008 744 2064 fluvio
762 2007 873 2079 Lukuy.
892 2007 978 2064 Venit
992 2008 1028 2064 ad
1047 2025 1177 2080 campum
1191 2007 1395 2080 Treaeenapole
1414 2015 1442 2065 st
1459 2010 1536 2066 venit
1546 2011 1582 2066 ad

339 2094 480 2151 Duboucb
499 2095 586 2167 potok
604 2099 632 2152 et
650 2094 686 2150 ad
704 2095 797 2151 locum
821 2095 870 2151 ubi
894 2095 969 2152 cadit
986 2095 1237 2167 Zcopbenilrpotok
1255 2097 1283 2150 in
1301 2094 1421 2152 eundem
1439 2095 1582 2154 Dubouch

340 2181 430 2238 donec
448 2183 524 2238 venit
541 2181 577 2236 ad
596 2183 724 2252 priorem.

392 2269 441 2324 Bc
460 2269 645 2339 transumptis
665 2269 763 2325 Oorols'
786 2269 858 2338 regie
876 2269 909 2325 ds
928 2269 1012 2326 assis
1031 2273 1100 2322 1317
1118 2272 1231 2326 et1323
1249 2275 1275 2325 ct
1293 2269 1415 2338 capitali
1432 2271 1583 2327 Bossesss'a

339 2356 373 2411 dc
391 2371 416 2412 s.
435 2359 509 2412 1400.
529 2355 574 2410 Ee
591 2356 663 2412 uatis
686 2371 736 2424 per
758 2356 861 2411 basam
882 2356 1160 2426 Kbuco·Hcclcrcary
1183 2371 1217 2410 ee
1240 2355 1351 2412 orcltioo
1375 2358 1454 2426 repet
1478 2357 1583 2414 ablutis

339 2446 372 2497 N.
391 2443 425 2499 R.
444 2442 478 2498 A.
497 2444 579 2500 Face.
599 2446 674 2502 1502.
692 2445 726 2498 N.
746 2448 788 2498 16.
808 2445 893 2500 ct17.

391 2563 528 2620 CMLIII.
546 2563 680 2622 viterbii.
700 2567 778 2621 1268.
796 2568 840 2623 23.
859 2565 949 2622 susti.
968 2565 1099 2622 Clemens
1112 2563 1165 2621 1v.
1178 2580 1252 2636 papa
1267 2563 1476 2620 communicans
1494 2562 1580 2619 archi·

339 2651 473 2722 episcopo
490 2649 630 2718 Jadrensi,
649 2667 712 2706 cnm
731 2650 820 2707 abbas
837 2657 865 2707 et
882 2651 1010 2708 monachi
1027 2651 1187 2708 monmtcrii
1206 2651 1247 2708 St.
1265 2651 1385 2706 Cosmus
1403 2655 1432 2706 et
1449 2649 1580 2705 Damiani

336 2737 372 2794 de
391 2739 488 2794 Monte
507 2737 637 2794 Jadreusi
656 2737 715 2794 ord.
734 2737 923 2796 §.Benedici
952 2739 1091 2796 destinare
1115 2743 1256 2806 curarunt,
1280 2736 1355 2809 quod
1380 2737 1579 2793 monesterium

338 2825 430 2896 ipaum
449 2841 498 2896 per
516 2825 650 2880 incuriam
669 2831 696 2881 et
714 2825 848 2882 malitiam
866 2825 1026 2896 degentium
1043 2827 1072 2882 in
1090 2825 1189 2883 ecdem
1207 2826 1236 2880 in
1254 2823 1445 2896 spiritualibus
1464 2829 1492 2880 et
1509 2827 1576 2879 tem·

336 2911 478 2983 poralibus
504 2912 540 2966 sit
561 2911 725 2983 collapsum,
751 2912 891 2968 humiliter
918 2913 1099 2985 postulabant
1122 2917 1154 2968 ut
1180 2913 1273 2984 ipsum
1296 2928 1360 2968 cum
1384 2910 1518 2966 membris
1542 2909 1578 2966 de

334 2998 504 3055 cisterciensi
521 2998 617 3055 ordine
635 2999 785 3056 reformare
803 3000 917 3069 iaceret,
942 3016 1060 3071 qnorum
1084 2999 1210 3072 petitioni
1234 2998 1383 3055 annuendo
1407 2997 1530 3066 mandat,
1554 2996 1578 3052 si

265 3073 269 3081 ’
335 3085 450 3158 capituli
468 3100 599 3142 usensus
617 3085 653 3141 ad
671 3087 724 3142 hoc
743 3087 857 3143 accedat
874 3092 1012 3158 quatenus
1030 3087 1135 3143 dictum
1152 3087 1352 3143 monasterium
1370 3099 1435 3141 cum
1446 3083 1577 3140 membris

336 3171 372 3228 de
390 3171 486 3229 ordine
504 3173 673 3229 cisterciensi
690 3174 851 3230 monasterii
869 3173 904 3229 de
922 3175 1037 3246 Toplise
1060 3173 1256 3245 Zagrabiensis
1281 3173 1417 3230 dioecesis
1439 3171 1576 3228 reformet

390 3259 521 3315 mnes:
540 3261 617 3316 Mos.
639 3265 690 3317 ost.
708 3261 802 3330 Hunc.
820 3261 844 3315 I.
862 3277 890 3330 p.
910 3263 972 3317 293.

386 3397 521 3455 OMLIV.
547 3399 629 3456 Arbi.
655 3402 735 3456 1268.
756 3401 799 3456 23.
817 3399 946 3469 Astomi.
970 3400 1154 3471 Temporibus
1178 3399 1321 3456 Lauremii
1345 3399 1473 3470 Teupolo
1496 3397 1575 3455 ducis

333 3483 522 3554 venetiarum,
547 3485 675 3556 Gregorii
693 3485 728 3541 de
747 3485 881 3554 Oestirra,
907 3486 1041 3543 Arbcnsis
1065 3486 1190 3558 episcopi
1214 3492 1241 3542 et
1264 3485 1354 3541 Marci
1375 3483 1506 3541 Bsdoarii
1530 3501 1575 3541 co-

218 3565 220 3570 *
332 3571 414 3640 mitis,
435 3569 628 3644 praesentibus
645 3571 768 3642 Georgio
786 3572 929 3643 quoddam
947 3573 1069 3630 Simonis
1087 3577 1118 3630 et
1135 3573 1155 3629 J
1156 3589 1246 3629 osane
1258 3571 1383 3629 Nicolae.
1396 3570 1470 3627 Oum
1482 3569 1574 3629 dietus

332 3658 480 3730 episeopus
498 3673 562 3714 cum
580 3657 703 3730 capitulo
722 3675 774 3715 suo
792 3677 810 3715 a
828 3661 968 3716 communi
991 3659 1110 3716 Arbensi
1133 3658 1254 3716 decimae
1278 3675 1334 3714 non
1360 3663 1508 3715 consuetae
1533 3675 1573 3715 rs·

331 3745 475 3815 quirendo,
496 3751 616 3802 rectores
634 3761 667 3801 ac
685 3746 832 3802 consilinm
850 3747 970 3803 civitatis
988 3747 1041 3802 sub
1059 3745 1205 3802 interdicto
1224 3746 1372 3818 posuisset,
1398 3750 1465 3802 tuno
1489 3745 1574 3802 Reate

333 3831 437 3902 (prior)
456 3847 488 3887 ac
506 3830 611 3887 iudices
634 3831 805 3888 Hermolaus
830 3833 956 3902 Matthei,
983 3833 1166 3889 Martinusius
1183 3832 1218 3888 de
1237 3831 1350 3903 Slsriga
1368 3837 1395 3888 et
1413 3831 1573 3904 Stephanus

330 3917 365 3974 de
378 3957 465 3975 .....
483 3917 633 3975 consiliarii
651 3918 790 3974 Arbenses
809 3924 837 3975 et
854 3919 982 3976 universa
1005 3921 1197 3987 communitas,
1226 3919 1376 3976 sentientes
1395 3934 1425 3974 se
1448 3917 1573 3975 indebite

329 4009 504 4076 aggravatos,
531 4009 624 4060 tamen
649 4005 735 4061 veluti
761 4005 854 4062 devoti
881 4006 930 4062 lilii
957 4007 1052 4062 matris
1081 4006 1213 4062 ecclesiae
1240 4005 1377 4077 patienter
1401 4005 1572 4061 emunaetas

330 4093 423 4148 omnia
442 4109 492 4163 pro
510 4091 590 4147 firmo
614 4090 772 4158 eredebant,
799 4091 875 4162 quod
900 4109 917 4148 a
940 4093 1147 4164 gravaminibus
1171 4091 1293 4148 indebite
1317 4091 1398 4148 sactis
1422 4091 1571 4164 episcopus

328 4177 441 4234 taudem
458 4178 593 4235 desistere
611 4177 731 4246 deberet,
751 4183 877 4250 peteutm
894 4183 927 4234 ut
944 4179 1080 4249 eligentur
1098 4179 1251 4250 presbyteri
1275 4183 1303 4235 et
1328 4179 1377 4234 riri
1402 4183 1460 4234 tam
1478 4178 1570 4238 clerici

328 4281 413 4336 quana
431 4265 496 4320 laici
515 4265 563 4336 qni
581 4266 774 4336 quaestionem
791 4264 885 4322 debito
906 4266 961 4322 fine
985 4265 1131 4324 delinirent
1148 4271 1176 4321 st
1193 4271 1225 4321 ut
1242 4265 1482 4322 circumstantium
1509 4265 1571 4321 fini·

327 4352 457 4407 timorum
475 4351 702 4408 Dalmatinorum
718 4356 775 4408 tam
793 4353 1044 4409 communitatuum
1057 4369 1141 4424 quam
1154 4352 1288 4409 nobilium
1308 4369 1392 4424 super
1409 4352 1463 4409 hoc
1482 4351 1570 4409 deter-

325 4439 442 4495 minatio
460 4439 624 4510 requiratur,
643 4437 692 4493 sed
710 4455 775 4494 cum
798 4439 870 4496 hanc
894 4439 1056 4512 petitionem
1079 4439 1170 4496 clerus
1194 4457 1250 4496 non
1273 4440 1434 4508 curavisset,
1451 4439 1569 4495 reccurit

325 4525 510 4581 communitas
528 4523 564 4580 ad
583 4524 748 4596 gradensem
766 4526 951 4596 patriarcham
968 4525 1182 4597 Dalmatiseque
1206 4527 1359 4598 primatem
1383 4526 1567 4582 Martium

325 4607 360 4664 de
377 4609 492 4683 Sloriga
505 4611 595 4682 judex
612 4615 641 4668 st
657 4612 830 4670 examinator
847 4627 961 4669 manum
979 4613 1062 4670 misit
1083 4613 1208 4670 Marinus
1226 4613 1352 4670 notarius
1370 4613 1489 4685 scripsit.

376 4697 506 4756 Forlatl:
523 4697 605 4770 lllgr.
626 4711 698 4756 socr.
717 4697 747 4755 P.
770 4697 802 4755 V.
819 4713 849 4772 p.
865 4701 928 4758 343.
