3488 5380
383 367 446 434 184
884 395 904 435 r.
921 381 1119 454 mummii,

379 562 492 630 guntur,
520 558 591 614 aicut
618 558 719 614 Mortel
745 556 899 632 pristaldur
927 562 955 614 et
982 559 1066 615 homo
1087 559 1201 631 capituli
1227 559 1413 631 cagrabienrie
1432 564 1626 616 asseruerunt:

379 646 470 720 prima
488 645 583 717 incipit
600 661 618 700 a
635 645 720 702 fluvio
738 645 842 714 Draua,
862 651 890 702 et
907 645 984 701 vadit
1000 645 1036 701 ud
1056 646 1182 702 arborem
1210 647 1368 718 populeam,
1395 647 1495 704 deinde
1513 646 1549 702 ad
1567 663 1626 704 mc·

380 732 476 788 ridiem
495 748 545 805 per
562 749 692 804 campum
711 732 746 788 ad
765 735 846 801 riam,
865 731 965 788 deinde
993 748 1042 805 per
1069 735 1159 789 variae
1186 739 1275 790 metae
1301 734 1432 791 arboreae
1451 734 1486 790 ad
1505 735 1623 790 fluvium

381 821 487 892 Plytico
506 820 665 890 (Plitvicae),
685 837 836 892 perquem
854 821 930 877 vadit
948 822 1076 892 superine
1095 821 1130 876 ad
1150 821 1238 893 Opoy.
1320 853 1323 860 Δ
1711 895 1712 898 ¹

432 909 481 964 En
498 908 612 964 orcltioo
631 909 762 965 commati
781 909 915 965 Badmat.
949 908 1068 964 Weoeei:
1089 905 1154 966 ch.
1174 909 1243 979 dipl.
1263 909 1364 980 orpod.
1383 915 1455 966 cont.
1478 909 1541 964 1⁷11.
1559 912 1627 964 328.
1711 917 1712 930 ¹

438 1047 557 1103 ODXX.
586 1050 658 1104 1251.
688 1047 849 1120 Capitulum
868 1067 889 1104 a.
908 1049 982 1104 Petri
1000 1047 1035 1103 de
1055 1049 1165 1119 Poecga
1191 1045 1316 1120 tentatur,
1343 1047 1418 1120 quod
1446 1048 1626 1121 compertus,

381 1135 455 1190 filiun
473 1135 588 1206 Ranboy
608 1136 724 1207 comitia,
743 1153 777 1191 ex
795 1153 852 1192 una
869 1141 955 1208 perte,
974 1153 1010 1192 ex
1027 1136 1114 1192 altera
1131 1152 1197 1192 vero
1215 1135 1324 1206 'dagmb
1350 1152 1415 1192 com
1432 1135 1539 1193 Briccio
1558 1153 1621 1192 mu-

382 1223 467 1280 tarint
484 1223 555 1278 inter
574 1237 603 1278 ec
621 1227 723 1278 terram
740 1223 884 1292 Hureoua,
911 1223 991 1280 cuiue
1017 1228 1091 1279 meta
1108 1223 1205 1295 incipit
1222 1223 1295 1279 ultra
1318 1240 1421 1295 aquam
1441 1225 1577 1281 Humoua
1596 1233 1625 1282 et

383 1309 459 1366 radit
475 1325 563 1382 prope
581 1310 726 1366 eccleciam
743 1327 766 1366 a.
785 1310 901 1380 Nicolai‚
921 1316 949 1368 et
966 1326 1016 1382 per
1035 1311 1125 1366 variae
1143 1315 1231 1367 metae
1250 1311 1324 1366 venit
1342 1309 1378 1367 ad
1397 1327 1529 1382 magnam
1546 1313 1628 1369 vlam

382 1405 411 1455 et
428 1398 464 1454 ad
482 1403 583 1453 terram
600 1397 753 1454 Alexandri
770 1403 799 1454 et
817 1399 934 1454 Pariein
944 1399 1086 1455 cacumine
1095 1399 1197 1454 montia
1210 1403 1238 1454 ct
1249 1397 1285 1454 nd
1303 1399 1386 1454 aliam
1398 1399 1471 1454 uam
1483 1415 1625 1470 magnam,

382 1501 455 1558 quae
473 1485 573 1540 bausit
590 1486 710 1557 priorem
726 1486 808 1556 dam,
826 1487 901 1544 venit
919 1486 954 1542 ad
972 1492 1073 1542 terram
1101 1486 1221 1544 filiorum
1239 1486 1361 1557 Wollroy
1379 1491 1407 1541 ct
1423 1486 1574 1557 Benedicti,
1595 1493 1625 1544 ct

381 1573 417 1629 ad
436 1579 537 1630 terram
554 1573 696 1629 Laurentii
715 1573 765 1629 filii
784 1574 874 1630 Alexii
893 1575 1009 1630 comitio.

433 1663 482 1718 Ea
500 1667 676 1733 bommpto
694 1661 815 1730 capituli
832 1677 853 1718 a.
872 1661 951 1718 Petri
968 1662 1002 1718 de
1020 1661 1255 1732 Podepco.1305.
1274 1654 1483 1732 adpetitionem
1501 1661 1625 1733 Zoprab.

381 1747 497 1805 motoria
514 1753 541 1803 et
558 1747 674 1803 minoris
686 1747 812 1816 filiorum
832 1748 951 1818 Zaprot.
973 1747 1048 1819 Orip.
1064 1763 1141 1818 perp.
1154 1747 1312 1804 exercituo
1332 1749 1411 1818 repat
1431 1747 1561 1805 Oroatioe
1569 1765 1627 1819 per

382 1835 485 1892 bonum
503 1833 782 1904 Kbuen-Heduuorp
800 1835 912 1891 Bcdom
930 1837 1113 1905 deportatum
1131 1835 1169 1892 N.
1189 1837 1221 1888 R.
1241 1835 1276 1890 A.
1291 1835 1366 1904 socc.
1388 1838 1463 1890 1501.
1481 1851 1527 1891 ar.
1546 1841 1587 1892 17.

435 1974 569 2030 ODXXI.
598 1977 676 2030 1251.
701 1974 861 2046 Capitulum
880 1975 1012 2032 eccleciae
1030 1975 1209 2032 Ohaemenaie
1227 1980 1352 2046 tentatur,
1371 1977 1446 2048 quod
1465 1979 1624 2034 constitutis

382 2078 476 2118 coram
494 2079 527 2118 eo
546 2060 627 2130 Petlu
646 2061 722 2132 Egrd
740 2061 842 2134 (Egyd)
861 2068 889 2118 et
907 2062 1039 2133 Blagona,
1058 2064 1107 2118 filii
1126 2064 1202 2132 Peto,
1221 2080 1284 2119 sum
1296 2065 1354 2119 auia
1368 2066 1493 2136 cognatis
1512 2070 1540 2121 et
1557 2082 1623 2122 con-

383 2148 550 2220 sanguineis,
570 2148 697 2204 videlicet
714 2148 827 2216 Te(r)ba
844 2149 901 2204 lilio
920 2151 1002 2216 Petri,
1021 2151 1089 2206 Ivan
1107 2149 1165 2206 lilio
1184 2151 1310 2207 Petrinlai
1335 2169 1386 2223 pro
1404 2167 1434 2208 ae
1453 2159 1481 2208 et
1499 2151 1557 2208 auia
1575 2170 1625 2209 co-

381 2237 481 2308 gnatis,
509 2236 605 2292 Duork
629 2236 686 2292 filio
705 2236 855 2292 Petrczlaw
873 2240 901 2292 et
919 2237 1062 2309 Stephano
1090 2243 1209 2308 cognato
1237 2239 1398 2310 eorundem,
1427 2239 1625 2311 iobagionibue

383 2323 467 2380 castri
484 2323 520 2380 de
540 2323 713 2390 Chenmicha,
732 2323 768 2378 ab
786 2339 843 2378 una
861 2329 947 2394 parte,
967 2323 1076 2380 ababa
1094 2341 1159 2382 uero
1178 2326 1259 2381 Bnnlr
1277 2327 1334 2384 lilio
1352 2327 1491 2400 Wieezlay
1508 2333 1537 2384 et
1555 2329 1625 2385 Goz-

384 2411 488 2468 mathio
507 2411 564 2466 fibo
582 2411 735 2482 Predizlay,
763 2412 853 2482 prima
880 2429 946 2483 pars
973 2413 1104 2470 confessa
1128 2415 1171 2482 eit,
1190 2414 1266 2484 quod
1284 2421 1393 2484 terram,
1418 2433 1491 2486 quoe
1509 2417 1545 2472 ab
1562 2420 1626 2474 avla

385 2515 491 2566 eorum,
509 2499 568 2554 avia
586 2498 667 2553 Bank
685 2503 714 2554 et
732 2499 883 2568 Oomnatbi,
908 2499 945 2554 ab
963 2501 1079 2572 antiquo
1098 2518 1148 2572 pro
1167 2503 1262 2573 viginti
1280 2493 1380 2559 marcia
1398 2505 1426 2559 in
1445 2504 1560 2576 pignore
1578 2505 1628 2562 de-

384 2586 479 2642 voluta
491 2591 558 2652 crat,
576 2585 681 2640 eisdem
693 2584 773 2640 Buub
787 2591 814 2641 et
827 2585 969 2642 Ooamatio
983 2605 1033 2660 pro
1047 2589 1081 2644 20
1093 2589 1193 2644 marcia
1204 2589 1293 2646 libero
1302 2590 1416 2648 arbitrio
1435 2592 1629 2650 remittendam

384 2677 578 2740 concessisset,
596 2677 708 2742 recepta
725 2673 753 2728 iu
772 2673 856 2744 pleno
869 2675 996 2744 pecunia,
1014 2676 1171 2732 artantibus
1183 2679 1394 2734 commetnneia:
1414 2679 1468 2735 Bot
1479 2685 1507 2734 et
1517 2679 1630 2737 Juncaa

383 2761 446 2815 liliis
456 2760 544 2827 Pauli,
564 2758 686 2830 Georgio
699 2761 756 2817 filio
768 2762 859 2830 Buba,
879 2762 992 2818 Simone
1006 2764 1063 2819 filio
1076 2764 1204 2836 Urairoy,
1224 2766 1349 2834 Corano,
1363 2766 1463 2822 Borich
1481 2773 1509 2823 et
1522 2767 1627 2838 Voxin,

383 2847 446 2902 tillia
465 2848 587 2914 Milozta,
605 2848 737 2903 Faroaaio
756 2849 813 2904 lilio
831 2849 956 2920 Drugan,
985 2850 1070 2906 ldoolr
1097 2852 1155 2909 filio
1182 2853 1281 2909 Miloni
1309 2855 1430 2909 Martino
1449 2855 1505 2910 filio
1525 2855 1630 2927 Woyn,

386 2935 500 3006 Voytch
518 2939 547 2990 ct
565 2935 708 3007 Stephano
719 2935 782 2990 liliis
792 2937 921 3008 chhna
930 2943 958 2992 et
967 2940 1067 2994 comite
1077 2939 1203 3007 Hudina,
1221 2942 1269 3012 qui
1282 2941 1398 2996 eandam
1415 2943 1631 2998 remutationem

383 3022 608 3095 comprobarunt
628 3023 706 3078 Meta
723 3029 811 3079 terrae
821 3025 917 3096 incipit
928 3026 957 3080 in
970 3027 1031 3096 ripa
1043 3027 1254 3095 Cereencuicha,
1273 3035 1301 3084 ct
1314 3046 1363 3100 per
1381 3029 1500 3084 cundem
1512 3029 1629 3085 fluuium

382 3110 501 3166 tendens
519 3109 593 3166 cadit
610 3111 639 3164 in
657 3127 759 3180 aquam
787 3112 906 3178 Moaina,
934 3118 961 3168 et
989 3130 1038 3185 per
1062 3131 1194 3185 magnum
1224 3117 1345 3188 epatium
1373 3115 1408 3172 ad
1436 3115 1628 3174 molendinum

385 3199 506 3256 liliorum
524 3199 647 3262 Milozta,
666 3205 693 3255 et
710 3199 786 3254 cadit
803 3201 832 3255 in
850 3201 951 3256 (lheret
964 3207 991 3256 et
1002 3209 1185 3258 commotatur
1203 3209 1291 3259 terrae
1310 3203 1423 3260 Martini
1439 3205 1489 3260 filii
1506 3203 1628 3276 Voyoae

384 3293 413 3344 et
430 3291 520 3342 terrae
538 3285 672 3342 Hudinac
690 3287 808 3355 comitia,
836 3305 920 3358 quam
938 3289 1063 3359 poealdet
1081 3306 1116 3345 ex
1134 3291 1224 3361 gratia
1244 3293 1317 3362 regin
1335 3292 1364 3346 in
1382 3291 1575 3348 Mcnzurecbia
1585 3311 1593 3360 ;
1611 3310 1630 3349 a

384 3374 498 3430 meridia
516 3373 590 3428 cadit
600 3373 635 3429 ad
647 3391 778 3444 magnam
789 3375 871 3444 dam,
889 3381 917 3431 et
936 3393 985 3448 per
1003 3393 1135 3448 magnum
1148 3379 1268 3450 epatium
1281 3395 1367 3451 cupra
1384 3379 1500 3436 domum
1513 3379 1630 3436 Druaak

385 3463 542 3532 iobagionie
560 3463 668 3517 comitis
687 3463 827 3532 Hudinae‚
846 3469 874 3519 et
892 3464 926 3519 ad
946 3481 1048 3536 aquam
1068 3466 1187 3534 Mutina,
1206 3471 1234 3522 et
1246 3483 1295 3538 por
1313 3467 1412 3522 vadam
1430 3472 1458 3522 et
1476 3467 1577 3523 foenilc
1591 3467 1628 3524 ad

385 3549 500 3605 fluvium
519 3550 644 3605 Chcrnco
661 3565 751 3620 usquo
769 3557 879 3606 terram·
895 3553 1003 3608 comitia
1032 3553 1183 3622 Michaelis,
1203 3559 1231 3610 et
1248 3561 1335 3610 terror
1353 3554 1408 3611 Bot
1425 3560 1453 3610 ct
1470 3554 1581 3612 Junoea
1599 3561 1630 3611 et

384 3637 466 3692 Bank
483 3643 511 3693 ct
529 3637 682 3704 Cuzmathl‚
710 3644 738 3693 et
763 3637 799 3694 ad
826 3643 919 3710 partes
947 3640 1134 3697 Chereenioha
1161 3641 1253 3698 cundo
1283 3643 1407 3714 pervenit
1431 3641 1470 3698 ad
1499 3642 1628 3698 arborem

383 3723 487 3796 jagned
506 3730 534 3780 et
551 3724 679 3781 arborem
696 3727 746 3793 tiz;
766 3731 793 3781 et
808 3725 885 3782 cadit
902 3729 931 3782 in
949 3728 1063 3783 fluvium
1082 3729 1313 3786 (lbereaneuicha.

440 3813 489 3866 Ec
513 3817 689 3882 tranaumpto
716 3813 889 3884 Sipiamundi
915 3815 986 3886 repta
1004 3817 1037 3871 de
1055 3834 1080 3872 o.
1102 3820 1180 3869 1424.
1200 3817 1416 3887 adpetitionem
1441 3817 1577 3873 arabilium
1593 3817 1630 3873 de

390 3899 538 3956 Obotouolr
556 3900 587 3954 io
607 3915 694 3955 cauco
711 3915 794 3970 cuper
809 3904 978 3971 peremtione
991 3904 1125 3972 Moeioja.
1144 3905 1255 3960 Membr.
1273 3905 1305 3960 tu
1324 3906 1395 3962 actia
1408 3922 1426 3960 a
1438 3905 1511 3962 bono
1523 3905 1630 3960 Heder-

387 4003 459 4057 oury
484 3995 523 4041 'en
542 3987 654 4043 arctico
678 3989 758 4058 rapot
781 3989 936 4058 deportatio
960 3991 998 4047 N.
1021 3991 1057 4047 R.
1084 3993 1117 4046 A.
1131 3991 1204 4060 saco.
1229 3996 1293 4048 446.
1317 4009 1360 4048 nr.
1387 3997 1410 4047 5.
1439 3992 1525 4048 acor
1543 3993 1631 4048 ettam

386 4078 418 4131 in
437 4080 614 4144 commoto
628 4075 758 4145 palatini
780 4078 914 4134 Maleaelie
933 4078 1036 4150 Orcaap
1055 4081 1088 4134 dc
1107 4080 1189 4134 (loth.
1216 4083 1291 4135 1481.
1313 4081 1382 4136 lbid.
1402 4082 1435 4136 N.
1454 4079 1491 4136 R.
1511 4082 1543 4134 A.
1565 4083 1629 4135 ⁶81.

386 4179 430 4219 nr.
450 4166 495 4218 22.

439 4305 590 4361 DOXXII.
609 4307 735 4378 Pernaii‚
755 4310 798 4362 26.
815 4305 952 4362 danubrii
970 4310 1046 4362 1252.
1065 4307 1246 4364 Innocentius
1258 4307 1310 4365 IV.
1324 4325 1399 4382 popa
1416 4308 1630 4382 adpetitionem

387 4392 497 4449 abbatia
515 4399 543 4450 et
560 4399 712 4450 conventus
738 4395 897 4451 monasterii
921 4411 942 4450 a.
961 4393 1071 4450 Nicolai
1095 4394 1129 4450 de
1153 4401 1244 4451 omtro
1269 4395 1397 4465 Muacho,
1423 4395 1481 4452 ord.
1500 4413 1522 4452 ι.
1539 4395 1630 4453 Bene-

388 4479 453 4536 dicti
471 4479 619 4552 chleneie
638 4481 780 4551 dioececis,
807 4483 940 4553 episcopo
967 4482 1090 4552 veglensi
1117 4481 1251 4550 concedit,
1270 4489 1302 4538 ut
1319 4499 1383 4540 cum
1401 4483 1463 4556 ipsi,
1485 4484 1533 4554 qui
1551 4483 1629 4540 Slavi

389 4569 512 4624 existunt
530 4573 557 4624 et
575 4570 729 4625 slavonicas
751 4570 855 4624 litterae
884 4569 996 4636 babent,
1015 4575 1043 4626 et
1060 4569 1166 4625 discere
1184 4569 1289 4626 litterae
1307 4570 1407 4626 latinae
1426 4589 1481 4627 non
1501 4577 1629 4644 poscunt,

389 4655 483 4712 dirirm
500 4656 591 4714 officia
608 4657 636 4712 in
654 4657 750 4730 lingua
768 4657 870 4714 abrica
889 4656 1043 4714 necandum
1060 4658 1145 4714 ritum
1163 4658 1296 4715 ecclcsiae
1314 4675 1447 4716 romanae
1468 4657 1629 4716 celebrandi
