3376 5350
653 407 799 452 massa.
1286 395 1348 462 397

155 587 380 643 mccccxvn.
400 590 476 642 1284.
496 591 520 641 7.
539 589 632 642 Junci.
651 587 797 643 Ladislaus
815 587 865 642 IV.
885 604 932 642 rex
958 603 1118 657 agnoscens,
1145 586 1219 656 quod
1247 586 1349 642 fundus

103 677 224 730 existens
242 681 305 730 ante
324 675 468 730 ecclesiam
487 693 508 730 s.
527 675 600 744 regis
619 674 813 740 cathedralem,
832 675 860 730 in
879 691 935 744 quo
955 675 1017 729 bani
1037 672 1183 729 Slavoniae
1195 673 1347 745 aliquando

103 781 138 818 cx
160 764 341 834 permissione
365 765 488 834 episcopi
513 763 621 832 zagrab.
646 762 745 818 domos
774 771 802 818 et
825 763 989 818 descensum
1017 762 1119 817 habere
1144 769 1348 827 consueverant,

104 851 187 906 fuerit
210 855 238 906 et
256 851 292 904 sit
316 850 403 921 ipsius
421 850 553 904 eeclesiae
576 849 768 920 Zagrabiensis
793 850 946 921 proprietas
971 867 988 904 a
1010 849 1173 904 fundatione
1196 849 1351 904 antedictae

103 939 242 993 ecclesiae.
263 938 360 1008 Ipsum
378 937 495 992 fundum
514 937 549 992 ad
569 938 731 1008 petitionem
755 937 909 992 'limo‘haei
935 939 1017 1008 episc.
1044 937 1246 992 restituendum
1265 937 1362 1002 duxit,

103 1027 150 1091 ite,
171 1025 245 1096 quod
265 1025 338 1080 idem
358 1027 506 1096 episcopua
525 1023 624 1080 debeat
642 1027 734 1096 ipsum
752 1025 870 1080 fundum
884 1026 992 1082 munire
1005 1042 1055 1096 pro
1067 1023 1200 1080 iratribus
1213 1026 1345 1080 ecclesiae

103 1129 177 1180 suae,
197 1129 232 1166 ne
251 1113 417 1182 peripsum,
437 1129 499 1166 cum
520 1111 660 1166 desolatus
679 1113 842 1167 remanserit
859 1130 875 1165 a
894 1113 988 1167 decern
1008 1113 1088 1166 annis
1107 1121 1135 1166 et
1152 1112 1227 1180 citra,
1247 1112 1348 1167 Teuto-

103 1201 173 1254 nicis
195 1199 238 1254 vel
257 1199 318 1253 aliis
336 1199 454 1254 inimicis
473 1199 535 1253 loco
560 1199 737 1268 Zagrabiensi
761 1199 853 1254 aditus
875 1185 969 1270 pateat
993 1199 1028 1280 ad
1053 1199 1218 1254 nocendum.
1244 1200 1347 1254 Datum

102 1305 153 1358 per
170 1303 268 1341 manus
286 1287 372 1357 patris
389 1287 511 1342 Thomas
530 1288 653 1358 episcopi
672 1288 805 1343 veclensis
824 1286 903 1342 aulae
922 1287 1087 1342 cancellarii.

159 1391 285 1446 thlc'a'c':
304 1391 383 1445 Mon.
402 1393 481 1460 episc.
500 1393 611 1462 espech.
631 1393 655 1447 I.
671 1409 700 1462 p.
718 1396 779 1448 211.

158 1547 400 1604 mccccxvnl.
421 1552 496 1604 1284.
515 1553 538 1603 7.
558 1551 651 1604 ,lenit
671 1549 817 1604 Ladlslaus
836 1549 886 1604 lv.
905 1567 953 1604 rex
978 1556 1075 1604 notram
1095 1549 1169 1616 facit,
1189 1551 1264 1620 quod
1284 1568 1347 1606 etim

102 1636 288 1690 controversia
307 1642 403 1690 exorta
421 1637 519 1692 suisset
537 1645 565 1692 et
583 1637 744 1708 aliquandiu
762 1637 894 1691 ventilata
915 1639 987 1692 inter
1006 1637 1032 1690 d.
1051 1637 1175 1714 reginam
1204 1637 1345 1694 Elisabeth

101 1729 218 1778 matrem
237 1741 314 1778 suam
335 1741 369 1778 ex
387 1731 465 1795 parte
484 1742 547 1792 una,
566 1733 594 1780 et
612 1723 823 1779 Thimothaeum
841 1725 987 1795 episopum
1006 1724 1086 1792 Zagr.
1106 1742 1141 1778 ex
1159 1725 1245 1778 altera
1264 1741 1347 1794 super

102 1811 262 1866 detentione
282 1811 451 1866 decimarum
470 1812 505 1867 de
524 1811 649 1867 Vereuce
666 1817 694 1866 et
707 1811 822 1882 Lypova
834 1827 867 1865 ac
879 1813 965 1865 totius
984 1813 1146 1865 comitatum
1160 1812 1194 1866 de
1215 1811 1347 1866 Vereuce.

102 1898 226 1953 Demum
245 1903 387 1970 comperta
399 1900 513 1955 veritate
532 1899 627 1955 eadem
641 1901 735 1970 regina
749 1898 837 1953 dictas
850 1899 971 1953 decimas
984 1898 1115 1969 episcopo
1127 1900 1255 1965 restituit,
1268 1899 1347 1954 cuius

105 1986 281 2056 privilegium
301 1988 480 2042 restitutionis
499 2005 546 2042 rex
566 1988 710 2042 confirmat
727 1985 762 2041 ad
782 1987 944 2057 petitionem
963 1986 1029 2042 dicti
1048 1985 1179 2058 episcopi.

161 2091 289 2148 thie's'c':
307 2093 386 2148 Mon.
407 2095 484 2148 Hist.
505 2094 535 2147 T.
554 2094 578 2148 I.
594 2110 624 2164 p.
641 2095 702 2149 212.

156 2251 367 2306 ucecnxrx.
388 2257 464 2306 oss.
484 2257 507 2308 7.
534 2253 628 2308 rencs.
651 2253 811 2308 actaeona
835 2252 1116 2322 regina'Hungarsae
1140 2237 1297 2306 manifesse
1316 2257 1343 2304 a

102 2339 255 2405 coufirmat,
273 2339 348 2410 quod
367 2357 462 2394 socrus
480 2342 540 2396 eius
559 2339 718 2395 Elisabetha
737 2340 831 2410 regina
854 2339 1003 2394 restituerit
1025 2341 1157 2410 episcopo
1183 2338 1263 2408 Zagr.
1281 2339 1344 2392 Thi·

101 2425 220 2494 motheo,
240 2426 360 2482 decimas
386 2429 591 2498 possessionum
610 2428 644 2483 ‹le
663 2427 790 2482 Vereuce
809 2433 836 2482 et
854 2425 970 2498 Lypova
988 2433 1017 2482 et
1033 2427 1121 2481 totius
1146 2427 1293 2482 comitatus
1312 2425 1347 2480 de

101 2513 235 2582 Vereuce,
255 2514 394 2568 mediante
413 2514 555 2585 privilegio
574 2531 634 2570 suo.

158 2601 284 2656 Ttaleic':
302 2601 382 2656 Mon.
402 2602 478 2656 Hist.
501 2603 530 2656 Τ.
549 2603 574 2656 I.
590 2619 618 2670 p.
640 2605 698 2656 214.

154 2757 348 2812 mccctxx.
369 2760 443 2812 1234.
468 2763 492 2810 7.
518 2759 610 2813 Jnnti.
635 2757 780 2815 Lad'islaus
804 2757 856 2813 IV.
883 2775 930 2812 rex
957 2758 992 2811 ad
1016 2759 1177 2828 petitionem
1202 2759 1341 2812 Timothei

101 2846 225 2915 episcopi
244 2845 443 2914 Zagrabiensis,
464 2846 608 2900 confirmat
627 2847 651 2900 cl
670 2853 783 2916 propter
802 2845 962 2900 fidelitatem
976 2852 1003 2900 et
1021 2847 1108 2916 ipsius
1121 2853 1198 2916 grata
1212 2847 1344 2917 obsequia

104 2931 228 2988 exhibita
246 2932 383 2987 indefesse
402 2932 579 2987 donationem
598 2933 745 2988 comitatus
765 2933 799 2987 de
818 2932 983 2987 Gersenche.

158 3021 182 3074 T
183 3019 287 3074 kule'e‘c:
305 3019 383 3073 Mon.
404 3021 484 3088 episc.
503 3037 578 3090 repr.
598 3021 621 3074 Ι.
638 3037 667 3088 p.
685 3023 744 3074 215.

157 3177 368 3232 mccccxxl.
388 3178 475 3246 Apud
492 3179 585 3232 unirent
604 3184 723 3232 celerem.
750 3183 824 3233 wat.
850 3183 891 3233 13.
917 3180 1009 3234 errati.
1034 3179 1173 3233 Martinus
1198 3179 1248 3233 IV.
1278 3197 1350 3250 papa

102 3266 218 3320 mandat
235 3265 443 3336 archiepiscopo
463 3265 606 3336 Regusino
625 3265 701 3319 fratri
727 3266 935 3321 Bonaventurae
959 3273 991 3321 ut
1008 3268 1037 3321 in
1057 3266 1219 3320 vacantibus
1244 3268 1349 3336 episco-

103 3353 216 3425 patibus
244 3354 418 3408 Tribuniensi
437 3360 465 3408 et
490 3351 637 3423 Stagnensi
662 3354 721 3407 eius
750 3355 907 3424 provinciae
931 3354 1111 3424 metropolico
1132 3353 1195 3423 jure
1220 3354 1350 3408 subiectis

101 3439 216 3496 idoneas
235 3456 366 3510 personas
386 3457 435 3511 pro
454 3441 590 3511 episcopis
609 3441 757 3510 praeficiat

154 3527 284 3581 Farina.-
296 3527 379 3596 Illyr.
400 3527 478 3581 Saos.
500 3529 529 3580 Τ.
553 3527 601 3580 VI.
617 3543 647 3596 p.
667 3531 726 3582 393.

156 3686 380 3742 nlccclctxlt
400 3688 541 3744 venetiis.
561 3691 636 3740 1234.
655 3691 681 3741 3.
701 3687 828 3756 Arencsti.
844 3687 933 3758 Capta
946 3705 1009 3757 pars
1022 3703 1072 3756 per
1084 3689 1174 3741 maius
1193 3687 1349 3752 consilium,

102 3791 167 3828 cum
192 3773 316 3828 homines
335 3773 436 3829 Ferme
458 3781 486 3830 et
511 3776 613 3828 Bracae
644 3777 700 3829 sint
728 3775 877 3844 plurimum
900 3775 1041 3844 aggravati
1065 3774 1208 3829 occasione
1233 3790 1350 3844 guerrae

103 3861 318 3926 Almisanorum,
337 3863 375 3916 ita
394 3861 468 3932 quod
497 3863 532 3916 ad
557 3863 672 3916 mrrltam
699 3868 889 3931 paupertatem
914 3863 969 3915 sint
994 3861 1105 3926 redacti,
1130 3860 1291 3914 conclusum
1318 3867 1349 3914 ut

102 3951 155 4021 ipsi
175 3967 229 4003 non
248 3957 432 4018 aggraventur
449 3951 531 4003 nimia
550 3950 750 4004 tollerabilibus
777 3951 914 4018 expensis,
933 3957 960 4004 et
979 3948 1052 4018 qnod
1079 3955 1231 4018 potestates
1256 3965 1350 4002 eorurn

103 4054 159 4092 non
179 4037 297 4090 debe-ant
316 4035 416 4090 habere
435 4037 612 4103 consiliarios,
633 4037 680 4091 secl
695 4036 765 4090 dnos
778 4035 876 4103 socios,
890 4037 936 4106 qui
950 4037 1006 4090 sint
1020 4035 1129 4102 Veneti,
1144 4037 1190 4106 qui
1203 4036 1347 4089 habebunt

103 4125 188 4178 libras
207 4125 249 4178 30.
270 4129 298 4177 et
316 4123 385 4178 daras
404 4124 485 4178 robus
504 4125 531 4177 ln
550 4141 630 4179 anno.

138 4210 255 4278 Ljubit‘:
273 4212 459 4265 Mournnentc
478 4212 501 4264 I.
518 4228 547 4279 p.
568 4215 626 4264 138.

157 4370 399 4426 MOOCLXXIII.
417 4372 653 4426 Venetii1128l.
674 4373 698 4422 5.
718 4371 849 4442 Ascpusti.
865 4371 986 4424 Mittitur
998 4370 1121 4425 Joaunes
1136 4369 1277 4438 QuirInus,
1292 4386 1349 4438 qua

103 4458 307 4513 commissarius
321 4465 352 4514 ut
364 4477 380 4512 a
393 4461 525 4528 magistro
538 4459 657 4512 militurn
670 4460 777 4528 Templi
792 4459 1029 4512 Hierosolimilani
1043 4459 1162 4512 incesset
1174 4457 1244 4511 5‘200
1263 4457 1349 4511 libras

102 4545 185 4600 titulo
213 4545 305 4600 damni
331 4547 395 4600 facti
422 4547 571 4610 Veneticis,
598 4545 783 4614 Veglensibus
812 4554 839 4600 et
860 4545 1030 4598 Athensibns
1055 4545 1159 4598 nivibus
1185 4547 1212 4598 in
1237 4545 1349 4599 civitate

103 4634 197 4702 Segne
216 4633 281 4686 olim
301 4638 423 4703 tempore
442 4633 577 4702 captionis
596 4640 623 4687 et
642 4635 838 4688 combustionis
857 4635 945 4704 ipsius
964 4634 1089 4688 civitatis.
1128 4677 1131 4688 ι

156 4719 271 4788 Matio:
291 4721 370 4774 ellos.
388 4737 415 4791 p.
434 4721 459 4776 I.
478 4723 537 4774 130.
