3376 5350
346 376 411 440 416
846 374 1090 443 rsmnmsvrc,

350 567 489 636 argenteis
507 565 541 622 de
560 564 682 637 Spaleto,
702 566 737 621 de
755 565 883 622 ducentis
900 566 1019 622 marchis
1037 569 1143 639 argenti
1156 567 1191 623 de
1210 568 1342 636 Briherio,
1361 569 1396 624 de
1414 569 1470 623 000
1488 585 1520 623 m
1549 588 1609 638 arg.

348 671 366 722 a
384 653 410 708 d.
430 654 530 708 comite
548 654 643 708 Zanne
662 653 696 708 de
714 653 813 724 Vegle,
833 655 867 708 de
885 655 938 708 000
955 671 991 709 m.
1010 671 1067 725 arg.
1093 657 1127 711 de
1142 656 1242 712 ¹Jodria
1260 663 1288 711 et
1306 656 1340 710 de
1358 657 1411 712 200
1429 675 1468 710 m.
1488 675 1553 726 arg.
1575 658 1610 711 de

349 740 477 796 Sibenieo
495 741 576 796 etde
594 741 647 796 000
664 741 783 796 marchis
801 741 836 796 de
854 741 996 812 Tragurio.
1016 742 1083 798 (luis
1101 759 1215 813 poenae,
1235 745 1256 798 si
1276 750 1371 798 eontra
1390 743 1500 798 lectum
1523 744 1609 798 luerit

349 846 401 899 pro
419 828 543 899 quelibet
561 829 620 883 vice
638 829 792 900 applicetur
810 829 944 884 medietas
968 829 1153 898 denuncianti,
1178 835 1207 886 et
1229 831 1284 885 elia
1302 831 1437 886 medietas
1457 833 1609 886 communi

349 915 533 986 Traguriensi,
552 923 581 972 et
598 916 751 986 dompnum
769 917 901 987 patientis
919 917 1087 972 emendetur.

402 1003 525 1058 Lucius:
543 1005 626 1058 Mcm.
646 1003 677 1058 di
697 1004 774 1058 Trou
792 1021 818 1076 p.
838 1007 898 1060 127.

400 1125 590 1181 MGDXLIV.
615 1127 786 1198 Kopomuk.
813 1129 889 1183 1289.
907 1131 933 1182 8.
952 1127 1125 1197 Septembris.
1145 1129 1279 1184 Nicolaus
1297 1129 1437 1199 palatinus
1457 1135 1488 1183 et
1509 1147 1609 1184 comes

349 1213 522 1284 simigiensis
540 1215 715 1270 commendat
733 1217 889 1284 memoriae,
908 1217 983 1287 quod
1000 1218 1132 1287 magister
1150 1215 1252 1286 Buzad,
1269 1216 1342 1270 filius
1356 1215 1434 1270 Ohslr
1454 1216 1535 1276 beni.
1557 1235 1609 1287 pre

265 1365 274 1378 ,
348 1317 378 1356 se
396 1308 424 1356 et
442 1301 583 1356 Friderico
601 1301 685 1356 fratre
703 1319 754 1358 suo
772 1319 865 1358 coram
883 1319 916 1358 co
935 1305 1109 1372 constitutus,
1129 1304 1327 1358 monasterium
1345 1303 1470 1372 ipsorum
1497 1305 1531 1357 in
1557 1304 1608 1358 ho

349 1405 444 1444 norem
457 1389 487 1442 B.
508 1387 547 1442 Μ.
566 1387 602 1444 V.
621 1390 648 1444 in
666 1388 748 1460 Royh
761 1389 907 1444 fundatum
921 1391 1003 1444 simul
1016 1407 1078 1444 cum
1091 1390 1312 1460 possessionibus
1330 1397 1358 1444 et
1369 1391 1483 1460 populis
1504 1391 1609 1461 ipsius,

350 1477 444 1532 comiti
463 1476 559 1532 Achus
577 1483 696 1546 cognato
714 1493 765 1532 suo
783 1477 819 1532 ad
836 1477 1052 1532 conservandum
1072 1479 1240 1532 commiserit
1263 1481 1292 1533 et
1313 1476 1525 1532 defendendum
1546 1487 1606 1534 tarn

350 1571 446 1620 contre
463 1563 536 1620 filios
554 1563 634 1620 (lhsh
651 1564 716 1619 bani
736 1581 820 1635 quem
838 1565 907 1620 elios
926 1565 1064 1636 quoslibet
1082 1565 1116 1620 de
1134 1567 1258 1636 ipsorum
1276 1561 1463 1637 generatione.

400 1652 498 1722 Fejer:
520 1651 585 1707 Ood.
606 1652 675 1725 dipl.
693 1653 793 1724 Hesp.
814 1653 844 1708 Τ.
867 1653 933 1708 VII.
952 1652 1004 1706 vol.
1022 1655 1047 1708 5.
1066 1669 1093 1724 p.
1112 1656 1170 1706 484.

400 1775 576 1830 thDXLV.
589 1777 753 1848 20000000
766 1777 848 1831 circu
862 1779 938 1834 1289.
949 1779 990 1832 15.
1001 1777 1175 1847 Septembris.
1189 1776 1335 1834 Lodislaus
1348 1775 1398 1831 IV.
1420 1793 1469 1832 rex
1482 1779 1609 1832 mandat

349 1865 490 1920 nobilibus
508 1871 536 1920 et
552 1867 686 1921 universis
697 1865 856 1922 hominibus
874 1867 909 1920 de
926 1866 1085 1931 Beraencze,
1098 1881 1160 1918 cum
1173 1864 1221 1918 ille
1239 1865 1400 1919 comitatum
1413 1863 1540 1919 eundem
1560 1866 1608 1920 'li-

348 1952 460 2007 motheo
479 1953 610 2023 episcopo
627 1953 805 2024 Zagrabiensi
824 1955 896 2007 sicut
920 1954 1048 2022 primitus
1073 1954 1112 2006 ite
1136 1958 1163 2005 et
1187 1967 1260 2005 nunc
1284 1951 1432 2022 reliquerit,
1459 1959 1609 2022 quatenus

349 2039 442 2095 omnis
457 2039 522 2110 jura
540 2047 568 2095 et
586 2047 735 2110 proventus
753 2058 787 2096 ex
805 2047 883 2111 perte
902 2056 996 2096 eorum
1016 2039 1050 2094 de
1063 2040 1225 2094 commitatu
1238 2039 1388 2094 Berzeneze
1401 2038 1524 2106 debitos,
1539 2041 1605 2094 offi-

350 2127 413 2180 eisli
431 2127 519 2197 ipsius
537 2129 660 2198 episcopi
679 2129 738 2183 sine
763 2127 945 2182 diminutione
963 2133 991 2182 et
1008 2127 1106 2182 fraude
1123 2144 1156 2182 eo
1175 2126 1258 2181 modo
1276 2126 1440 2196 persolvunt,
1461 2128 1603 2196 quemad·

351 2213 465 2268 modum
484 2221 607 2285 tempore
626 2214 730 2270 domini
749 2215 832 2270 Belse
851 2215 929 2270 ducis
947 2215 1039 2270 fratris
1057 2217 1117 2270 eius
1135 2215 1289 2269 ministrare
1308 2219 1517 2268 consueverant.

402 2301 498 2369 Fejer:
520 2299 584 2356 Ood.
604 2300 672 2370 dipl.
692 2303 791 2372 Hesp.
812 2303 842 2356 Τ.
865 2302 931 2358 VH.
945 2301 995 2356 'ool
1013 2304 1037 2356 5.
1053 2317 1082 2370 p.
1101 2305 1161 2356 484.

402 2423 881 2482 MCDXLv1.cethutzese.e.
906 2427 1037 2482 Octobris.
1063 2426 1217 2480 Ecclesiam
1240 2424 1314 2480 besti
1339 2425 1449 2480 Nicolsi
1475 2429 1604 2484 urirabili

349 2513 433 2568 modo
452 2513 589 2583 depictam
608 2513 643 2568 ad
660 2513 794 2570 honorem
814 2521 842 2569 et
859 2514 970 2568 leudem
989 2515 1032 2568 dei
1052 2521 1079 2570 et
1097 2514 1162 2568 dicti
1181 2512 1264 2579 beati,
1288 2514 1329 2567 vir
1346 2513 1447 2568 nobilis
1466 2513 1607 2584 Tryphon

350 2600 503 2656 leduinus
523 2599 556 2656 de
575 2601 723 2672 Dragonee
740 2607 769 2658 et
786 2601 835 2655 filii
855 2603 896 2656 sui
916 2601 1011 2672 Drago
1029 2608 1057 2656 et
1069 2602 1225 2656 Germanus
1237 2601 1430 2668 fundaverunt,
1445 2600 1607 2656 haeredita-

348 2693 448 2744 verunt
465 2695 493 2742 et
511 2689 663 2747 consecrari
682 2688 806 2744 fecerunt
824 2688 858 2744 de
877 2706 928 2744 sua
946 2685 1057 2760 propris
1069 2689 1230 2743 substantia
1243 2687 1403 2743 Admodum
1416 2705 1472 2744 rev.
1486 2689 1606 2744 domino

349 2776 471 2847 Domnio
491 2776 622 2846 episcopo
641 2775 803 2832 Cathsrensi
828 2783 856 2832 et
880 2794 930 2832 suo
955 2777 1077 2847 capitulo
1101 2777 1206 2830 donent
1230 2775 1320 2831 dictae
1344 2775 1477 2830 ecclesiae
1503 2795 1608 2832 omnes

352 2864 542 2935 possessiones
562 2881 627 2918 sues
645 2866 717 2918 eirea
743 2865 887 2920 ecclesiam
912 2865 1022 2932 dictam,
1047 2865 1152 2920 scilicet
1175 2865 1277 2930 vinens,
1301 2862 1428 2918 sardinus
1451 2871 1481 2918 et
1505 2863 1608 2920 hortos

231 3005 235 3013 ,
352 2967 402 3021 pro
420 2950 542 3006 remedio
561 2951 716 3006 animarum
734 2967 853 3006 sunmm.
873 2953 976 3008 Actmn
993 2952 1194 3023 inpraesentia
1217 2933 1339 3021 episcopi
1364 2957 1392 3006 et
1416 2951 1459 3007 sui
1485 2954 1607 3024 capituli

352 3045 380 3093 et
397 3039 483 3093 totius
501 3038 597 3108 populi
620 3039 746 3094 civitatis.
770 3039 891 3094 Thomas
916 3039 950 3094 de
975 3039 1077 3108 Firmo,
1096 3039 1207 3095 Osthsrr'
1226 3041 1358 3108 noterius,
1378 3040 1488 3110 scripsit
1513 3049 1544 3096 et
1563 3060 1608 3096 ro-

350 3124 465 3180 borovit.

406 3213 454 3266 Ec
473 3212 630 3267 collectione
648 3214 703 3266 Me.
722 3213 893 3286 Papafcsm.

408 3335 613 3392 MCDXLVII.
631 3337 805 3408 zsqrsbiss.
829 3339 905 3392 1289.
928 3339 972 3392 21.
1000 3337 1129 3390 Octobris.
1152 3335 1317 3406 Capitulum
1341 3335 1475 3394 ecclesiae
1498 3337 1607 3408 Zagru-

321 3465 325 3472 .
353 3425 457 3478 biensis
476 3432 572 3480 notum
591 3426 664 3492 lacit,
684 3426 758 3496 quod
778 3426 859 3480 Merlr
877 3425 951 3480 filius
969 3425 1150 3495 Martini-pro
1169 3440 1198 3478 se
1216 3430 1244 3478 et
1262 3422 1392 3478 frutribus
1417 3423 1558 3493 Gregorio
1579 3437 1607 3481 et

352 3511 503 3577 Demetrio,
522 3514 587 3567 item
606 3512 697 3566 Dersh
716 3513 789 3568 filius
808 3513 956 3568 Mortunus
974 3530 1024 3583 pro
1043 3529 1072 3566 se
1090 3519 1118 3566 et
1136 3512 1219 3565 fratre
1238 3527 1288 3566 suo
1307 3509 1426 3576 Andree,
1438 3510 1551 3567 nobiles
1572 3515 1607 3569 de

351 3616 451 3669 genere
464 3599 544 3666 Rata,
558 3599 676 3654 confessi
695 3607 761 3655 sunt
779 3619 809 3656 se
826 3599 982 3656 vendidisse
1000 3599 1117 3655 Nicoleo
1129 3599 1186 3654 filio
1205 3596 1320 3652 Arlandi
1338 3613 1388 3668 pro
1407 3597 1523 3654 domino
1543 3601 1607 3672 ejus

352 3686 437 3741 nobili
456 3687 514 3742 viro
538 3684 680 3757 Stephano
704 3688 785 3754 beno,
810 3688 867 3743 filio
891 3689 1000 3742 comitis
1024 3687 1165 3758 Stephani,
1188 3693 1289 3742 terram
1314 3703 1392 3740 suam
1410 3685 1607 3755 Drozgometh

350 3774 429 3828 iuxta
447 3773 561 3828 fluvium
579 3774 665 3846 Mays
683 3793 732 3845 pro
751 3776 847 3846 viginti
872 3776 978 3830 mareis.
1005 3774 1091 3828 Cuius
1115 3781 1189 3829 meta
1212 3773 1310 3844 incipit
1333 3773 1361 3827 in
1385 3771 1472 3827 latere
1497 3777 1606 3829 montis

353 3860 452 3932 Guplra
470 3862 590 3932 gorichs,
608 3863 673 3918 inde
691 3879 740 3934 per
758 3864 847 3918 varias
865 3867 953 3918 metes
971 3861 1099 3916 arboreas
1117 3869 1145 3916 et
1162 3868 1272 3928 terreus,
1291 3876 1340 3931 per
1352 3865 1459 3915 montes
1472 3865 1501 3916 et
1513 3863 1607 3918 valles

354 3949 428 4005 cadit
446 3952 474 4007 in
493 3949 607 4005 flurium
627 3950 802 4006 Cococheves
821 3957 848 4006 et
866 3951 895 4004 in
913 3950 1027 4006 fluvium
1046 3949 1137 4020 Meya.

405 4037 534 4092 Tkalc'lc:
553 4039 632 4091 Mos.
653 4037 729 4092 Hist.
751 4039 780 4092 Τ.
799 4039 825 4094 1.
844 4055 871 4108 p.
888 4040 949 4092 226.

406 4177 622 4233 MODXLVIII.
645 4179 727 4233 Circa
746 4183 822 4233 1289.
841 4179 987 4233 Ludislaus
1006 4177 1056 4232 IV.
1076 4195 1124 4232 rex
1148 4177 1243 4232 scribit
1267 4175 1396 4231 fidelibus
1419 4175 1478 4229 suis
1503 4175 1604 4232 Endre

352 4267 408 4321 filio
427 4267 538 4332 hother,
558 4273 585 4321 et
603 4266 738 4335 Gregorio
763 4265 820 4320 lilio
844 4264 912 4332 Pale,
937 4272 1014 4336 parte
1033 4283 1082 4336 pro
1098 4265 1210 4319 Mart-ini
1229 4265 1278 4318 0οἰ
1297 4263 1454 4334 Wyduzlav
1471 4268 1502 4316 et
1520 4264 1604 4318 Banh

352 4355 400 4408 filii
420 4353 565 4408 Petruzlev
580 4354 763 4424 jobagionum
782 4355 864 4407 casiri
884 4353 1063 4423 Simigiensis,
1083 4352 1157 4422 quod
1171 4351 1251 4422 Opoy
1269 4353 1345 4423 ipsos
1370 4351 1556 4406 destruxisset
1574 4361 1601 4405 et

351 4449 451 4496 terrem
470 4443 592 4511 ipsorum
611 4441 722 4496 Necech
740 4441 861 4495 indebite
879 4447 1049 4510 occupasset,
1067 4439 1131 4494 inde
1150 4457 1212 4494 curn
1231 4455 1279 4493 rex
1297 4437 1399 4493 dietam
1424 4445 1527 4492 terram
1547 4440 1599 4509 ipsi

352 4527 423 4598 Opoj
443 4528 566 4582 conferre
585 4546 639 4584 000
658 4529 731 4596 velit,
750 4527 865 4582 mandet
884 4535 1018 4598 quatenus
1037 4528 1147 4582 orfanos
1167 4527 1318 4580 hlartinunr
1331 4532 1359 4581 et
1373 4524 1452 4580 Benk
1471 4525 1500 4578 in
1519 4529 1601 4581 terris

352 4617 475 4686 ipsorum
492 4624 660 4671 conservent.

411 4703 535 4758 Wsusel:
556 4703 621 4760 (lod.
641 4703 710 4774 dipl.
728 4701 836 4772 Arpad.
854 4701 910 4757 IX.
930 4705 989 4756 554.
