3376 5350
345 399 411 464 412
846 407 867 448 1.
885 371 1095 462 1111111111,

347 590 434 644 civem
454 588 489 644 de
506 589 623 644 Ancona
641 579 777 642 sindicum
796 586 863 642 dicti
884 587 1039 641 communis
1052 601 1085 641 ox
1098 586 1192 654 altera,
1204 587 1329 642 volentes
1342 589 1434 658 ipsum
1450 604 1607 644 commune
1673 582 1675 619 ⁴

346 681 375 732 et
399 676 553 746 singulares
577 677 700 745 ipsorum
719 677 792 730 cives
809 674 844 729 ad
863 691 955 729 veram
974 690 1071 744 pacem
1095 681 1124 729 11
1148 673 1324 730 concordiam
1353 675 1498 742 reducere,
1523 677 1605 731 deve
1668 732 1672 741 ,

346 769 446 820 nerunt
470 764 505 818 ad
528 764 598 818 haec
621 769 716 834 pacta:
742 763 825 828 Quod
850 779 946 816 omnes
970 762 1135 816 anconitani
1157 762 1349 818 tractabuntur
1373 780 1422 834 per
1451 779 1606 818 commune

346 853 448 910 Jadrae
466 851 655 918 amicabiliter,
674 857 702 905 et
720 850 793 920 quod
812 851 921 920 possint
938 850 997 904 sani
1016 855 1045 904 et
1062 849 1188 920 naufragi
1201 851 1302 906 morari
1320 866 1353 906 ac
1371 851 1462 906 redire
1480 853 1514 906 in
1535 871 1604 923 quo·

347 941 416 996 libet
427 944 510 1010 portu
527 939 545 994 J
548 938 630 994 adrae
647 938 732 992 libere
751 945 778 992 11
796 938 923 993 11111111
941 953 1004 992 cum
1023 937 1152 992 omnibus
1170 938 1227 990 suis
1245 938 1336 1004 rebus,
1350 945 1378 993 et
1390 941 1488 1009 posint
1508 957 1606 995 emere
1673 975 1674 990 2

347 1035 376 1084 et
392 1027 511 1082 vendere
529 1028 588 1081 sine
606 1027 700 1096 aliquo
719 1024 803 1092 datio,
827 1025 904 1080 salvo
929 1025 1080 1079 alboratioo
1099 1026 1127 1080 in
1147 1033 1229 1096 portu
1246 1025 1358 1080 dadrae.
1380 1025 1447 1081 Hoc
1466 1027 1569 1099 ipsum
1593 1047 1606 1084 e

347 1131 480 1170 converso
498 1113 635 1168 Jadratini
654 1115 682 1166 in
701 1114 824 1167 Ancona.
842 1111 914 1166 item
933 1111 967 1166 de
986 1111 1051 1176 salo,
1072 1111 1148 1184 quod
1166 1113 1273 1182 possint
1286 1129 1382 1168 secure
1396 1121 1522 1183 portare,
1538 1116 1606 1170 dum

348 1207 460 1274 portent
477 1203 506 1256 in
524 1201 696 1258 Racanetum
714 1201 758 1255 vel
776 1199 890 1254 inferius
908 1216 1003 1254 versus
1027 1199 1162 1254 'frontum
1178 1207 1209 1254 et
1227 1199 1403 1270 Senegaliam
1421 1207 1450 1254 et
1469 1205 1606 1272 superius

348 1305 444 1344 versus
461 1289 627 1354 Ariminum,
646 1287 771 1342 similiter
790 1288 956 1342 Anconitani
974 1293 1091 1358 possunt
1103 1288 1189 1342 libere
1200 1286 1345 1343 detrahere
1357 1287 1444 1342 salem
1465 1289 1502 1344 de
1522 1305 1608 1360 portu

348 1377 450 1434 Jadrae
468 1375 585 1432 ubilibet
603 1375 789 1430 deferendum.
810 1375 881 1430 Item
900 1375 975 1446 quod
992 1374 1129 1430 Jadratini
1148 1376 1257 1445 possint
1275 1375 1417 1430 extrahere
1430 1375 1467 1432 de
1479 1379 1605 1433 Ancona

348 1465 517 1520 bucticellas.
537 1462 1183 1518 1111111111111111111111111111111111111
1206 1481 1256 1533 per
1279 1463 1419 1518 1111111111
1445 1481 1513 1522 cum
1538 1468 1606 1536 vino

349 1555 377 1609 in
396 1569 492 1613 cortun
510 1559 622 1622 portum
641 1552 701 1606 vice
718 1567 805 1616 versa,
824 1549 900 1620 quod
912 1566 985 1604 unus
998 1559 1091 1606 custos
1105 1556 1224 1621 ponatur
1236 1553 1364 1622 expensis
1377 1551 1444 1608 dicti
1470 1555 1531 1607 vini
1553 1563 1607 1610 etc.

400 1639 551 1694 Malaita:
569 1639 649 1692 Mau
668 1639 732 1692 aar.
752 1637 829 1692 slav.
851 1636 946 1692 meriti.
966 1638 991 1692 1.
1010 1655 1037 1709 p.
1056 1641 1098 1691 98.

403 1779 627 1836 MODXXVlIl.
646 1782 721 1834 lass.
740 1777 882 1833 Elisabeth
902 1780 989 1833 maior
1007 1779 1101 1848 regina
1116 1779 1278 1850 Hungariae
1289 1781 1422 1848 notificat,
1438 1781 1517 1852 quod
1539 1799 1609 1838 cum

349 1869 512 1940 magistrum
536 1867 674 1922 Jacohum
698 1867 787 1922 tilium
811 1866 921 1936 Ponyth
946 1867 981 1921 de
1005 1883 1105 1938 genere
1125 1867 1227 1932 Buzad,
1246 1867 1359 1938 quidam
1378 1868 1412 1923 de
1436 1869 1607 1938 baronibus,

349 1956 481 2028 capitales
493 1956 597 2010 inimici
611 1955 743 2022 eiusdem,
762 1956 786 2010 ei
805 1955 960 2025 frequenter
973 1959 1001 2009 et
1013 1956 1123 2010 assidue
1136 1961 1321 2024 accusassent,
1334 1973 1389 2012 non
1402 1956 1499 2012 debita
1512 1958 1607 2013 fideli-

348 2051 404 2100 tate
422 2045 447 2098 ei
466 2049 494 2099 et
512 2043 569 2097 lilio
589 2043 648 2114 ejus
661 2043 687 2096 d.
700 2043 759 2112 regi
778 2043 806 2096 in
824 2042 1009 2112 legationibus
1022 2044 1082 2097 eius
1095 2043 1206 2114 quaudo
1219 2041 1254 2096 ad
1267 2048 1374 2113 partem
1387 2044 1607 2101 meridionalem

348 2132 465 2186 duxerat
483 2147 547 2186 eum
572 2130 812 2184 transmittendum
837 2131 988 2198 servivisse,
1012 2131 1087 2184 idem
1111 2132 1207 2198 regina
1231 2130 1435 2200 praedictorum
1460 2131 1608 2188 baronum

349 2219 471 2274 consiliis
490 2225 517 2273 et
535 2218 625 2272 verbis
644 2217 750 2272 frivolis
767 2219 936 2288 aquiescens,
956 2225 1043 2272 totam
1057 2235 1136 2274 suam
1149 2217 1337 2285 collationem,
1356 2217 1486 2274 videlicet
1504 2221 1608 2276 villam

350 2306 464 2376 (lhechy
482 2311 510 2360 11
528 2313 583 2360 tres
601 2305 681 2359 villas
699 2305 797 2360 Dobza
815 2306 843 2360 in
868 2306 1001 2360 comitatu
1026 2305 1060 2359 de
1086 2305 1202 2375 Segusd,
1227 2305 1297 2360 duas
1321 2305 1401 2360 villas
1427 2305 1550 2364 Onoche
1577 2318 1607 2364 et

350 2393 525 2464 Berzenyche
543 2395 572 2446 in
590 2394 724 2448 comitatu
736 2392 771 2447 de
785 2392 894 2462 Posega
906 2393 1056 2448 existentes
1076 2393 1111 2446 ab
1129 2392 1226 2448 eodem
1239 2401 1422 2461 revocaverat,
1436 2396 1504 2465 quia
1517 2399 1607 2451 etiam

348 2482 523 2536 tauamicum
550 2480 700 2550 reginalem
726 2480 846 2534 Paulum
873 2480 976 2535 lecerat
1002 2481 1131 2534 interimi.
1156 2478 1212 2534 Sed
1237 2487 1385 2551 postquam
1409 2481 1444 2536 de
1469 2484 1607 2537 omnibus

350 2569 529 2623 certooertius
546 2567 637 2622 suerat
655 2573 775 2636 experta,
794 2568 913 2622 resciens
938 2567 1013 2637 quod
1036 2567 1105 2621 haec
1129 2569 1223 2622 omnia
1247 2584 1281 2622 err
1306 2567 1361 2623 odii
1385 2569 1483 2622 lomite
1501 2581 1607 2626 contra

349 2654 467 2710 eundem
486 2653 595 2710 lucrant
613 2659 716 2720 exorta,
735 2661 767 2708 ut
785 2669 848 2706 eum
863 2670 880 2706 1
898 2655 1012 2708 servicio
1031 2655 1141 2724 reginae
1159 2655 1211 2708 sub
1229 2655 1303 2708 malo
1315 2655 1375 2710 selo
1393 2657 1502 2725 possint
1523 2675 1607 2728 sepa-

348 2759 408 2797 rare
427 2748 454 2796 et
472 2742 538 2796 licet
556 2741 648 2796 dictus
666 2740 771 2794 Paulus
789 2740 886 2794 merito
905 2740 994 2794 iuverat
1012 2741 1181 2807 interfectus,
1201 2742 1279 2794 1111111
1298 2745 1326 2796 11
1343 2743 1452 2813 agnatis
1471 2744 1604 2800 eiusdem

348 2830 428 2884 Pauli
448 2829 601 2884 secundum
620 2829 784 2882 sententiam
804 2829 937 2884 baronum
957 2829 1099 2883 satisfecit.
1119 2829 1201 2883 Unde
1224 2828 1371 2883 attendens
1394 2835 1484 2886 totam
1509 2833 1607 2902 ipsius

348 2917 508 2973 fidelitatem
529 2921 556 2970 et
575 2917 685 2970 servitia
704 2931 775 2986 quae
793 2917 903 2986 reginae
921 2932 938 2969 a
956 2917 1040 2986 longo
1059 2923 1183 2986 tempore
1201 2916 1381 2985 impenderat,
1400 2917 1494 2971 villam
1508 2918 1604 2975 Chehi

348 3011 404 3059 tres
423 3005 503 3058 villas
520 3005 619 3058 Dobza
637 3009 665 3058 et
682 3003 761 3058 villas
786 3003 951 3058 Berzenichc
970 3009 997 3057 et
1014 3003 1127 3058 Ovacha
1150 3005 1270 3058 restituit
1289 3005 1314 3058 ei
1332 3021 1367 3058 ex
1385 3005 1532 3061 voluntate
1552 3009 1605 3063 1111

350 3094 392 3147 111
411 3094 493 3163 regis.
518 3093 624 3146 Datum
648 3107 697 3163 per
721 3108 819 3146 manus
838 3093 962 3162 magistri
986 3091 1127 3146 Laurentii
1146 3092 1294 3163 praepositi
1318 3091 1352 3146 de
1376 3092 1494 3164 Posega,
1520 3096 1607 3152 aulae

350 3180 480 3249 reginalis
498 3180 723 3234 vicecancellarii.

411 3267 537 3324 Werssel:
559 3267 624 3322 Coa.
644 3268 711 3337 dipl.
731 3267 837 3337 Arpad.
860 3269 937 3322 Cout.
952 3269 1003 3322 IV.
1015 3269 1074 3322 312.

404 3427 597 3482 MODXXIX.
617 3429 654 3480 In
673 3427 801 3483 lvanich.
821 3431 896 3481 1288.
915 3427 1037 3482 Joannes
1050 3428 1133 3498 episc.
1147 3426 1339 3496 Zagrabiensis
1356 3427 1502 3498 significat,
1524 3434 1605 3501 quod

349 3515 499 3570 Abbatissa
516 3523 544 3569 et
562 3515 698 3568 Moniales
717 3514 751 3568 de
770 3513 890 3569 Iwanich
908 3514 1049 3570 humiliter
1067 3515 1258 3584 supplicarunt
1274 3513 1447 3584 privilegium
1461 3514 1604 3586 Stephani

350 3602 489 3672 quondam
508 3602 630 3672 episcopi
648 3601 727 3670 Zagr.
746 3619 796 3672 pro
815 3603 854 3656 eis
872 3603 1004 3656 renovari.
1030 3602 1082 3656 Oui
1101 3603 1228 3673 petitioni
1247 3601 1403 3668 inclinatus,
1421 3603 1605 3676 privilegium

349 3691 441 3760 ipsum
461 3689 503 3752 (de
521 3706 545 3744 a.
565 3690 643 3757 1246)
663 3689 842 3744 confirmavit

405 3775 631 3832 Tariotarum.
652 3777 729 3831 Hisl.
751 3778 779 3831 Τ.
799 3778 823 3831 1.
842 3779 947 3848 11223.

402 3933 581 3990 MCDXXX.
601 3939 676 3988 12111.
696 3936 858 4006 Capitulum
877 3938 935 3991 eccl
953 3937 979 3991 b.
1000 3936 1075 3990 Petri
1095 3937 1128 3991 de
1147 3937 1258 4007 Posoga
1276 3937 1408 4004 notificat,
1431 3937 1508 4007 quod
1532 3939 1605 3994 Gro-

350 4023 444 4093 gorius
463 4039 555 4078 comes
574 4023 647 4078 iilius
666 4023 752 4077 Zaida
771 4023 914 4078 confessus
933 4025 968 4078 sit
986 4024 1149 4095 particulam
1169 4033 1257 4079 terrac
1276 4041 1342 4079 suae
1366 4023 1500 4080 Jclseuch
1519 4027 1604 4082 iuxta

350 4119 450 4166 terram
470 4113 577 4166 comitis
596 4110 705 4165 Nicolai
724 4111 896 4166 adiacentem
915 4129 965 4182 pro
984 4112 1078 4166 debito
1098 4119 1161 4166 octo
1180 4129 1342 4182 marcarum,
1369 4113 1470 4183 quibus
1494 4115 1605 4171 Znidae

351 4199 408 4254 filio
428 4200 536 4254 comitis
555 4199 677 4253 liathiae
696 4199 849 4267 tenebatur,
868 4199 957 4253 eidem
976 4199 1078 4253 Zaidae
1095 4199 1251 4254 vendidisse
1270 4201 1298 4254 in
1316 4207 1493 4270 perpetuum.
1508 4202 1603 4258 Cuius

350 4294 438 4341 terrae
457 4287 545 4357 prima
566 4293 640 4341 meta
664 4287 761 4356 incipit
785 4303 868 4356 super
892 4287 1041 4341 Oriauicha
1065 4286 1177 4356 potoka,
1202 4288 1318 4340 transita
1343 4288 1386 4340 via
1410 4287 1550 4342 ascendit
1566 4291 1603 4344 ad

351 4375 448 4428 Orisna
466 4375 555 4443 glava,
574 4373 637 4428 inde
657 4373 800 4428 descendit
818 4373 853 4427 ad
872 4375 1005 4428 terminos
1024 4381 1112 4429 terrae
1125 4374 1276 4428 Hursouch
1295 4381 1323 4428 et
1339 4374 1377 4428 ibi
1391 4391 1440 4444 per
1453 4375 1599 4445 quoddam

349 4477 430 4530 mage
448 4462 476 4515 in
494 4462 580 4516 latere
599 4461 690 4530 Byrch
710 4461 798 4516 tendit
816 4478 911 4516 versus
929 4463 1079 4526 meridiem,
1093 4462 1213 4516 flectitur
1225 4479 1274 4532 per
1286 4462 1387 4516 vallem
1405 4478 1477 4532 quae
1497 4463 1597 4520 dividit

350 4565 367 4602 1
384 4547 501 4603 Nicolao
520 4549 576 4603 filio
596 4549 704 4614 Hrank,
732 4549 823 4603 ervado
842 4550 916 4604 cadit
934 4551 962 4603 in
981 4549 1146 4619 Oryauicha,
1171 4558 1198 4604 et
1223 4567 1271 4618 per
1294 4565 1427 4619 magnum
1446 4548 1601 4608 Orianicha

349 4637 425 4690 venit
443 4636 478 4690 ad
498 4637 617 4706 priorem
635 4643 745 4691 metam.

404 4723 453 4777 Ea
471 4725 581 4779 arcia-ivo
601 4724 732 4778 coartanda*
751 4723 937 4778 11111111.-
961 4724 1086 4780 Weaael:
1107 4725 1171 4780 coa.
1193 4723 1387 4794 (1111111111.
1407 4723 1463 4779 IX.
1483 4729 1547 4782 489.
