3488 5380
737 423 883 470 mura.
1364 405 1425 472 191

188 591 261 648 salix
289 605 428 656 vscerusa,
457 587 493 645 ad
524 595 633 662 pratum
660 590 787 646 Trestina
805 591 875 658 loca,
900 596 928 646 et
950 605 1036 662 penes
1054 606 1215 648 vzcorusam
1233 592 1270 648 ad
1287 594 1368 664 viam
1386 595 1435 651 ubi

191 678 354 734 terminatur
371 680 444 732 terra
463 676 530 732 wlk
547 675 597 732 filii
615 676 739 748 Zibialay
756 682 785 732 et
802 677 919 734 ecclesia
937 677 1119 750 Topiioensis.

244 763 631 824 summissurus.
650 763 736 834 laps.
755 765 777 834 1,
798 767 840 821 95.

241 904 358 963 DCXL.
384 909 461 964 1252.
490 905 651 978 Stephanus
669 905 760 961 banus
778 904 864 960 totius
883 903 1031 961 Slavoniae
1056 905 1200 978 significat,
1219 907 1379 978 quodcum
1397 925 1432 966 er

188 998 336 1066 praecepto
354 993 439 1050 Bolas
455 992 529 1076 regis
547 997 634 1050 terras
652 993 735 1050 castri
753 992 780 1048 in
799 996 858 1048 tota
870 991 1003 1049 dissonis
1021 1009 1038 1048 a
1056 997 1181 1064 tempore
1200 993 1347 1052 Colomaui
1358 997 1432 1068 regis

187 1081 322 1138 alienatas
339 1080 490 1138 iudicando
507 1085 598 1138 oastm
616 1081 780 1149 restitueret,
799 1079 913 1152 qnidam
931 1079 1113 1151 iobbagiones
1131 1081 1215 1138 castri
1235 1081 1430 1156 Zagrabiensis

188 1173 291 1225 terram
308 1169 419 1226 Nicolai
437 1169 487 1226 lilii
504 1169 637 1226 Hndinlai
664 1166 821 1240 Scepnioha
846 1167 1017 1223 nominatam
1043 1167 1149 1224 mtione
1174 1170 1257 1226 castri
1274 1170 1430 1227 reambula·

188 1257 278 1313 verint
296 1255 427 1326 dicentes,
446 1257 524 1313 illam
541 1256 628 1314 fuisse
646 1257 728 1312 castri
746 1255 898 1322 memorati,
917 1253 967 1311 sed
984 1271 1034 1326 pcr
1052 1253 1171 1313 eundem
1189 1263 1362 1328 occupatam,
1381 1257 1431 1314 Ni·

189 1344 288 1401 eolaus
305 1350 400 1401 autem
417 1345 494 1414 illam
511 1351 612 1401 terram
636 1361 715 1400 suam
740 1343 950 1400 haereditariam
963 1358 1025 1399 esec
1041 1342 1190 1412 assembnt,
1207 1344 1358 1402 ostendens
1377 1346 1432 1402 evi·

188 1431 301 1489 dentem
318 1433 454 1490 rationem
472 1433 602 1502 veritatis,
621 1431 698 1504 quod
716 1432 781 1488 olim
806 1430 919 1503 Ompud
943 1429 1034 1486 banus
1058 1435 1160 1487 terram
1177 1432 1254 1489 illam
1271 1433 1430 1504 ignoranter

189 1519 227 1578 ab
244 1525 338 1576 attare
357 1519 483 1576 eiusdem
502 1525 677 1592 occupasset,
695 1517 874 1591 postmodum
891 1523 986 1575 antem
1004 1519 1117 1590 cognite
1134 1519 1248 1576 veritate
1265 1521 1428 1590 restituerit;

188 1611 288 1678 postea
306 1608 398 1676 etiam,
424 1606 538 1679 quando
562 1607 697 1664 Nicolsus
725 1606 867 1678 orphanus
891 1606 951 1675 lirit,
976 1611 1036 1662 erat
1058 1606 1106 1661 iila
1134 1611 1207 1662 terra
1229 1607 1434 1680 aquibnsdam

184 1694 385 1767 jobngionibus
411 1695 494 1751 casffi
520 1701 666 1767 occupata,
684 1711 700 1750 e
718 1711 837 1766 quorsum
854 1693 984 1750 manibus
1002 1693 1076 1749 idem
1093 1693 1170 1750 illem
1188 1699 1259 1751 teate
1276 1696 1430 1752 litterarum

187 1781 302 1854 capituli
320 1799 393 1854 sagr.
411 1787 440 1838 et
455 1781 475 1838 J
476 1797 508 1838 os
514 1798 565 1838 noe
582 1787 650 1838 tunc
661 1781 769 1838 comitis
781 1779 976 1852 Zagrabieusis
988 1786 1016 1837 et
1027 1781 1154 1838 vioebani
1172 1783 1246 1840 iusto
1264 1783 1429 1840 venditionis

187 1867 269 1926 t'tulo
286 1869 471 1942 comparavit3
490 1868 619 1940 quocirca
637 1868 728 1925 banus
745 1873 847 1924 terram
866 1868 892 1923 ei
909 1869 1105 1940 perpetualiter
1122 1867 1271 1926 adiudicat
1290 1870 1430 1928 Moturum

187 1960 280 2011 antem
307 1961 396 2012 terrae
424 1957 514 2028 primo
539 1956 637 2028 incipit
653 1974 672 2012 a
689 1953 812 2028 quodam
839 1955 924 2024 fonte,
952 1957 1025 2012 circa
1052 1973 1135 2028 quem
1162 1962 1228 2013 runt
1246 1957 1345 2013 salices
1352 1977 1360 2026 ;
1379 1975 1429 2030 per

187 2044 277 2100 varice
295 2048 384 2100 metas
401 2043 532 2102 arboreas
550 2048 579 2099 et
596 2047 704 2099 montes
723 2043 798 2099 venit
816 2041 851 2098 ad
871 2043 953 2112 viem,
982 2060 1055 2114 quae
1071 2044 1197 2100 ascendit
1214 2043 1250 2100 de
1267 2044 1351 2102 domo
1369 2047 1429 2103 Me·

186 2130 247 2186 riad
265 2137 294 2188 ct
311 2130 348 2187 ad
366 2130 489 2188 medium
506 2132 617 2199 montis,
636 2131 684 2186 ubi
705 2136 771 2186 sunt
782 2135 838 2187 tres
856 2135 946 2186 metae
963 2130 1087 2200 Nicolai;
1105 2131 1170 2190 inde
1187 2131 1224 2189 sd
1241 2137 1332 2190 metes
1344 2135 1431 2191 cruci·

188 2218 310 2274 ferorum
328 2219 497 2290 aflepulcri,
515 2236 550 2274 ex
567 2224 646 2290 parte
664 2219 775 2273 sinistra
792 2217 842 2274 lilii
855 2218 964 2290 Merge;
983 2235 1032 2290 per
1050 2219 1140 2274 varias
1158 2224 1246 2276 metas
1263 2220 1300 2276 ad
1318 2221 1426 2278 vinem

187 2305 259 2363 sort
276 2311 305 2363 et
321 2307 358 2362 sd
375 2323 478 2378 aquam
504 2305 668 2378 Sccpnichn,
694 2306 774 2360 iuxta
801 2321 885 2376 quam
912 2311 955 2360 est
981 2305 1094 2376 quidam
1120 2311 1229 2378 puteus,
1256 2307 1305 2363 ubi
1333 2307 1430 2366 delicit

187 2399 263 2450 mota
274 2393 481 2462 cruciferorum,
494 2394 591 2466 incipit
601 2392 725 2450 Bolosod
737 2392 906 2450 convicinari
918 2397 1006 2449 terrac
1016 2393 1125 2449 Nicolai
1143 2395 1265 2463 comitis;
1285 2401 1313 2452 et
1330 2397 1430 2453 lterum

189 2498 239 2553 per
256 2482 346 2538 varias
363 2487 460 2550 metas,
477 2487 586 2538 montes
604 2487 632 2537 et
649 2482 753 2550 uaeas,
772 2480 848 2537 vadit
860 2497 944 2552 snper
955 2482 1108 2538 monticulo
1120 2482 1228 2550 Preval,
1247 2487 1275 2538 et
1292 2485 1428 2542 unusne

189 2570 263 2625 viam
280 2568 316 2626 de
333 2568 418 2626 domo
429 2569 539 2625 Nicolai
556 2568 592 2624 ad
605 2568 720 2626 domum
737 2567 860 2625 Bolowd
878 2567 1022 2624 deseendit
1038 2568 1075 2624 ad
1093 2569 1221 2640 rivulum,
1241 2571 1290 2642 qui
1307 2570 1429 2628 decurrit

188 2655 224 2714 de
241 2656 326 2714 domo
343 2656 474 2726 Bolosod,
492 2661 521 2712 et
538 2657 613 2712 vonit
630 2656 667 2713 ad
685 2673 788 2728 aquam
805 2661 834 2712 et
850 2654 887 2712 ad
905 2655 1023 2728 primam
1040 2661 1151 2714 metam.

243 2743 626 2803 strenuosissimo.
645 2748 728 2816 ΖΨ.
747 2748 769 2813 1,
789 2747 832 2800 94.

239 2885 372 2944 DOXLI.
389 2889 467 2942 1252.
485 2885 648 2958 Capitulum
665 2885 871 2957 vesprimiensis
892 2885 1025 2942 ecclcsiae
1043 2885 1174 2955 notificat,
1193 2886 1270 2958 quod
1288 2888 1426 2945 Martinus

188 2973 270 3030 Nunc
287 2991 339 3046 pro
357 2990 387 3030 se
404 2973 507 3029 stillio
525 2989 577 3029 suo
601 2972 756 3040 Motmerio,
780 2970 898 3043 Epidius
922 2977 950 3027 et
973 2972 1121 3030 Tiburcins
1139 2973 1189 3028 iiiii
1207 2973 1298 3045 Epidii
1317 2991 1353 3032 ex
1370 2993 1427 3033 nna

187 3065 277 3134 parte,
294 3059 462 3118 Benedictus
487 3060 610 3118 decanus
633 3065 662 3116 et
684 3059 819 3118 Nicotaus
844 3065 940 3116 custos
961 3059 1156 3131 Zagrsbiensis
1174 3078 1225 3133 pro
1242 3063 1365 3134 capitulo
1382 3082 1427 3121 aa·

187 3145 264 3222 g'rab.
283 3165 319 3206 ex
335 3149 431 3218 alteru,
450 3148 646 3222 proposuerint
663 3149 725 3204 viva
736 3165 811 3216 voce,
831 3147 907 3218 quod
919 3164 984 3204 curn
997 3147 1144 3219 questione
1156 3154 1232 3205 mota
1249 3149 1318 3207 inter
1330 3152 1427 3208 ambas

188 3241 280 3310 partes
299 3253 383 3310 super
410 3241 509 3309 quarta
535 3242 623 3292 terrae
649 3235 783 3308 Topliche
801 3234 921 3291 donatae
948 3234 1082 3292 ecclesiae
1100 3235 1280 3308 Zagrabiensi
1297 3255 1332 3296 cx
1349 3247 1428 3312 parte

187 3324 299 3381 relictae
317 3325 450 3381 Motmerl
477 3325 586 3380 comitis
612 3341 706 3380 coram
724 3328 802 3395 putre
819 3322 951 3394 Philippo
969 3323 1102 3395 episcopo
1120 3323 1238 3395 Zagrnb.
1256 3326 1429 3399 aliquamdiu

187 3411 352 3484 litigassent,
371 3419 400 3470 et
417 3429 466 3484 per
483 3412 645 3468 relationem
662 3411 699 3468 sd
716 3411 886 3468 audientiam
901 3411 975 3482 regis
994 3411 1103 3484 questio
1121 3412 1297 3484 pervenisset,
1316 3415 1428 3472 tandem

187 3515 222 3557 ex
240 3501 420 3572 permissione
437 3500 510 3572 regis
528 3501 652 3555 venerint
669 3498 706 3556 ad
723 3499 807 3554 talem
825 3498 1062 3570 compositionem,
1090 3498 1167 3570 quod
1184 3501 1338 3573 capitulum
1355 3520 1428 3575 sagr.

186 3587 316 3658 Martino,
335 3587 437 3660 Epidio
460 3593 489 3644 et
512 3587 638 3644 Tiburtio
663 3587 769 3644 solvere
794 3591 923 3643 teneatur
946 3585 1044 3656 viginti
1062 3603 1162 3644 novem
1185 3605 1301 3660 marcas,
1319 3590 1373 3663 ipsi
1390 3590 1428 3647 ab

190 3677 266 3732 omni
283 3677 406 3733 ulteriori
424 3677 570 3748 questione
589 3680 739 3733 cessantes.

240 3765 367 3822 stridit:
385 3767 459 3821 tlon.
478 3765 542 3822 liet.
560 3767 623 3822 eccl.
642 3779 717 3836 repr.
737 3765 759 3833 Ι,
779 3767 823 3818 97.

238 3906 386 3963 noxnn.
404 3907 532 3976 Perunli,
550 3908 590 3960 18.
610 3905 749 3962 Jaeuerit
767 3907 842 3958 1853.
861 3904 1040 3960 innocentius
1058 3902 1109 3960 IV.
1121 3919 1196 3975 pape
1210 3903 1305 3960 abbati
1323 3909 1352 3960 et
1363 3921 1427 3962 con·

185 3995 279 4051 ventui
297 3994 332 4051 de
349 3995 500 4067 Thoplicuo
512 3993 698 4050 cirterciensis
711 3991 825 4061 ordinis,
843 3991 954 4063 nagrab.
970 3991 1112 4059 dioecesis,
1126 3990 1293 4063 petentibus,
1312 3997 1344 4048 ut
1356 3992 1428 4050 ordi-

185 4083 326 4139 nationem
343 4083 468 4156 episcopi
493 4082 674 4150 Praenestini,
702 4085 769 4138 tuuc
798 4079 999 4152 archiepiscopi
1023 4079 1232 4151 Strigonisnsis,
1256 4079 1305 4152 qui
1322 4080 1350 4134 in
1368 4097 1428 4137 mo·

185 4172 306 4227 nasterio
324 4188 347 4227 s.
365 4172 477 4229 Nicolal
494 4171 529 4227 de
548 4171 646 4239 Erche,
671 4169 877 4242 vesprimiensis
904 4167 1047 4236 dioecesis,
1066 4169 1095 4223 in
1114 4185 1169 4240 quo
1188 4167 1288 4224 frustm
1307 4167 1425 4224 Oarthu·

185 4259 283 4316 eleusis
296 4257 400 4316 ordinis
411 4258 564 4331 eliqunndo
575 4258 762 4327 morabantur,
775 4256 824 4313 sed
835 4259 899 4328 post
911 4271 1052 4312 recessum
1063 4256 1242 4313 Tartarorum
1255 4255 1426 4313 destructum

185 4351 213 4402 et
229 4345 387 4404 euentum
405 4347 505 4416 extitit,
524 4345 661 4419 quosdam
678 4345 831 4403 monachos
853 4349 881 4401 et
897 4360 1046 4401 conversos
1064 4343 1238 4416 Toplicensis
1265 4343 1425 4401 monasterii

184 4435 367 4506 colocaveret,
386 4441 475 4492 ratam
492 4434 615 4503 haberet,
634 4434 788 4491 confirmat.

239 4523 372 4580 lirciscm
395 4525 522 4581 Moesum.
545 4529 596 4580 oet.
620 4523 716 4594 Hunc.
735 4525 759 4594 1,
777 4524 838 4578 216.
864 4519 963 4589 Fejer:
978 4519 1043 4577 (lod.
1062 4519 1131 4590 dipl.
1149 4519 1245 4591 Hesp.
1264 4524 1283 4576 t.
1302 4519 1321 4575 1
1325 4517 1353 4575 V.
1372 4517 1424 4574 ool.

184 4613 224 4666 11.
238 4627 270 4682 p.
289 4615 353 4666 178.
