3488 5380
680 487 683 495 ⁴
699 421 846 468 anema,
1327 395 1393 464 245

144 595 221 646 esset
238 606 335 646 eorum
356 587 548 656 haereditaria,
573 593 601 644 et
624 588 697 644 idem
723 588 861 644 Martinus
885 589 1002 645 eandem
1027 603 1178 662 occupans,
1202 587 1395 662 depossnisset

146 681 227 751 ipsos
246 677 386 734 violenter.
407 677 513 732 Contra
530 675 718 748 respondebat
735 675 888 732 Minna:
907 675 983 748 quod
1001 676 1063 756 ipsa
1080 680 1153 732 terra
1171 693 1223 733 sua
1240 681 1314 732 esset
1330 676 1394 732 hae·

144 765 277 822 redituris
301 763 338 820 ab
361 765 477 836 antiquo
501 780 616 836 posessa
641 781 689 836 per
714 768 821 836 patrem
845 769 873 820 et
896 764 1125 836 praedomantes
1148 781 1232 832 suos,
1263 769 1292 820 et
1315 764 1393 836 quod

144 851 278 908 antedicti
295 852 428 921 Berialav,
452 850 565 908 Volchh
583 856 611 907 et
628 852 696 908 socii
715 853 759 907 sui
776 853 805 908 in
824 851 955 908 exhibitis
980 869 1029 924 per
1053 869 1117 908 enm
1145 853 1271 925 protinus
1294 852 1394 908 litteris

144 939 300 996 Alexandri
321 938 463 1010 quondam
481 938 606 994 riesbani
630 944 658 994 et
682 939 792 994 comitis
815 937 934 1010 Zagrsb.
953 943 982 994 et
998 939 1144 1012 privilegio
1168 939 1304 1012 Stephani
1328 938 1394 996 bsni

144 1029 174 1083 in
194 1027 298 1101 quibus
316 1025 524 1084 continebatur:
542 1025 618 1096 qnod
629 1023 720 1082 iidem
739 1026 878 1082 Berislaus
897 1031 925 1081 et
942 1026 1011 1082 socii
1029 1026 1058 1081 in
1077 1026 1149 1082 iacis
1170 1025 1269 1098 judieii
1296 1043 1394 1099 provo·

143 1115 201 1172 cati
225 1115 337 1171 fuerant
360 1114 397 1170 sd
421 1113 633 1188 productionem
660 1115 773 1170 testium
799 1112 967 1182 faciendam
991 1114 1031 1170 illi
1056 1130 1123 1172 sero
1145 1115 1252 1170 ucham
1276 1114 1394 1187 prodeo

142 1203 252 1260 tionem
269 1202 359 1258 facere
378 1203 542 1274 potuissent,
561 1217 613 1259 neo
630 1203 753 1274 aliquam
780 1201 925 1259 ostendere
949 1202 1120 1269 cautionem
1138 1207 1167 1258 et
1183 1201 1247 1258 ideo
1271 1202 1393 1260 Mertino

147 1307 213 1346 cum
233 1289 361 1346 nndedm
379 1291 571 1346 consimilibus
589 1289 748 1346 hominibus
765 1289 956 1346 adiudicatum
980 1290 1079 1346 luisset
1099 1290 1290 1362 juramentum
1307 1296 1335 1346 et
1352 1290 1394 1346 iu·

149 1383 240 1434 rassat
258 1394 320 1433 cnm
340 1377 452 1434 eisdem.
474 1377 570 1435 Banna
588 1377 672 1450 igitur
695 1393 752 1432 una
775 1393 840 1434 com
861 1377 996 1449 magistro
1015 1377 1099 1448 Moys
1116 1377 1269 1450 simigiensi
1291 1383 1319 1434 et
1336 1379 1393 1435 Vo-

145 1465 285 1522 rosdiensi
302 1466 411 1533 comite,
429 1467 563 1537 magistro
581 1465 700 1521 Nicolso
716 1463 810 1536 judice
829 1465 923 1520 euriae
940 1463 1071 1520 dominae
1089 1465 1202 1536 reginae
1220 1470 1249 1520 et
1266 1465 1394 1536 pluribus

144 1552 289 1610 nobilibus
308 1552 422 1625 publico
443 1551 549 1625 judicio
573 1551 776 1620 assedenh'bus,
800 1551 908 1606 Ivanka
931 1551 990 1607 filie
1008 1551 1112 1623 lnalsy,
1138 1551 1300 1619 Hrenhone,
1325 1551 1393 1610 Far·

143 1641 236 1696 cassio
254 1640 289 1696 de
308 1639 435 1711 degeris,
454 1641 613 1698 Pororseno
632 1640 690 1696 filio
708 1640 782 1695 Rata
799 1643 827 1694 et
844 1639 906 1694 aliis
918 1637 1098 1695 considerans
1112 1638 1225 1696 stadem
1239 1639 1393 1695 Berislaum

144 1734 174 1786 et
192 1745 259 1785 suos
277 1733 412 1800 cognatos
430 1729 507 1786 litem
525 1730 653 1800 primitus
671 1728 807 1798 litigatum
825 1731 853 1782 et
870 1743 906 1780 ex
923 1742 997 1782 novo
1014 1726 1188 1782 terminatam
1200 1727 1393 1798 resumpsisse,

143 1817 266 1873 decrevit
283 1815 396 1871 eosdem
414 1815 559 1872 manifeste
579 1815 793 1872 calumniatores
813 1814 989 1870 remansisse.
1012 1814 1049 1868 Et
1065 1829 1237 1884 quamquam
1256 1814 1334 1886 ipsos
1352 1830 1393 1870 se·

142 1903 266 1960 cundum
291 1904 469 1960 constitutam
488 1901 636 1960 vindictam
649 1902 814 1970 calumniae,
833 1901 941 1957 adustis
960 1918 1009 1972 per
1033 1899 1156 1956 medinm
1172 1901 1249 1956 nasis
1272 1901 1394 1956 indicere

142 1991 302 2057 debuisset,
313 1996 406 2046 tamen
425 1990 461 2045 ad
480 1990 640 2046 instantiam
657 1990 819 2061 petentium,
834 1989 958 2060 peperoli
975 1988 1192 2058 derelinquens
1204 1991 1306 2042 terram
1320 1987 1394 2042 blar-

144 2080 203 2134 tino
214 2083 242 2134 et
254 2079 315 2134 eius
324 2077 538 2142 suceessoribus,
551 2077 684 2133 adversae
696 2077 769 2149 parti
781 2081 948 2148 perpetuum
958 2075 1098 2130 silentium
1110 2073 1278 2146 inponendo.
1291 2073 1393 2130 Coram

143 2163 285 2220 Pristaldo
303 2165 395 2224 curiae
413 2165 479 2221 bani
497 2165 604 2222 Thomu
626 2165 683 2224 lilio
708 2165 829 2222 Sarctus
847 2169 875 2220 et
893 2163 1014 2220 terrestfi
1038 2162 1178 2220 Pristaldo
1202 2163 1313 2220 Boseno
1335 2161 1393 2220 tilio

143 2253 239 2307 Innse.
1358 2283 1359 2287 =

200 2337 500 2395 Thamascaltin
523 2342 551 2394 ll
570 2341 594 2396 1.
610 2357 640 2409 p.
657 2344 717 2396 126.

196 2477 384 2534 DOGCXXI.
402 2477 537 2548 viterbii,
556 2483 637 2536 12⁶2.
660 2485 700 2536 11.
718 2479 1009 2536 hasenrietanus
1027 2477 1079 2536 1v.
1096 2495 1171 2554 papa
1188 2479 1320 2552 Philippo
1337 2480 1393 2552 epi·

146 2582 234 2638 scopo
251 2565 333 2636 Zagr.
352 2564 401 2636 qni
420 2565 610 2632 postulaverat
629 2567 901 2640 archiepiscopatum
925 2565 1144 2638 strigoniensem
1168 2566 1300 2634 rescribit,
1315 2565 1391 2640 qnod

144 2669 207 2708 eam
225 2651 380 2708 seeundum
392 2651 623 2709 consuetudinem
635 2653 769 2710 eeclesiae
787 2670 836 2726 per
855 2669 921 2708 suos
939 2654 1062 2724 legatos:
1080 2652 1116 2708 N.
1130 2653 1292 2726 episcopum
1305 2654 1392 2711 Pene-

143 2741 271 2809 chinum,
289 2739 311 2795 1.
331 2739 450 2795 electum
475 2740 657 2797 Portnensem
675 2747 704 2797 et
721 2742 751 2797 P.
769 2757 792 2796 s.
810 2740 917 2796 Mariae
935 2741 964 2795 in
982 2740 1103 2796 vialata
1126 2738 1276 2795 diaconum
1302 2740 1392 2796 cardi-

143 2827 236 2883 nalem
253 2827 404 2882 examinari
416 2827 527 2883 lecisset
538 2833 567 2884 et
578 2828 643 2884 licet
655 2833 828 2900 compertum
841 2827 925 2882 therit
941 2825 1157 2898 postulationem
1169 2827 1333 2883 monnicam
1345 2847 1392 2884 ex·

144 2914 236 2970 nosse
255 2919 283 2969 et
299 2914 366 2970 licet
382 2914 443 2986 ipse
461 2915 569 2970 noverit
586 2915 662 2986 quod
687 2931 723 2971 ex
746 2915 806 2972 eius
831 2915 985 2985 magnificis
1009 2912 1114 2970 meritis
1133 2931 1197 2970 eum
1215 2915 1321 2970 maiora
1345 2915 1391 2972 de·

143 3006 238 3058 cernat
250 3007 278 3056 et
289 3001 472 3073 amplioribus
485 3009 558 3057 esset
578 3001 733 3058 honoribus
745 3001 913 3071 attolendus,
925 3007 1019 3058 tamen
1033 3002 1135 3057 serrari
1148 3002 1244 3058 solens
1256 3007 1392 3058 statutum

144 3087 416 3160 sedisapostolicae,
434 3089 651 3160 postulationem
669 3088 706 3145 ad
725 3106 858 3161 praesens
882 3088 997 3158 distulit,
1021 3089 1147 3144 nominet
1170 3093 1264 3144 umen
1281 3105 1345 3145 eum
1363 3090 1391 3145 in

145 3179 354 3248 procuratorem
373 3174 464 3231 dictae
482 3175 670 3247 Strigonensis
697 3177 838 3248 ecclesiae,
862 3176 975 3232 tradens
1001 3177 1027 3231 ei
1049 3192 1145 3232 curam
1166 3180 1195 3231 et
1219 3175 1392 3231 administra·

147 3264 253 3319 tionem
270 3262 299 3317 in
317 3262 518 3333 temporalibus
543 3268 571 3319 et
595 3263 795 3334 spiritualibus,
813 3264 935 3334 citatqm
962 3280 1026 3318 cum
1048 3263 1077 3318 in
1105 3262 1289 3334 praesentiam
1312 3279 1392 3318 susm

143 3351 216 3407 inira
233 3349 336 3404 festum
354 3337 494 3406 s‘Jaeobi
511 3351 640 3424 apostoli.

200 3453 331 3510 mana:
350 3455 424 3511 liora
441 3457 534 3524 Haeo.
552 3455 617 3511 hist.
635 3455 661 3512 1.
680 3457 742 3512 243.

195 3592 398 3649 mcccxxll.
417 3595 504 3663 Apud
530 3595 639 3650 domans
657 3595 805 3653 lindisse.
830 3598 909 3663 1262,
936 3600 960 3650 9.
978 3595 1139 3651 Februarii.
1165 3595 1233 3650 Bela
1260 3594 1311 3650 lv.
1341 3611 1391 3650 rex

143 3680 259 3736 mandat
276 3680 406 3737 omnibus
421 3681 563 3753 judicibus
590 3682 684 3754 regni:
702 3700 766 3739 cum
784 3682 953 3754 Stephanus,
972 3683 1048 3738 Iwan
1067 3688 1095 3738 et
1111 3681 1256 3738 Johaunes
1274 3683 1323 3737 llii
1340 3683 1391 3738 Be·

143 3769 229 3838 riwny
246 3767 378 3823 dicuntur
395 3784 457 3824 esse
475 3769 567 3824 adbuc
591 3770 619 3824 in
646 3775 738 3826 aetate
755 3776 850 3826 tenera
871 3771 1016 3826 constituti
1034 3775 1063 3824 et
1079 3770 1119 3824 eis
1136 3769 1172 3824 dc
1189 3770 1391 3827 consuetudine

143 3855 223 3926 regni
249 3855 368 3925 gratiam
385 3855 467 3910 duxit
484 3855 648 3924 faciendam,
666 3857 742 3928 qnod
760 3859 943 3930 superiectis
967 3859 1184 3930 possessionum,
1203 3874 1344 3914 servornm
1363 3865 1392 3914 et

144 3941 315 4008 ancillarum,
333 3947 458 4013 tempore
486 3944 574 4014 patria
593 3944 637 4000 sui
655 3946 767 4016 exortia,
785 3962 842 4002 non
864 3945 1022 4002 iudicentur
1038 3962 1128 4017 usque
1153 3945 1220 4000 dum
1246 3946 1276 4006 in
1299 3950 1390 4001 aetate

143 4029 280 4100 legittima
297 4027 400 4084 inerint
415 4031 567 4102 constituti,
578 4037 717 4103 quatenus
737 4048 785 4088 eos
804 4032 877 4088 ultra
894 4033 1012 4104 gratiam
1026 4033 1180 4089 sisiactsm
1195 4033 1321 4104 judicare
1332 4021 1389 4088 non'

145 4121 331 4187 praesumant

202 4203 323 4258 waraei:
341 4203 407 4259 Ood.
425 4203 495 4273 dipl.
514 4204 624 4274 Arpad.
648 4205 711 4260 Vll.
726 4223 757 4275 p.
775 4210 820 4261 30.

195 4341 413 4398 Doccxxln.
432 4344 565 4415 hemaii.
584 4349 662 4403 1262.
683 4350 727 4402 26.
748 4347 905 4402 Februarii.
929 4347 1026 4402 Frater
1050 4347 1209 4404 Alexander
1232 4347 1267 4404 ds
1293 4347 1390 4404 ordine

143 4429 260 4484 fratrum
277 4429 425 4494 minorum,
445 4432 672 4504 archiepiscopus
692 4432 860 4504 Regusinus,
878 4439 977 4490 notum
995 4433 1068 4501 iacit,
1088 4435 1163 4505 quod
1182 4451 1245 4490 cum
1263 4435 1391 4492 Joaunes

24 4521 25 4530 ¹
144 4515 273 4572 sacerdos
301 4517 376 4588 prior
404 4519 538 4574 ecclesiae
556 4517 630 4576 Sota.
648 4521 755 4576 Mariae
773 4521 808 4576 de
826 4521 955 4588 Rabirio,
978 4521 1082 4577 Joanni
1103 4523 1311 4594 praedecessori
1330 4525 1390 4579 eius

144 4619 178 4658 ac
207 4604 263 4676 ipsi
292 4603 420 4661 subditus
445 4623 478 4662 ae
501 4607 676 4662 monasteriis
700 4607 759 4663 suis
776 4625 827 4680 pro
845 4613 970 4680 tempore
987 4608 1159 4680 respondens
1186 4610 1392 4682 parochialibus

24 4699 25 4704 ’
146 4689 337 4747 lunouombns
354 4696 500 4765 tamquam
519 4693 660 4766 preselsto
677 4693 852 4765 dioecesano,
871 4695 973 4768 elapsis
991 4695 1052 4778 jam
1067 4697 1147 4752 annis
1164 4697 1313 4756 duodecim
1329 4699 1389 4759 siue
