<?xml version="1.0" encoding="UTF-8"?>
<!DOCTYPE html PUBLIC "-//W3C//DTD XHTML 1.0 Transitional//EN"
    "http://www.w3.org/TR/xhtml1/DTD/xhtml1-transitional.dtd">
<html xmlns="http://www.w3.org/1999/xhtml" xml:lang="en" lang="en">
 <head>
  <title>
</title>
<meta http-equiv="Content-Type" content="text/html;charset=utf-8" />
  <meta name='ocr-system' content='tesseract 3.04.00' />
  <meta name='ocr-capabilities' content='ocr_page ocr_carea ocr_par ocr_line ocrx_word'/>
</head>
<body>
  <div class='ocr_page' id='page_1' title='image "./regestadocument00sakcgoog_0381.png"; bbox 0 0 3376 5350; ppageno 0'>
   <div class='ocr_carea' id='block_1_1' title="bbox 639 397 1337 462">
    <p class='ocr_par' dir='ltr' id='par_1_1' title="bbox 639 397 1337 462">
     <span class='ocr_line' id='line_1_1' title="bbox 639 397 1337 462; baseline 0 -14"><span class='ocrx_word' id='word_1_1' title='bbox 639 403 786 448; x_wconf 76' lang='lat' dir='ltr'>anonam.</span> <span class='ocrx_word' id='word_1_2' title='bbox 1275 397 1337 462; x_wconf 70' lang='grc'>377</span> 
     </span>
    </p>
   </div>
   <div class='ocr_carea' id='block_1_2' title="bbox 87 584 1339 1183">
    <p class='ocr_par' dir='ltr' id='par_1_2' title="bbox 87 584 1339 1183">
     <span class='ocr_line' id='line_1_2' title="bbox 89 584 1339 657; baseline 0 -17"><span class='ocrx_word' id='word_1_3' title='bbox 89 587 187 642; x_wconf 86' lang='lat' dir='ltr'>secisse</span> <span class='ocrx_word' id='word_1_4' title='bbox 205 585 305 654; x_wconf 88' lang='lat' dir='ltr'>retulit,</span> <span class='ocrx_word' id='word_1_5' title='bbox 323 589 363 642; x_wconf 89' lang='lat' dir='ltr'>ita</span> <span class='ocrx_word' id='word_1_6' title='bbox 379 584 518 653; x_wconf 85' lang='lat' dir='ltr'>videlicet,</span> <span class='ocrx_word' id='word_1_7' title='bbox 537 587 612 657; x_wconf 89' lang='lat' dir='ltr'>quod</span> <span class='ocrx_word' id='word_1_8' title='bbox 631 604 726 642; x_wconf 86' lang='lat' dir='ltr'>omnes</span> <span class='ocrx_word' id='word_1_9' title='bbox 745 593 831 641; x_wconf 87' lang='lat' dir='ltr'>terras</span> <span class='ocrx_word' id='word_1_10' title='bbox 853 587 944 656; x_wconf 89' lang='lat' dir='ltr'>ipsum</span> <span class='ocrx_word' id='word_1_11' title='bbox 964 591 992 641; x_wconf 88' lang='lat' dir='ltr'>et</span> <span class='ocrx_word' id='word_1_12' title='bbox 1010 585 1121 642; x_wconf 86' lang='lat' dir='ltr'>fratrem</span> <span class='ocrx_word' id='word_1_13' title='bbox 1147 603 1228 641; x_wconf 78' lang='lat' dir='ltr'>susim</span> <span class='ocrx_word' id='word_1_14' title='bbox 1254 587 1339 642; x_wconf 87' lang='lat' dir='ltr'>Nico·</span> 
     </span>
     <span class='ocr_line' id='line_1_3' title="bbox 88 673 1339 744; baseline 0 -16"><span class='ocrx_word' id='word_1_15' title='bbox 88 675 165 729; x_wconf 83' lang='lat' dir='ltr'>laum</span> <span class='ocrx_word' id='word_1_16' title='bbox 184 676 211 728; x_wconf 91' lang='lat' dir='ltr'>in</span> <span class='ocrx_word' id='word_1_17' title='bbox 233 677 365 730; x_wconf 88' lang='lat' dir='ltr'>comitutu</span> <span class='ocrx_word' id='word_1_18' title='bbox 380 673 414 728; x_wconf 90' lang='lat' dir='ltr'>de</span> <span class='ocrx_word' id='word_1_19' title='bbox 433 675 524 728; x_wconf 87' lang='lat' dir='ltr'>Ruieh</span> <span class='ocrx_word' id='word_1_20' title='bbox 544 676 723 744; x_wconf 80' lang='lat' dir='ltr'>contigentes,</span> <span class='ocrx_word' id='word_1_21' title='bbox 737 690 787 728; x_wconf 86' lang='lat' dir='ltr'>nec</span> <span class='ocrx_word' id='word_1_22' title='bbox 802 689 857 726; x_wconf 91' lang='lat' dir='ltr'>non</span> <span class='ocrx_word' id='word_1_23' title='bbox 871 680 957 727; x_wconf 77' lang='lat' dir='ltr'>terras</span> <span class='ocrx_word' id='word_1_24' title='bbox 970 674 1078 727; x_wconf 87' lang='lat' dir='ltr'>comitis</span> <span class='ocrx_word' id='word_1_25' title='bbox 1091 673 1171 727; x_wconf 87' lang='lat' dir='ltr'>Pauli</span> <span class='ocrx_word' id='word_1_26' title='bbox 1185 674 1233 727; x_wconf 88' lang='lat' dir='ltr'>filii</span> <span class='ocrx_word' id='word_1_27' title='bbox 1247 673 1339 729; x_wconf 87' lang='lat' dir='ltr'>Endre</span> 
     </span>
     <span class='ocr_line' id='line_1_4' title="bbox 89 760 1338 830; baseline 0 -14"><span class='ocrx_word' id='word_1_28' title='bbox 89 764 183 816; x_wconf 85' lang='lat' dir='ltr'>fratris</span> <span class='ocrx_word' id='word_1_29' title='bbox 202 765 253 828; x_wconf 84' lang='lat' dir='ltr'>sui,</span> <span class='ocrx_word' id='word_1_30' title='bbox 272 762 369 816; x_wconf 90' lang='lat' dir='ltr'>eodem</span> <span class='ocrx_word' id='word_1_31' title='bbox 388 762 477 816; x_wconf 90' lang='lat' dir='ltr'>Paulo</span> <span class='ocrx_word' id='word_1_32' title='bbox 496 763 554 816; x_wconf 86' lang='lat' dir='ltr'>aine</span> <span class='ocrx_word' id='word_1_33' title='bbox 574 761 689 815; x_wconf 80' lang='lat' dir='ltr'>filioram</span> <span class='ocrx_word' id='word_1_34' title='bbox 712 761 811 815; x_wconf 84' lang='lat' dir='ltr'>solutio</span> <span class='ocrx_word' id='word_1_35' title='bbox 838 760 996 824; x_wconf 75' lang='lat' dir='ltr'>decedente,</span> <span class='ocrx_word' id='word_1_36' title='bbox 1021 762 1098 814; x_wconf 87' lang='lat' dir='ltr'>iuxta</span> <span class='ocrx_word' id='word_1_37' title='bbox 1122 763 1199 830; x_wconf 82' lang='lat' dir='ltr'>regni</span> <span class='ocrx_word' id='word_1_38' title='bbox 1225 777 1338 816; x_wconf 89' lang='lat' dir='ltr'>consue·</span> 
     </span>
     <span class='ocr_line' id='line_1_5' title="bbox 89 849 1338 920; baseline -0.001 -16"><span class='ocrx_word' id='word_1_39' title='bbox 89 850 214 905; x_wconf 76' lang='lat' dir='ltr'>tudinem</span> <span class='ocrx_word' id='word_1_40' title='bbox 233 851 269 904; x_wconf 87' lang='lat' dir='ltr'>ad</span> <span class='ocrx_word' id='word_1_41' title='bbox 288 852 378 920; x_wconf 90' lang='lat' dir='ltr'>ipsum</span> <span class='ocrx_word' id='word_1_42' title='bbox 399 855 427 904; x_wconf 93' lang='lat' dir='ltr'>et</span> <span class='ocrx_word' id='word_1_43' title='bbox 444 849 557 904; x_wconf 81' lang='lat' dir='ltr'>fratrem</span> <span class='ocrx_word' id='word_1_44' title='bbox 576 849 723 903; x_wconf 73' lang='lat' dir='ltr'>Nicolaum</span> <span class='ocrx_word' id='word_1_45' title='bbox 751 849 902 914; x_wconf 85' lang='lat' dir='ltr'>devolutas,</span> <span class='ocrx_word' id='word_1_46' title='bbox 926 849 954 901; x_wconf 92' lang='lat' dir='ltr'>in</span> <span class='ocrx_word' id='word_1_47' title='bbox 979 849 1102 920; x_wconf 88' lang='lat' dir='ltr'>predicto</span> <span class='ocrx_word' id='word_1_48' title='bbox 1126 850 1259 903; x_wconf 85' lang='lat' dir='ltr'>comitatu</span> <span class='ocrx_word' id='word_1_49' title='bbox 1284 851 1338 904; x_wconf 82' lang='lat' dir='ltr'>exi-</span> 
     </span>
     <span class='ocr_line' id='line_1_6' title="bbox 89 935 1339 1006; baseline 0.002 -16"><span class='ocrx_word' id='word_1_50' title='bbox 89 945 200 1006; x_wconf 87' lang='lat' dir='ltr'>stentes,</span> <span class='ocrx_word' id='word_1_51' title='bbox 221 945 249 992; x_wconf 91' lang='lat' dir='ltr'>et</span> <span class='ocrx_word' id='word_1_52' title='bbox 267 937 358 991; x_wconf 88' lang='lat' dir='ltr'>insula</span> <span class='ocrx_word' id='word_1_53' title='bbox 377 955 426 992; x_wconf 81' lang='lat' dir='ltr'>serr</span> <span class='ocrx_word' id='word_1_54' title='bbox 445 936 575 1006; x_wconf 80' lang='lat' dir='ltr'>indagine</span> <span class='ocrx_word' id='word_1_55' title='bbox 595 936 719 990; x_wconf 85' lang='lat' dir='ltr'>eiusdem</span> <span class='ocrx_word' id='word_1_56' title='bbox 745 936 853 992; x_wconf 89' lang='lat' dir='ltr'>comitis</span> <span class='ocrx_word' id='word_1_57' title='bbox 879 935 959 988; x_wconf 87' lang='lat' dir='ltr'>Pauli</span> <span class='ocrx_word' id='word_1_58' title='bbox 985 937 1013 989; x_wconf 89' lang='lat' dir='ltr'>in</span> <span class='ocrx_word' id='word_1_59' title='bbox 1039 936 1164 990; x_wconf 86' lang='lat' dir='ltr'>districtu</span> <span class='ocrx_word' id='word_1_60' title='bbox 1190 937 1224 992; x_wconf 90' lang='lat' dir='ltr'>de</span> <span class='ocrx_word' id='word_1_61' title='bbox 1249 939 1339 992; x_wconf 89' lang='lat' dir='ltr'>Crisio</span> 
     </span>
     <span class='ocr_line' id='line_1_7' title="bbox 87 1021 1338 1096; baseline 0.001 -17"><span class='ocrx_word' id='word_1_62' title='bbox 87 1027 159 1080; x_wconf 89' lang='lat' dir='ltr'>iuter</span> <span class='ocrx_word' id='word_1_63' title='bbox 184 1043 270 1096; x_wconf 87' lang='lat' dir='ltr'>aquas</span> <span class='ocrx_word' id='word_1_64' title='bbox 296 1025 399 1094; x_wconf 84' lang='lat' dir='ltr'>Blyana</span> <span class='ocrx_word' id='word_1_65' title='bbox 424 1031 451 1078; x_wconf 91' lang='lat' dir='ltr'>et</span> <span class='ocrx_word' id='word_1_66' title='bbox 476 1023 578 1078; x_wconf 83' lang='lat' dir='ltr'>Velilra</span> <span class='ocrx_word' id='word_1_67' title='bbox 603 1031 722 1091; x_wconf 84' lang='lat' dir='ltr'>vocatas,</span> <span class='ocrx_word' id='word_1_68' title='bbox 745 1023 835 1078; x_wconf 85' lang='lat' dir='ltr'>eidem</span> <span class='ocrx_word' id='word_1_69' title='bbox 861 1021 978 1077; x_wconf 85' lang='lat' dir='ltr'>Nicolao</span> <span class='ocrx_word' id='word_1_70' title='bbox 1003 1024 1075 1076; x_wconf 75' lang='lat' dir='ltr'>liano</span> <span class='ocrx_word' id='word_1_71' title='bbox 1095 1031 1229 1094; x_wconf 88' lang='lat' dir='ltr'>perpetuo</span> <span class='ocrx_word' id='word_1_72' title='bbox 1254 1027 1338 1095; x_wconf 87' lang='lat' dir='ltr'>possi·</span> 
     </span>
     <span class='ocr_line' id='line_1_8' title="bbox 89 1109 1339 1183; baseline 0.002 -17"><span class='ocrx_word' id='word_1_73' title='bbox 89 1111 195 1167; x_wconf 85' lang='lat' dir='ltr'>dendas</span> <span class='ocrx_word' id='word_1_74' title='bbox 213 1113 408 1182; x_wconf 63' lang='lat' dir='ltr'>assignaverim</span> <span class='ocrx_word' id='word_1_75' title='bbox 427 1128 477 1182; x_wconf 90' lang='lat' dir='ltr'>pro</span> <span class='ocrx_word' id='word_1_76' title='bbox 498 1127 615 1181; x_wconf 89' lang='lat' dir='ltr'>quarum</span> <span class='ocrx_word' id='word_1_77' title='bbox 629 1117 762 1166; x_wconf 88' lang='lat' dir='ltr'>terrarum</span> <span class='ocrx_word' id='word_1_78' title='bbox 782 1111 945 1165; x_wconf 88' lang='lat' dir='ltr'>concambio</span> <span class='ocrx_word' id='word_1_79' title='bbox 963 1109 1036 1164; x_wconf 88' lang='lat' dir='ltr'>idem</span> <span class='ocrx_word' id='word_1_80' title='bbox 1056 1111 1153 1177; x_wconf 81' lang='lat' dir='ltr'>basiis,</span> <span class='ocrx_word' id='word_1_81' title='bbox 1172 1113 1244 1166; x_wconf 87' lang='lat' dir='ltr'>sicut</span> <span class='ocrx_word' id='word_1_82' title='bbox 1262 1130 1339 1183; x_wconf 89' lang='lat' dir='ltr'>prae·</span> 
     </span>
    </p>
   </div>
   <div class='ocr_carea' id='block_1_3' title="bbox 87 1197 1338 1359">
    <p class='ocr_par' dir='ltr' id='par_1_3' title="bbox 87 1197 1338 1359">
     <span class='ocr_line' id='line_1_9' title="bbox 89 1197 1337 1268; baseline 0.001 -14"><span class='ocrx_word' id='word_1_83' title='bbox 89 1201 164 1255; x_wconf 88' lang='lat' dir='ltr'>dicto</span> <span class='ocrx_word' id='word_1_84' title='bbox 192 1201 286 1256; x_wconf 92' lang='lat' dir='ltr'>comiti</span> <span class='ocrx_word' id='word_1_85' title='bbox 305 1199 435 1254; x_wconf 85' lang='lat' dir='ltr'>Ladislao</span> <span class='ocrx_word' id='word_1_86' title='bbox 465 1203 581 1264; x_wconf 91' lang='lat' dir='ltr'>constat,</span> <span class='ocrx_word' id='word_1_87' title='bbox 609 1197 750 1268; x_wconf 85' lang='lat' dir='ltr'>quandam</span> <span class='ocrx_word' id='word_1_88' title='bbox 778 1204 877 1252; x_wconf 88' lang='lat' dir='ltr'>terram</span> <span class='ocrx_word' id='word_1_89' title='bbox 904 1215 981 1252; x_wconf 88' lang='lat' dir='ltr'>suam</span> <span class='ocrx_word' id='word_1_90' title='bbox 1007 1198 1082 1268; x_wconf 89' lang='lat' dir='ltr'>apud</span> <span class='ocrx_word' id='word_1_91' title='bbox 1101 1197 1129 1252; x_wconf 82' lang='lat' dir='ltr'>S.</span> <span class='ocrx_word' id='word_1_92' title='bbox 1148 1199 1337 1268; x_wconf 81' lang='lat' dir='ltr'>Benedictum,</span> 
     </span>
     <span class='ocr_line' id='line_1_10' title="bbox 87 1285 1338 1359; baseline 0.002 -18"><span class='ocrx_word' id='word_1_93' title='bbox 87 1288 229 1342; x_wconf 88' lang='lat' dir='ltr'>Poloncha</span> <span class='ocrx_word' id='word_1_94' title='bbox 247 1293 383 1352; x_wconf 87' lang='lat' dir='ltr'>vocatam,</span> <span class='ocrx_word' id='word_1_95' title='bbox 401 1287 469 1357; x_wconf 83' lang='lat' dir='ltr'>ipsis</span> <span class='ocrx_word' id='word_1_96' title='bbox 493 1285 614 1355; x_wconf 81' lang='lat' dir='ltr'>Georgia</span> <span class='ocrx_word' id='word_1_97' title='bbox 633 1293 660 1340; x_wconf 89' lang='lat' dir='ltr'>et</span> <span class='ocrx_word' id='word_1_98' title='bbox 679 1285 797 1339; x_wconf 87' lang='lat' dir='ltr'>Nicolao</span> <span class='ocrx_word' id='word_1_99' title='bbox 823 1287 1011 1354; x_wconf 76' lang='lat' dir='ltr'>assignaverit,</span> <span class='ocrx_word' id='word_1_100' title='bbox 1039 1285 1148 1342; x_wconf 88' lang='lat' dir='ltr'>solvens</span> <span class='ocrx_word' id='word_1_101' title='bbox 1167 1289 1206 1342; x_wconf 88' lang='lat' dir='ltr'>eis</span> <span class='ocrx_word' id='word_1_102' title='bbox 1225 1289 1338 1359; x_wconf 88' lang='lat' dir='ltr'>insuper</span> 
     </span>
    </p>
   </div>
   <div class='ocr_carea' id='block_1_4' title="bbox 87 1375 1035 1532">
    <p class='ocr_par' dir='ltr' id='par_1_4' title="bbox 87 1375 1035 1532">
     <span class='ocr_line' id='line_1_11' title="bbox 87 1375 403 1446; baseline 0 -20"><span class='ocrx_word' id='word_1_103' title='bbox 87 1375 271 1446; x_wconf 71' lang='lat' dir='ltr'>‹paladraginta</span> <span class='ocrx_word' id='word_1_104' title='bbox 289 1391 403 1428; x_wconf 88' lang='lat' dir='ltr'>marcas.</span> 
     </span>
     <span class='ocr_line' id='line_1_12' title="bbox 143 1459 1035 1532; baseline -0.002 -15"><span class='ocrx_word' id='word_1_105' title='bbox 143 1462 288 1532; x_wconf 78' lang='lat' dir='ltr'>Oriplnole</span> <span class='ocrx_word' id='word_1_106' title='bbox 302 1478 379 1532; x_wconf 78' lang='lat' dir='ltr'>perp.</span> <span class='ocrx_word' id='word_1_107' title='bbox 400 1477 461 1514; x_wconf 82' lang='lat' dir='ltr'>earn</span> <span class='ocrx_word' id='word_1_108' title='bbox 480 1459 573 1530; x_wconf 77' lang='lat' dir='ltr'>sipillo</span> <span class='ocrx_word' id='word_1_109' title='bbox 588 1459 724 1528; x_wconf 80' lang='lat' dir='ltr'>pendenti</span> <span class='ocrx_word' id='word_1_110' title='bbox 743 1461 774 1514; x_wconf 83' lang='lat' dir='ltr'>la</span> <span class='ocrx_word' id='word_1_111' title='bbox 793 1477 852 1514; x_wconf 87' lang='lat' dir='ltr'>mec</span> <span class='ocrx_word' id='word_1_112' title='bbox 871 1460 1035 1516; x_wconf 72' lang='lat' dir='ltr'><em>collectione.</em></span> 
     </span>
    </p>
   </div>
   <div class='ocr_carea' id='block_1_5' title="bbox 83 1621 1337 2658">
    <p class='ocr_par' dir='ltr' id='par_1_5' title="bbox 83 1621 1337 2658">
     <span class='ocr_line' id='line_1_13' title="bbox 140 1621 1337 1696; baseline 0.002 -20"><span class='ocrx_word' id='word_1_113' title='bbox 140 1621 252 1676; x_wconf 76' lang='lat' dir='ltr'>MCOG.</span> <span class='ocrx_word' id='word_1_114' title='bbox 273 1623 392 1678; x_wconf 83' lang='lat' dir='ltr'>Romae.</span> <span class='ocrx_word' id='word_1_115' title='bbox 414 1625 489 1676; x_wconf 75' lang='lat'><em>1280.</em></span> <span class='ocrx_word' id='word_1_116' title='bbox 511 1625 551 1676; x_wconf 74' lang='lat' dir='ltr'>tb&#39;.</span> <span class='ocrx_word' id='word_1_117' title='bbox 570 1622 734 1675; x_wconf 80' lang='lat' dir='ltr'><strong><em>Decembris.</em></strong></span> <span class='ocrx_word' id='word_1_118' title='bbox 761 1621 896 1675; x_wconf 86' lang='lat' dir='ltr'>Nicolaua</span> <span class='ocrx_word' id='word_1_119' title='bbox 920 1621 971 1676; x_wconf 88' lang='lat'>111.</span> <span class='ocrx_word' id='word_1_120' title='bbox 993 1639 1065 1693; x_wconf 89' lang='lat' dir='ltr'>papa</span> <span class='ocrx_word' id='word_1_121' title='bbox 1084 1623 1179 1677; x_wconf 80' lang='lat' dir='ltr'>scribit</span> <span class='ocrx_word' id='word_1_122' title='bbox 1205 1623 1337 1696; x_wconf 85' lang='lat' dir='ltr'>arehiepi-</span> 
     </span>
     <span class='ocr_line' id='line_1_14' title="bbox 85 1709 1337 1780; baseline 0.003 -18"><span class='ocrx_word' id='word_1_123' title='bbox 85 1727 172 1780; x_wconf 86' lang='lat' dir='ltr'>scopo</span> <span class='ocrx_word' id='word_1_124' title='bbox 194 1709 331 1774; x_wconf 85' lang='lat' dir='ltr'>Jadrensi,</span> <span class='ocrx_word' id='word_1_125' title='bbox 358 1709 432 1779; x_wconf 87' lang='lat' dir='ltr'>quod</span> <span class='ocrx_word' id='word_1_126' title='bbox 456 1709 491 1762; x_wconf 91' lang='lat' dir='ltr'>ad</span> <span class='ocrx_word' id='word_1_127' title='bbox 517 1710 576 1762; x_wconf 88' lang='lat' dir='ltr'>eius</span> <span class='ocrx_word' id='word_1_128' title='bbox 601 1709 769 1762; x_wconf 89' lang='lat' dir='ltr'>audientiam</span> <span class='ocrx_word' id='word_1_129' title='bbox 793 1712 954 1778; x_wconf 87' lang='lat' dir='ltr'>pervenerit,</span> <span class='ocrx_word' id='word_1_130' title='bbox 980 1710 1120 1780; x_wconf 87' lang='lat' dir='ltr'>quomodo</span> <span class='ocrx_word' id='word_1_131' title='bbox 1143 1711 1256 1765; x_wconf 86' lang='lat' dir='ltr'>Marcus</span> <span class='ocrx_word' id='word_1_132' title='bbox 1284 1712 1337 1766; x_wconf 87' lang='lat' dir='ltr'>Mi-</span> 
     </span>
     <span class='ocr_line' id='line_1_15' title="bbox 86 1795 1337 1866; baseline 0 -16"><span class='ocrx_word' id='word_1_133' title='bbox 86 1798 164 1851; x_wconf 85' lang='lat' dir='ltr'>chael</span> <span class='ocrx_word' id='word_1_134' title='bbox 184 1814 275 1851; x_wconf 86' lang='lat' dir='ltr'>comes</span> <span class='ocrx_word' id='word_1_135' title='bbox 295 1797 435 1864; x_wconf 87' lang='lat' dir='ltr'>Arhensis,</span> <span class='ocrx_word' id='word_1_136' title='bbox 462 1795 619 1866; x_wconf 79' lang='lat' dir='ltr'>Stephanus</span> <span class='ocrx_word' id='word_1_137' title='bbox 639 1796 673 1850; x_wconf 90' lang='lat' dir='ltr'>de</span> <span class='ocrx_word' id='word_1_138' title='bbox 692 1796 800 1860; x_wconf 90' lang='lat' dir='ltr'>Forma,</span> <span class='ocrx_word' id='word_1_139' title='bbox 823 1797 935 1850; x_wconf 70' lang='lat' dir='ltr'>Maelius</span> <span class='ocrx_word' id='word_1_140' title='bbox 955 1797 989 1852; x_wconf 91' lang='lat' dir='ltr'>de</span> <span class='ocrx_word' id='word_1_141' title='bbox 1007 1797 1105 1851; x_wconf 88' lang='lat' dir='ltr'>Paireo</span> <span class='ocrx_word' id='word_1_142' title='bbox 1129 1805 1157 1852; x_wconf 91' lang='lat' dir='ltr'>et</span> <span class='ocrx_word' id='word_1_143' title='bbox 1181 1798 1337 1853; x_wconf 82' lang='lat' dir='ltr'>Zodenicus</span> 
     </span>
     <span class='ocr_line' id='line_1_16' title="bbox 86 1883 1336 1954; baseline 0.004 -17"><span class='ocrx_word' id='word_1_144' title='bbox 86 1885 119 1938; x_wconf 88' lang='lat' dir='ltr'>de</span> <span class='ocrx_word' id='word_1_145' title='bbox 139 1884 293 1950; x_wconf 87' lang='lat' dir='ltr'>Zodenicis,</span> <span class='ocrx_word' id='word_1_146' title='bbox 312 1891 378 1938; x_wconf 90' lang='lat' dir='ltr'>tune</span> <span class='ocrx_word' id='word_1_147' title='bbox 394 1884 505 1954; x_wconf 87' lang='lat' dir='ltr'>judices</span> <span class='ocrx_word' id='word_1_148' title='bbox 525 1885 662 1938; x_wconf 84' lang='lat' dir='ltr'>Arbenses</span> <span class='ocrx_word' id='word_1_149' title='bbox 681 1889 777 1937; x_wconf 68' lang='lat' dir='ltr'>&lt;eontra</span> <span class='ocrx_word' id='word_1_150' title='bbox 796 1883 972 1938; x_wconf 84' lang='lat' dir='ltr'>Franciscum</span> <span class='ocrx_word' id='word_1_151' title='bbox 986 1885 1114 1940; x_wconf 77' lang='lat' dir='ltr'>abbatem</span> <span class='ocrx_word' id='word_1_152' title='bbox 1138 1888 1295 1942; x_wconf 84' lang='lat' dir='ltr'>monasterii</span> <span class='ocrx_word' id='word_1_153' title='bbox 1315 1906 1336 1942; x_wconf 90' lang='lat' dir='ltr'>s.</span> 
     </span>
     <span class='ocr_line' id='line_1_17' title="bbox 85 1971 1337 2042; baseline 0.003 -18"><span class='ocrx_word' id='word_1_154' title='bbox 85 1972 159 2025; x_wconf 89' lang='lat' dir='ltr'>Petri</span> <span class='ocrx_word' id='word_1_155' title='bbox 185 1972 243 2026; x_wconf 90' lang='lat' dir='ltr'>ord.</span> <span class='ocrx_word' id='word_1_156' title='bbox 268 1990 289 2026; x_wconf 88' lang='lat' dir='ltr'>s.</span> <span class='ocrx_word' id='word_1_157' title='bbox 315 1971 456 2025; x_wconf 72' lang='lat' dir='ltr'>Benedicti</span> <span class='ocrx_word' id='word_1_158' title='bbox 483 1972 615 2024; x_wconf 80' lang='lat' dir='ltr'>Arlrensis</span> <span class='ocrx_word' id='word_1_159' title='bbox 641 1971 780 2038; x_wconf 88' lang='lat' dir='ltr'>dioecesis,</span> <span class='ocrx_word' id='word_1_160' title='bbox 810 1989 872 2025; x_wconf 89' lang='lat' dir='ltr'>cum</span> <span class='ocrx_word' id='word_1_161' title='bbox 898 1973 956 2042; x_wconf 80' lang='lat' dir='ltr'>ipse</span> <span class='ocrx_word' id='word_1_162' title='bbox 982 1990 1031 2042; x_wconf 90' lang='lat' dir='ltr'>per</span> <span class='ocrx_word' id='word_1_163' title='bbox 1050 1989 1097 2027; x_wconf 87' lang='lat' dir='ltr'>eos</span> <span class='ocrx_word' id='word_1_164' title='bbox 1123 1974 1223 2028; x_wconf 86' lang='lat' dir='ltr'>citatus</span> <span class='ocrx_word' id='word_1_165' title='bbox 1246 1991 1337 2029; x_wconf 86' lang='lat' dir='ltr'>acces-</span> 
     </span>
     <span class='ocr_line' id='line_1_18' title="bbox 86 2059 1337 2131; baseline 0.004 -20"><span class='ocrx_word' id='word_1_166' title='bbox 86 2061 168 2113; x_wconf 83' lang='lat' dir='ltr'>sisset</span> <span class='ocrx_word' id='word_1_167' title='bbox 187 2060 222 2113; x_wconf 87' lang='lat' dir='ltr'>ad</span> <span class='ocrx_word' id='word_1_168' title='bbox 247 2059 317 2126; x_wconf 85' lang='lat' dir='ltr'>illos,</span> <span class='ocrx_word' id='word_1_169' title='bbox 345 2061 434 2128; x_wconf 88' lang='lat' dir='ltr'>ipsum</span> <span class='ocrx_word' id='word_1_170' title='bbox 460 2076 508 2128; x_wconf 90' lang='lat' dir='ltr'>per</span> <span class='ocrx_word' id='word_1_171' title='bbox 532 2059 635 2112; x_wconf 87' lang='lat' dir='ltr'>multos</span> <span class='ocrx_word' id='word_1_172' title='bbox 661 2059 718 2111; x_wconf 83' lang='lat' dir='ltr'>dies</span> <span class='ocrx_word' id='word_1_173' title='bbox 744 2061 771 2112; x_wconf 92' lang='lat' dir='ltr'>in</span> <span class='ocrx_word' id='word_1_174' title='bbox 796 2059 899 2129; x_wconf 88' lang='lat' dir='ltr'>palatio</span> <span class='ocrx_word' id='word_1_175' title='bbox 922 2077 942 2112; x_wconf 88' lang='lat' dir='ltr'>a.</span> <span class='ocrx_word' id='word_1_176' title='bbox 969 2059 1075 2126; x_wconf 81' lang='lat' dir='ltr'>Crucis,</span> <span class='ocrx_word' id='word_1_177' title='bbox 1099 2061 1222 2130; x_wconf 75' lang='lat' dir='ltr'>capellae</span> <span class='ocrx_word' id='word_1_178' title='bbox 1250 2063 1337 2131; x_wconf 85' lang='lat' dir='ltr'>ipsius</span> 
     </span>
     <span class='ocr_line' id='line_1_19' title="bbox 84 2145 1334 2216; baseline 0.004 -16"><span class='ocrx_word' id='word_1_179' title='bbox 84 2147 257 2214; x_wconf 88' lang='lat' dir='ltr'>monasterii,</span> <span class='ocrx_word' id='word_1_180' title='bbox 283 2147 369 2212; x_wconf 87' lang='lat' dir='ltr'>lame,</span> <span class='ocrx_word' id='word_1_181' title='bbox 393 2148 447 2212; x_wconf 89' lang='lat' dir='ltr'>siti,</span> <span class='ocrx_word' id='word_1_182' title='bbox 474 2147 653 2216; x_wconf 77' lang='lat' dir='ltr'>pluribusque</span> <span class='ocrx_word' id='word_1_183' title='bbox 678 2145 738 2200; x_wconf 89' lang='lat' dir='ltr'>aliis</span> <span class='ocrx_word' id='word_1_184' title='bbox 761 2145 895 2201; x_wconf 86' lang='lat' dir='ltr'>asllietum</span> <span class='ocrx_word' id='word_1_185' title='bbox 919 2147 1026 2200; x_wconf 90' lang='lat' dir='ltr'>iniuriis</span> <span class='ocrx_word' id='word_1_186' title='bbox 1051 2154 1122 2202; x_wconf 87' lang='lat' dir='ltr'>stare</span> <span class='ocrx_word' id='word_1_187' title='bbox 1152 2149 1274 2214; x_wconf 81' lang='lat' dir='ltr'>fecerint,</span> <span class='ocrx_word' id='word_1_188' title='bbox 1306 2155 1334 2205; x_wconf 87' lang='lat' dir='ltr'>et</span> 
     </span>
     <span class='ocr_line' id='line_1_20' title="bbox 89 2233 1336 2304; baseline 0.003 -16"><span class='ocrx_word' id='word_1_189' title='bbox 89 2235 208 2288; x_wconf 90' lang='lat' dir='ltr'>eundem</span> <span class='ocrx_word' id='word_1_190' title='bbox 228 2234 263 2288; x_wconf 86' lang='lat' dir='ltr'>ad</span> <span class='ocrx_word' id='word_1_191' title='bbox 286 2251 366 2287; x_wconf 91' lang='lat' dir='ltr'>suum</span> <span class='ocrx_word' id='word_1_192' title='bbox 386 2235 584 2288; x_wconf 87' lang='lat' dir='ltr'>monasterium</span> <span class='ocrx_word' id='word_1_193' title='bbox 605 2233 693 2288; x_wconf 90' lang='lat' dir='ltr'>redire</span> <span class='ocrx_word' id='word_1_194' title='bbox 711 2235 824 2288; x_wconf 86' lang='lat' dir='ltr'>minime</span> <span class='ocrx_word' id='word_1_195' title='bbox 846 2236 1028 2304; x_wconf 81' lang='lat' dir='ltr'>permiserint,</span> <span class='ocrx_word' id='word_1_196' title='bbox 1047 2242 1199 2290; x_wconf 78' lang='lat' dir='ltr'>asserentes</span> <span class='ocrx_word' id='word_1_197' title='bbox 1218 2253 1248 2290; x_wconf 86' lang='lat' dir='ltr'>se</span> <span class='ocrx_word' id='word_1_198' title='bbox 1267 2237 1336 2292; x_wconf 83' lang='lat' dir='ltr'>velie</span> 
     </span>
     <span class='ocr_line' id='line_1_21' title="bbox 88 2323 1336 2392; baseline 0.006 -18"><span class='ocrx_word' id='word_1_199' title='bbox 88 2323 179 2392; x_wconf 88' lang='lat' dir='ltr'>ipsum</span> <span class='ocrx_word' id='word_1_200' title='bbox 205 2323 351 2388; x_wconf 89' lang='lat' dir='ltr'>comburri,</span> <span class='ocrx_word' id='word_1_201' title='bbox 378 2337 462 2392; x_wconf 84' lang='lat' dir='ltr'>quare</span> <span class='ocrx_word' id='word_1_202' title='bbox 488 2323 547 2392; x_wconf 88' lang='lat' dir='ltr'>ipse</span> <span class='ocrx_word' id='word_1_203' title='bbox 571 2323 656 2376; x_wconf 88' lang='lat' dir='ltr'>abbas</span> <span class='ocrx_word' id='word_1_204' title='bbox 682 2339 730 2392; x_wconf 91' lang='lat' dir='ltr'>per</span> <span class='ocrx_word' id='word_1_205' title='bbox 759 2324 814 2376; x_wconf 86' lang='lat' dir='ltr'>vim</span> <span class='ocrx_word' id='word_1_206' title='bbox 839 2329 866 2376; x_wconf 88' lang='lat' dir='ltr'>et</span> <span class='ocrx_word' id='word_1_207' title='bbox 890 2330 994 2376; x_wconf 90' lang='lat' dir='ltr'>metum</span> <span class='ocrx_word' id='word_1_208' title='bbox 1024 2329 1135 2378; x_wconf 78' lang='lat' dir='ltr'>coaetus</span> <span class='ocrx_word' id='word_1_209' title='bbox 1166 2324 1256 2379; x_wconf 84' lang='lat' dir='ltr'>fuerat</span> <span class='ocrx_word' id='word_1_210' title='bbox 1286 2343 1336 2382; x_wconf 88' lang='lat' dir='ltr'>suo</span> 
     </span>
     <span class='ocr_line' id='line_1_22' title="bbox 84 2409 1336 2482; baseline 0.003 -19"><span class='ocrx_word' id='word_1_211' title='bbox 84 2411 252 2464; x_wconf 89' lang='lat' dir='ltr'>monasterio</span> <span class='ocrx_word' id='word_1_212' title='bbox 271 2411 435 2476; x_wconf 88' lang='lat' dir='ltr'>renuntiare,</span> <span class='ocrx_word' id='word_1_213' title='bbox 454 2411 587 2480; x_wconf 86' lang='lat' dir='ltr'>praestito</span> <span class='ocrx_word' id='word_1_214' title='bbox 606 2426 689 2480; x_wconf 90' lang='lat' dir='ltr'>super</span> <span class='ocrx_word' id='word_1_215' title='bbox 707 2410 760 2463; x_wconf 90' lang='lat' dir='ltr'>hoc</span> <span class='ocrx_word' id='word_1_216' title='bbox 780 2409 914 2480; x_wconf 88' lang='lat' dir='ltr'>corporali</span> <span class='ocrx_word' id='word_1_217' title='bbox 930 2411 1099 2480; x_wconf 90' lang='lat' dir='ltr'>juramento.</span> <span class='ocrx_word' id='word_1_218' title='bbox 1113 2411 1229 2466; x_wconf 80' lang='lat' dir='ltr'>Mandat</span> <span class='ocrx_word' id='word_1_219' title='bbox 1242 2414 1336 2482; x_wconf 80' lang='lat' dir='ltr'>itaque</span> 
     </span>
     <span class='ocr_line' id='line_1_23' title="bbox 83 2497 1335 2568; baseline 0.003 -18"><span class='ocrx_word' id='word_1_220' title='bbox 83 2515 164 2568; x_wconf 86' lang='lat' dir='ltr'>papa,</span> <span class='ocrx_word' id='word_1_221' title='bbox 184 2498 206 2550; x_wconf 89' lang='lat' dir='ltr'>si</span> <span class='ocrx_word' id='word_1_222' title='bbox 220 2497 378 2567; x_wconf 82' lang='lat' dir='ltr'>praemissis</span> <span class='ocrx_word' id='word_1_223' title='bbox 397 2499 496 2552; x_wconf 86' lang='lat' dir='ltr'>veritas</span> <span class='ocrx_word' id='word_1_224' title='bbox 509 2499 674 2566; x_wconf 85' lang='lat' dir='ltr'>sull&#39;ragntur</span> <span class='ocrx_word' id='word_1_225' title='bbox 688 2505 718 2551; x_wconf 92' lang='lat' dir='ltr'>ut</span> <span class='ocrx_word' id='word_1_226' title='bbox 731 2497 850 2551; x_wconf 89' lang='lat' dir='ltr'>eundem</span> <span class='ocrx_word' id='word_1_227' title='bbox 863 2498 990 2552; x_wconf 87' lang='lat' dir='ltr'>abbatem</span> <span class='ocrx_word' id='word_1_228' title='bbox 1005 2499 1189 2568; x_wconf 85' lang='lat' dir='ltr'>ajuramento</span> <span class='ocrx_word' id='word_1_229' title='bbox 1202 2500 1335 2567; x_wconf 83' lang='lat' dir='ltr'>absolvat,</span> 
     </span>
     <span class='ocr_line' id='line_1_24' title="bbox 85 2584 1334 2658; baseline 0.003 -20"><span class='ocrx_word' id='word_1_230' title='bbox 85 2586 212 2638; x_wconf 87' lang='lat' dir='ltr'>comitem</span> <span class='ocrx_word' id='word_1_231' title='bbox 233 2601 297 2638; x_wconf 83' lang='lat' dir='ltr'>vero</span> <span class='ocrx_word' id='word_1_232' title='bbox 316 2591 344 2638; x_wconf 88' lang='lat' dir='ltr'>et</span> <span class='ocrx_word' id='word_1_233' title='bbox 356 2584 467 2654; x_wconf 87' lang='lat' dir='ltr'>judices</span> <span class='ocrx_word' id='word_1_234' title='bbox 486 2585 740 2640; x_wconf 85' lang='lat' dir='ltr'>excommunicatos</span> <span class='ocrx_word' id='word_1_235' title='bbox 765 2585 875 2654; x_wconf 89' lang='lat' dir='ltr'>publice</span> <span class='ocrx_word' id='word_1_236' title='bbox 894 2585 1014 2652; x_wconf 77' lang='lat' dir='ltr'>ntrnciat,</span> <span class='ocrx_word' id='word_1_237' title='bbox 1034 2591 1061 2640; x_wconf 90' lang='lat' dir='ltr'>et</span> <span class='ocrx_word' id='word_1_238' title='bbox 1079 2587 1206 2641; x_wconf 87' lang='lat' dir='ltr'>abbatem</span> <span class='ocrx_word' id='word_1_239' title='bbox 1225 2589 1253 2642; x_wconf 89' lang='lat' dir='ltr'>in</span> <span class='ocrx_word' id='word_1_240' title='bbox 1272 2605 1334 2658; x_wconf 89' lang='lat' dir='ltr'>pos·</span> 
     </span>
    </p>
   </div>
   <div class='ocr_carea' id='block_1_6' title="bbox 81 2672 515 2829">
    <p class='ocr_par' dir='ltr' id='par_1_6' title="bbox 81 2672 515 2829">
     <span class='ocr_line' id='line_1_25' title="bbox 81 2672 373 2728; baseline 0.007 -4"><span class='ocrx_word' id='word_1_241' title='bbox 81 2674 230 2728; x_wconf 85' lang='lat' dir='ltr'>sessionem</span> <span class='ocrx_word' id='word_1_242' title='bbox 250 2672 373 2727; x_wconf 90' lang='lat' dir='ltr'>reducat.</span> 
     </span>
     <span class='ocr_line' id='line_1_26' title="bbox 134 2759 515 2829; baseline -0.003 -17"><span class='ocrx_word' id='word_1_243' title='bbox 134 2759 250 2828; x_wconf 74' lang='lat' dir='ltr'>Ljalric‘:</span> <span class='ocrx_word' id='word_1_244' title='bbox 269 2761 347 2814; x_wconf 85' lang='lat' dir='ltr'>Mon.</span> <span class='ocrx_word' id='word_1_245' title='bbox 368 2761 391 2814; x_wconf 91' lang='lat' dir='ltr'>I.</span> <span class='ocrx_word' id='word_1_246' title='bbox 409 2777 437 2829; x_wconf 83' lang='lat' dir='ltr'>p.</span> <span class='ocrx_word' id='word_1_247' title='bbox 457 2763 515 2813; x_wconf 66' lang='lat'><em>126.</em></span> 
     </span>
    </p>
   </div>
   <div class='ocr_carea' id='block_1_7' title="bbox 81 2917 1333 3336">
    <p class='ocr_par' dir='ltr' id='par_1_7' title="bbox 81 2917 1333 3250">
     <span class='ocr_line' id='line_1_27' title="bbox 135 2917 1333 2988; baseline 0.001 -16"><span class='ocrx_word' id='word_1_248' title='bbox 135 2919 263 2973; x_wconf 80' lang='lat' dir='ltr'>lthCOI.</span> <span class='ocrx_word' id='word_1_249' title='bbox 283 2919 371 2986; x_wconf 81' lang='lat' dir='ltr'>Prope</span> <span class='ocrx_word' id='word_1_250' title='bbox 389 2919 529 2974; x_wconf 80' lang='lat' dir='ltr'>warhan.</span> <span class='ocrx_word' id='word_1_251' title='bbox 550 2923 625 2972; x_wconf 61' lang='lat'><em>12⁸0.</em></span> <span class='ocrx_word' id='word_1_252' title='bbox 650 2917 796 2972; x_wconf 78' lang='lat' dir='ltr'>ladislaus</span> <span class='ocrx_word' id='word_1_253' title='bbox 816 2917 866 2973; x_wconf 87' lang='lat' dir='ltr'>IV.</span> <span class='ocrx_word' id='word_1_254' title='bbox 888 2936 934 2972; x_wconf 85' lang='lat' dir='ltr'>rex</span> <span class='ocrx_word' id='word_1_255' title='bbox 953 2919 1066 2972; x_wconf 83' lang='lat' dir='ltr'>mandat</span> <span class='ocrx_word' id='word_1_256' title='bbox 1092 2917 1235 2988; x_wconf 86' lang='lat' dir='ltr'>Stephano</span> <span class='ocrx_word' id='word_1_257' title='bbox 1260 2921 1333 2973; x_wconf 85' lang='lat' dir='ltr'>bano</span> 
     </span>
     <span class='ocr_line' id='line_1_28' title="bbox 81 3005 1332 3075; baseline -0.001 -16"><span class='ocrx_word' id='word_1_258' title='bbox 81 3007 165 3060; x_wconf 83' lang='lat' dir='ltr'>totius</span> <span class='ocrx_word' id='word_1_259' title='bbox 185 3007 331 3061; x_wconf 81' lang='lat' dir='ltr'>Slavoniae</span> <span class='ocrx_word' id='word_1_260' title='bbox 350 3013 381 3060; x_wconf 92' lang='lat' dir='ltr'>ut</span> <span class='ocrx_word' id='word_1_261' title='bbox 398 3005 434 3060; x_wconf 88' lang='lat' dir='ltr'>ad</span> <span class='ocrx_word' id='word_1_262' title='bbox 453 3005 722 3075; x_wconf 87' lang='lat' dir='ltr'>quaerelam&#39;Belus,</span> <span class='ocrx_word' id='word_1_263' title='bbox 751 3005 858 3060; x_wconf 89' lang='lat' dir='ltr'>Nicolai</span> <span class='ocrx_word' id='word_1_264' title='bbox 882 3013 909 3060; x_wconf 88' lang='lat' dir='ltr'>et</span> <span class='ocrx_word' id='word_1_265' title='bbox 935 3005 1068 3075; x_wconf 85' lang='lat' dir='ltr'>Stephani</span> <span class='ocrx_word' id='word_1_266' title='bbox 1096 3005 1215 3060; x_wconf 90' lang='lat' dir='ltr'>filiorum</span> <span class='ocrx_word' id='word_1_267' title='bbox 1240 3007 1332 3074; x_wconf 83' lang='lat' dir='ltr'>Belus,</span> 
     </span>
     <span class='ocr_line' id='line_1_29' title="bbox 81 3093 1332 3164; baseline 0.003 -19"><span class='ocrx_word' id='word_1_268' title='bbox 81 3094 155 3163; x_wconf 71' lang='lat' dir='ltr'>‹priod</span> <span class='ocrx_word' id='word_1_269' title='bbox 176 3093 318 3148; x_wconf 84' lang='lat' dir='ltr'>Bachader</span> <span class='ocrx_word' id='word_1_270' title='bbox 336 3095 539 3164; x_wconf 83' lang='lat' dir='ltr'>possessionem</span> <span class='ocrx_word' id='word_1_271' title='bbox 566 3095 689 3164; x_wconf 90' lang='lat' dir='ltr'>ipsorum</span> <span class='ocrx_word' id='word_1_272' title='bbox 714 3093 842 3163; x_wconf 84' lang='lat' dir='ltr'>Lapathlr</span> <span class='ocrx_word' id='word_1_273' title='bbox 866 3094 1052 3163; x_wconf 87' lang='lat' dir='ltr'>potentialiter</span> <span class='ocrx_word' id='word_1_274' title='bbox 1077 3100 1239 3164; x_wconf 81' lang='lat' dir='ltr'>occrrpatam</span> <span class='ocrx_word' id='word_1_275' title='bbox 1265 3095 1332 3150; x_wconf 89' lang='lat' dir='ltr'>deti·</span> 
     </span>
     <span class='ocr_line' id='line_1_30' title="bbox 81 3181 756 3250; baseline -0.003 -16"><span class='ocrx_word' id='word_1_276' title='bbox 81 3189 167 3247; x_wconf 89' lang='lat' dir='ltr'>neret‚</span> <span class='ocrx_word' id='word_1_277' title='bbox 189 3187 220 3234; x_wconf 92' lang='lat' dir='ltr'>ut</span> <span class='ocrx_word' id='word_1_278' title='bbox 239 3181 354 3235; x_wconf 89' lang='lat' dir='ltr'>eandem</span> <span class='ocrx_word' id='word_1_279' title='bbox 374 3183 573 3250; x_wconf 87' lang='lat' dir='ltr'>possessiouem</span> <span class='ocrx_word' id='word_1_280' title='bbox 593 3181 633 3234; x_wconf 85' lang='lat' dir='ltr'>e&#39;is</span> <span class='ocrx_word' id='word_1_281' title='bbox 651 3181 756 3235; x_wconf 89' lang='lat' dir='ltr'>reddat.</span> 
     </span>
    </p>

    <p class='ocr_par' dir='ltr' id='par_1_8' title="bbox 136 3267 1289 3336">
     <span class='ocr_line' id='line_1_31' title="bbox 136 3267 1289 3336; baseline 0.001 -15"><span class='ocrx_word' id='word_1_282' title='bbox 136 3269 184 3321; x_wconf 78' lang='lat' dir='ltr'>Ea</span> <span class='ocrx_word' id='word_1_283' title='bbox 203 3269 313 3321; x_wconf 75' lang='lat' dir='ltr'>archis-o</span> <span class='ocrx_word' id='word_1_284' title='bbox 332 3268 463 3321; x_wconf 75' lang='lat' dir='ltr'>crrrrrcrnli</span> <span class='ocrx_word' id='word_1_285' title='bbox 481 3268 615 3322; x_wconf 76' lang='lat' dir='ltr'>Rudenal.</span> <span class='ocrx_word' id='word_1_286' title='bbox 636 3298 668 3308; x_wconf 92' lang='lat'>-</span> <span class='ocrx_word' id='word_1_287' title='bbox 692 3268 815 3321; x_wconf 76' lang='lat' dir='ltr'>chrazel:</span> <span class='ocrx_word' id='word_1_288' title='bbox 838 3267 901 3320; x_wconf 69' lang='lat' dir='ltr'>(lod.</span> <span class='ocrx_word' id='word_1_289' title='bbox 922 3267 991 3336; x_wconf 76' lang='lat' dir='ltr'>dipl.</span> <span class='ocrx_word' id='word_1_290' title='bbox 1010 3267 1117 3336; x_wconf 78' lang='lat' dir='ltr'>Arpcul.</span> <span class='ocrx_word' id='word_1_291' title='bbox 1139 3269 1209 3322; x_wconf 84' lang='lat' dir='ltr'><em>XII.</em></span> <span class='ocrx_word' id='word_1_292' title='bbox 1229 3270 1289 3322; x_wconf 67' lang='lat'><strong><em>326.</em></strong></span> 
     </span>
    </p>
   </div>
   <div class='ocr_carea' id='block_1_8' title="bbox 75 3425 1333 4543">
    <p class='ocr_par' dir='ltr' id='par_1_9' title="bbox 75 3425 1333 4457">
     <span class='ocr_line' id='line_1_32' title="bbox 138 3425 1333 3498; baseline 0.003 -20"><span class='ocrx_word' id='word_1_293' title='bbox 138 3425 282 3478; x_wconf 83' lang='lat' dir='ltr'>MCCCII.</span> <span class='ocrx_word' id='word_1_294' title='bbox 304 3429 378 3477; x_wconf 60' lang='lat' dir='ltr'>lbet),</span> <span class='ocrx_word' id='word_1_295' title='bbox 399 3425 544 3479; x_wconf 86' lang='lat' dir='ltr'>Ladislaus</span> <span class='ocrx_word' id='word_1_296' title='bbox 562 3425 612 3480; x_wconf 88' lang='lat' dir='ltr'>IV.</span> <span class='ocrx_word' id='word_1_297' title='bbox 633 3441 680 3479; x_wconf 86' lang='lat' dir='ltr'>rex</span> <span class='ocrx_word' id='word_1_298' title='bbox 701 3426 832 3490; x_wconf 86' lang='lat' dir='ltr'>notificat,</span> <span class='ocrx_word' id='word_1_299' title='bbox 852 3426 925 3496; x_wconf 71' lang='lat' dir='ltr'>‹puod</span> <span class='ocrx_word' id='word_1_300' title='bbox 943 3425 1043 3480; x_wconf 86' lang='lat' dir='ltr'>Vrkun</span> <span class='ocrx_word' id='word_1_301' title='bbox 1062 3427 1159 3492; x_wconf 77' lang='lat' dir='ltr'>hantis,</span> <span class='ocrx_word' id='word_1_302' title='bbox 1178 3427 1251 3481; x_wconf 90' lang='lat' dir='ltr'>tilius</span> <span class='ocrx_word' id='word_1_303' title='bbox 1269 3427 1333 3498; x_wconf 89' lang='lat' dir='ltr'>Ipo-</span> 
     </span>
     <span class='ocr_line' id='line_1_33' title="bbox 84 3513 1331 3584; baseline 0.003 -18"><span class='ocrx_word' id='word_1_304' title='bbox 84 3515 125 3566; x_wconf 93' lang='lat' dir='ltr'>liti</span> <span class='ocrx_word' id='word_1_305' title='bbox 146 3513 180 3567; x_wconf 90' lang='lat' dir='ltr'>de</span> <span class='ocrx_word' id='word_1_306' title='bbox 199 3529 298 3582; x_wconf 82' lang='lat' dir='ltr'>genere</span> <span class='ocrx_word' id='word_1_307' title='bbox 317 3513 451 3582; x_wconf 82' lang='lat' dir='ltr'>Thomoy,</span> <span class='ocrx_word' id='word_1_308' title='bbox 470 3515 498 3566; x_wconf 91' lang='lat' dir='ltr'>in</span> <span class='ocrx_word' id='word_1_309' title='bbox 517 3514 672 3584; x_wconf 87' lang='lat' dir='ltr'>praeseutia</span> <span class='ocrx_word' id='word_1_310' title='bbox 691 3518 717 3566; x_wconf 91' lang='lat' dir='ltr'>et</span> <span class='ocrx_word' id='word_1_311' title='bbox 742 3513 776 3566; x_wconf 92' lang='lat' dir='ltr'>de</span> <span class='ocrx_word' id='word_1_312' title='bbox 801 3514 974 3583; x_wconf 88' lang='lat' dir='ltr'>beneplacito</span> <span class='ocrx_word' id='word_1_313' title='bbox 997 3516 1056 3567; x_wconf 90' lang='lat' dir='ltr'>eius</span> <span class='ocrx_word' id='word_1_314' title='bbox 1075 3515 1250 3569; x_wconf 86' lang='lat' dir='ltr'>medietatem</span> <span class='ocrx_word' id='word_1_315' title='bbox 1275 3534 1331 3570; x_wconf 90' lang='lat' dir='ltr'>om·</span> 
     </span>
     <span class='ocr_line' id='line_1_34' title="bbox 81 3601 1329 3672; baseline 0.003 -19"><span class='ocrx_word' id='word_1_316' title='bbox 81 3603 157 3654; x_wconf 73' lang='lat' dir='ltr'>nisam</span> <span class='ocrx_word' id='word_1_317' title='bbox 184 3615 296 3654; x_wconf 87' lang='lat' dir='ltr'>suarum</span> <span class='ocrx_word' id='word_1_318' title='bbox 322 3603 527 3670; x_wconf 86' lang='lat' dir='ltr'>possessionum</span> <span class='ocrx_word' id='word_1_319' title='bbox 551 3608 578 3655; x_wconf 91' lang='lat' dir='ltr'>et</span> <span class='ocrx_word' id='word_1_320' title='bbox 601 3601 728 3670; x_wconf 80' lang='lat' dir='ltr'>Dyonisii</span> <span class='ocrx_word' id='word_1_321' title='bbox 748 3601 840 3654; x_wconf 88' lang='lat' dir='ltr'>fratris</span> <span class='ocrx_word' id='word_1_322' title='bbox 864 3602 915 3667; x_wconf 90' lang='lat' dir='ltr'>sui,</span> <span class='ocrx_word' id='word_1_323' title='bbox 939 3602 999 3656; x_wconf 89' lang='lat' dir='ltr'>sine</span> <span class='ocrx_word' id='word_1_324' title='bbox 1021 3601 1137 3656; x_wconf 89' lang='lat' dir='ltr'>haerede</span> <span class='ocrx_word' id='word_1_325' title='bbox 1162 3603 1329 3672; x_wconf 87' lang='lat' dir='ltr'>decedentis,</span> 
     </span>
     <span class='ocr_line' id='line_1_35' title="bbox 78 3687 1330 3758; baseline 0.003 -17"><span class='ocrx_word' id='word_1_326' title='bbox 78 3687 221 3742; x_wconf 81' lang='lat' dir='ltr'>videlicet:</span> <span class='ocrx_word' id='word_1_327' title='bbox 240 3687 359 3758; x_wconf 87' lang='lat' dir='ltr'>Pachey,</span> <span class='ocrx_word' id='word_1_328' title='bbox 378 3689 530 3758; x_wconf 77' lang='lat' dir='ltr'>Jahsynch,</span> <span class='ocrx_word' id='word_1_329' title='bbox 554 3689 634 3757; x_wconf 88' lang='lat' dir='ltr'>Suay,</span> <span class='ocrx_word' id='word_1_330' title='bbox 658 3688 787 3754; x_wconf 85' lang='lat' dir='ltr'>Vesnich,</span> <span class='ocrx_word' id='word_1_331' title='bbox 811 3687 930 3751; x_wconf 87' lang='lat' dir='ltr'>Petrieh,</span> <span class='ocrx_word' id='word_1_332' title='bbox 954 3689 1044 3756; x_wconf 83' lang='lat' dir='ltr'>Solelr,</span> <span class='ocrx_word' id='word_1_333' title='bbox 1068 3689 1160 3743; x_wconf 86' lang='lat' dir='ltr'>Katha</span> <span class='ocrx_word' id='word_1_334' title='bbox 1187 3699 1214 3744; x_wconf 90' lang='lat' dir='ltr'>et</span> <span class='ocrx_word' id='word_1_335' title='bbox 1232 3691 1330 3745; x_wconf 77' lang='lat' dir='ltr'>Tsrrreh</span> 
     </span>
     <span class='ocr_line' id='line_1_36' title="bbox 78 3775 1328 3848; baseline 0.002 -18"><span class='ocrx_word' id='word_1_336' title='bbox 78 3782 234 3830; x_wconf 85' lang='lat' dir='ltr'>vocatarum</span> <span class='ocrx_word' id='word_1_337' title='bbox 255 3793 319 3830; x_wconf 91' lang='lat' dir='ltr'>cum</span> <span class='ocrx_word' id='word_1_338' title='bbox 340 3777 547 3844; x_wconf 85' lang='lat' dir='ltr'>appertinentiis</span> <span class='ocrx_word' id='word_1_339' title='bbox 566 3777 595 3828; x_wconf 89' lang='lat' dir='ltr'>in</span> <span class='ocrx_word' id='word_1_340' title='bbox 614 3776 746 3829; x_wconf 88' lang='lat' dir='ltr'>comitatu</span> <span class='ocrx_word' id='word_1_341' title='bbox 766 3775 915 3844; x_wconf 83' lang='lat' dir='ltr'>Syrmieusi</span> <span class='ocrx_word' id='word_1_342' title='bbox 936 3776 1111 3830; x_wconf 86' lang='lat' dir='ltr'>existentium</span> <span class='ocrx_word' id='word_1_343' title='bbox 1138 3783 1251 3848; x_wconf 89' lang='lat' dir='ltr'>propter</span> <span class='ocrx_word' id='word_1_344' title='bbox 1270 3780 1328 3832; x_wconf 92' lang='lat' dir='ltr'>uni-</span> 
     </span>
     <span class='ocr_line' id='line_1_37' title="bbox 76 3862 1327 3942; baseline 0 -24"><span class='ocrx_word' id='word_1_345' title='bbox 76 3881 158 3918; x_wconf 89' lang='lat' dir='ltr'>onem</span> <span class='ocrx_word' id='word_1_346' title='bbox 176 3869 204 3916; x_wconf 90' lang='lat' dir='ltr'>et</span> <span class='ocrx_word' id='word_1_347' title='bbox 222 3873 334 3918; x_wconf 86' lang='lat' dir='ltr'>mutuae</span> <span class='ocrx_word' id='word_1_348' title='bbox 353 3863 616 3932; x_wconf 72' lang='lat' dir='ltr'>consanguincitatis</span> <span class='ocrx_word' id='word_1_349' title='bbox 641 3862 826 3930; x_wconf 88' lang='lat' dir='ltr'>dilectionem,</span> <span class='ocrx_word' id='word_1_350' title='bbox 845 3864 980 3932; x_wconf 86' lang='lat' dir='ltr'>Dyonisio</span> <span class='ocrx_word' id='word_1_351' title='bbox 1001 3864 1103 3931; x_wconf 86' lang='lat' dir='ltr'>comiti,</span> <span class='ocrx_word' id='word_1_352' title='bbox 1122 3865 1179 3942; x_wconf 77' lang='lat' dir='ltr'>filio</span> <span class='ocrx_word' id='word_1_353' title='bbox 1201 3866 1327 3936; x_wconf 85' lang='lat' dir='ltr'>Dyonisii</span> 
     </span>
     <span class='ocr_line' id='line_1_38' title="bbox 79 3949 1329 4020; baseline 0.006 -19"><span class='ocrx_word' id='word_1_354' title='bbox 79 3949 221 4020; x_wconf 86' lang='lat' dir='ltr'>quondam</span> <span class='ocrx_word' id='word_1_355' title='bbox 240 3950 359 4004; x_wconf 88' lang='lat' dir='ltr'>Palatini</span> <span class='ocrx_word' id='word_1_356' title='bbox 385 3951 418 4004; x_wconf 93' lang='lat' dir='ltr'>de</span> <span class='ocrx_word' id='word_1_357' title='bbox 444 3949 540 4004; x_wconf 86' lang='lat' dir='ltr'>eadem</span> <span class='ocrx_word' id='word_1_358' title='bbox 564 3951 748 4018; x_wconf 78' lang='lat' dir='ltr'>generatione,</span> <span class='ocrx_word' id='word_1_359' title='bbox 772 3951 916 4020; x_wconf 84' lang='lat' dir='ltr'>reliquisse</span> <span class='ocrx_word' id='word_1_360' title='bbox 935 3959 961 4005; x_wconf 90' lang='lat' dir='ltr'>et</span> <span class='ocrx_word' id='word_1_361' title='bbox 986 3951 1102 4005; x_wconf 87' lang='lat' dir='ltr'>donasse</span> <span class='ocrx_word' id='word_1_362' title='bbox 1128 3953 1271 4008; x_wconf 79' lang='lat' dir='ltr'>confessus</span> <span class='ocrx_word' id='word_1_363' title='bbox 1294 3954 1329 4008; x_wconf 88' lang='lat' dir='ltr'>sit</span> 
     </span>
     <span class='ocr_line' id='line_1_39' title="bbox 78 4037 1328 4110; baseline 0.002 -18"><span class='ocrx_word' id='word_1_364' title='bbox 78 4039 126 4092; x_wconf 86' lang='lat' dir='ltr'>tali</span> <span class='ocrx_word' id='word_1_365' title='bbox 146 4037 312 4105; x_wconf 88' lang='lat' dir='ltr'>conditione,</span> <span class='ocrx_word' id='word_1_366' title='bbox 333 4039 407 4108; x_wconf 72' lang='lat' dir='ltr'>rpitod</span> <span class='ocrx_word' id='word_1_367' title='bbox 432 4039 454 4090; x_wconf 92' lang='lat' dir='ltr'>si</span> <span class='ocrx_word' id='word_1_368' title='bbox 479 4037 597 4092; x_wconf 89' lang='lat' dir='ltr'>eundem</span> <span class='ocrx_word' id='word_1_369' title='bbox 622 4038 722 4092; x_wconf 84' lang='lat' dir='ltr'>Vrlruu</span> <span class='ocrx_word' id='word_1_370' title='bbox 746 4040 849 4091; x_wconf 90' lang='lat' dir='ltr'>banum</span> <span class='ocrx_word' id='word_1_371' title='bbox 868 4039 927 4092; x_wconf 90' lang='lat' dir='ltr'>sine</span> <span class='ocrx_word' id='word_1_372' title='bbox 950 4039 1099 4092; x_wconf 86' lang='lat' dir='ltr'>haeredum</span> <span class='ocrx_word' id='word_1_373' title='bbox 1122 4041 1221 4094; x_wconf 85' lang='lat' dir='ltr'>solatio</span> <span class='ocrx_word' id='word_1_374' title='bbox 1240 4042 1328 4110; x_wconf 90' lang='lat' dir='ltr'>primo</span> 
     </span>
     <span class='ocr_line' id='line_1_40' title="bbox 77 4125 1326 4195; baseline 0.003 -16"><span class='ocrx_word' id='word_1_375' title='bbox 77 4126 146 4179; x_wconf 90' lang='lat' dir='ltr'>mori</span> <span class='ocrx_word' id='word_1_376' title='bbox 165 4125 324 4193; x_wconf 71' lang='lat' dir='ltr'>contigeret,</span> <span class='ocrx_word' id='word_1_377' title='bbox 345 4125 445 4178; x_wconf 87' lang='lat' dir='ltr'>dictam</span> <span class='ocrx_word' id='word_1_378' title='bbox 470 4125 645 4179; x_wconf 87' lang='lat' dir='ltr'>medietatem</span> <span class='ocrx_word' id='word_1_379' title='bbox 672 4125 853 4195; x_wconf 86' lang='lat' dir='ltr'>possessionis</span> <span class='ocrx_word' id='word_1_380' title='bbox 877 4126 999 4180; x_wconf 86' lang='lat' dir='ltr'>eiusdem</span> <span class='ocrx_word' id='word_1_381' title='bbox 1025 4126 1133 4180; x_wconf 86' lang='lat' dir='ltr'>Vrkuni</span> <span class='ocrx_word' id='word_1_382' title='bbox 1158 4129 1228 4194; x_wconf 88' lang='lat' dir='ltr'>bani,</span> <span class='ocrx_word' id='word_1_383' title='bbox 1254 4128 1326 4184; x_wconf 87' lang='lat' dir='ltr'>idern</span> 
     </span>
     <span class='ocr_line' id='line_1_41' title="bbox 75 4213 1326 4283; baseline 0.003 -17"><span class='ocrx_word' id='word_1_384' title='bbox 75 4214 220 4267; x_wconf 87' lang='lat' dir='ltr'>Dionisius</span> <span class='ocrx_word' id='word_1_385' title='bbox 240 4229 331 4266; x_wconf 53' lang='lat' dir='ltr'>(comes</span> <span class='ocrx_word' id='word_1_386' title='bbox 351 4229 413 4264; x_wconf 63' lang='lat' dir='ltr'>(etim</span> <span class='ocrx_word' id='word_1_387' title='bbox 436 4213 584 4266; x_wconf 83' lang='lat' dir='ltr'>medietate</span> <span class='ocrx_word' id='word_1_388' title='bbox 603 4213 657 4266; x_wconf 86' lang='lat' dir='ltr'>alia</span> <span class='ocrx_word' id='word_1_389' title='bbox 676 4214 726 4266; x_wconf 83' lang='lat' dir='ltr'>sibi</span> <span class='ocrx_word' id='word_1_390' title='bbox 747 4213 877 4266; x_wconf 84' lang='lat' dir='ltr'>devoluta</span> <span class='ocrx_word' id='word_1_391' title='bbox 900 4213 1060 4283; x_wconf 86' lang='lat' dir='ltr'>possideret.</span> <span class='ocrx_word' id='word_1_392' title='bbox 1081 4214 1109 4268; x_wconf 84' lang='lat' dir='ltr'>Si</span> <span class='ocrx_word' id='word_1_393' title='bbox 1130 4216 1261 4270; x_wconf 85' lang='lat' dir='ltr'>haeredes</span> <span class='ocrx_word' id='word_1_394' title='bbox 1280 4217 1326 4270; x_wconf 84' lang='lat' dir='ltr'>ha·</span> 
     </span>
     <span class='ocr_line' id='line_1_42' title="bbox 75 4300 1326 4371; baseline 0.002 -17"><span class='ocrx_word' id='word_1_395' title='bbox 75 4301 167 4354; x_wconf 87' lang='lat' dir='ltr'>buerit</span> <span class='ocrx_word' id='word_1_396' title='bbox 186 4301 337 4354; x_wconf 87' lang='lat' dir='ltr'>remanebit</span> <span class='ocrx_word' id='word_1_397' title='bbox 357 4302 415 4353; x_wconf 78' lang='lat' dir='ltr'>ena</span> <span class='ocrx_word' id='word_1_398' title='bbox 434 4300 567 4354; x_wconf 85' lang='lat' dir='ltr'>medietas</span> <span class='ocrx_word' id='word_1_399' title='bbox 591 4302 637 4366; x_wconf 87' lang='lat' dir='ltr'>eis,</span> <span class='ocrx_word' id='word_1_400' title='bbox 662 4303 683 4354; x_wconf 92' lang='lat' dir='ltr'>si</span> <span class='ocrx_word' id='word_1_401' title='bbox 709 4307 802 4354; x_wconf 77' lang='lat' dir='ltr'>aut-em</span> <span class='ocrx_word' id='word_1_402' title='bbox 827 4301 925 4354; x_wconf 86' lang='lat' dir='ltr'>Vrkun</span> <span class='ocrx_word' id='word_1_403' title='bbox 944 4309 971 4354; x_wconf 89' lang='lat' dir='ltr'>et</span> <span class='ocrx_word' id='word_1_404' title='bbox 990 4303 1141 4371; x_wconf 83' lang='lat' dir='ltr'>Dyonisius</span> <span class='ocrx_word' id='word_1_405' title='bbox 1163 4303 1326 4358; x_wconf 89' lang='lat' dir='ltr'>haeredibus</span> 
     </span>
     <span class='ocr_line' id='line_1_43' title="bbox 75 4387 1324 4457; baseline 0.003 -16"><span class='ocrx_word' id='word_1_406' title='bbox 75 4395 208 4454; x_wconf 85' lang='lat' dir='ltr'>carerent,</span> <span class='ocrx_word' id='word_1_407' title='bbox 227 4388 380 4457; x_wconf 86' lang='lat' dir='ltr'>possidebit</span> <span class='ocrx_word' id='word_1_408' title='bbox 398 4389 492 4441; x_wconf 83' lang='lat' dir='ltr'>ambas</span> <span class='ocrx_word' id='word_1_409' title='bbox 513 4388 674 4442; x_wconf 87' lang='lat' dir='ltr'>medietates</span> <span class='ocrx_word' id='word_1_410' title='bbox 693 4387 826 4441; x_wconf 83' lang='lat' dir='ltr'>Nicolaus</span> <span class='ocrx_word' id='word_1_411' title='bbox 839 4387 922 4442; x_wconf 87' lang='lat' dir='ltr'>frater</span> <span class='ocrx_word' id='word_1_412' title='bbox 942 4389 1059 4443; x_wconf 84' lang='lat' dir='ltr'>Dionisii</span> <span class='ocrx_word' id='word_1_413' title='bbox 1074 4395 1101 4443; x_wconf 90' lang='lat' dir='ltr'>et</span> <span class='ocrx_word' id='word_1_414' title='bbox 1114 4391 1173 4444; x_wconf 88' lang='lat' dir='ltr'>eius</span> <span class='ocrx_word' id='word_1_415' title='bbox 1186 4391 1324 4445; x_wconf 84' lang='lat' dir='ltr'>haerodes.</span> 
     </span>
    </p>

    <p class='ocr_par' dir='ltr' id='par_1_10' title="bbox 131 4475 610 4543">
     <span class='ocr_line' id='line_1_44' title="bbox 131 4475 610 4543; baseline 0.002 -15"><span class='ocrx_word' id='word_1_416' title='bbox 131 4475 196 4528; x_wconf 73' lang='lat' dir='ltr'>Cocl.</span> <span class='ocrx_word' id='word_1_417' title='bbox 216 4475 285 4542; x_wconf 73' lang='lat' dir='ltr'>elipl.</span> <span class='ocrx_word' id='word_1_418' title='bbox 302 4476 416 4543; x_wconf 82' lang='lat' dir='ltr'>patrius</span> <span class='ocrx_word' id='word_1_419' title='bbox 439 4476 487 4528; x_wconf 82' lang='lat' dir='ltr'>l&#39;I.</span> <span class='ocrx_word' id='word_1_420' title='bbox 502 4493 531 4542; x_wconf 86' lang='lat' dir='ltr'>p.</span> <span class='ocrx_word' id='word_1_421' title='bbox 549 4479 610 4529; x_wconf 70' lang='lat'><strong><em>2⁴55.</em></strong></span> 
     </span>
    </p>
   </div>
   <div class='ocr_carea' id='block_1_9' title="bbox 78 4633 1324 4797">
    <p class='ocr_par' dir='ltr' id='par_1_11' title="bbox 78 4633 1324 4797">
     <span class='ocr_line' id='line_1_45' title="bbox 129 4633 1324 4708; baseline 0.005 -22"><span class='ocrx_word' id='word_1_422' title='bbox 129 4633 289 4687; x_wconf 72' lang='lat' dir='ltr'>licebitl.</span> <span class='ocrx_word' id='word_1_423' title='bbox 314 4637 388 4687; x_wconf 64' lang='lat' dir='ltr'>teet).</span> <span class='ocrx_word' id='word_1_424' title='bbox 416 4634 561 4688; x_wconf 85' lang='lat' dir='ltr'>Ladislaus</span> <span class='ocrx_word' id='word_1_425' title='bbox 586 4635 637 4690; x_wconf 92' lang='lat' dir='ltr'>IV.</span> <span class='ocrx_word' id='word_1_426' title='bbox 665 4653 714 4689; x_wconf 86' lang='lat' dir='ltr'>rex</span> <span class='ocrx_word' id='word_1_427' title='bbox 738 4636 772 4689; x_wconf 89' lang='lat' dir='ltr'>ad</span> <span class='ocrx_word' id='word_1_428' title='bbox 801 4638 1023 4690; x_wconf 77' lang='lat' dir='ltr'>intercessionem</span> <span class='ocrx_word' id='word_1_429' title='bbox 1052 4635 1174 4707; x_wconf 91' lang='lat' dir='ltr'>Philippi</span> <span class='ocrx_word' id='word_1_430' title='bbox 1203 4638 1324 4708; x_wconf 86' lang='lat' dir='ltr'>episcopi</span> 
     </span>
     <span class='ocr_line' id='line_1_46' title="bbox 78 4721 1324 4797; baseline 0.002 -20"><span class='ocrx_word' id='word_1_431' title='bbox 78 4721 210 4788; x_wconf 86' lang='lat' dir='ltr'>Firmani,</span> <span class='ocrx_word' id='word_1_432' title='bbox 228 4738 272 4792; x_wconf 87' lang='lat' dir='ltr'>up.</span> <span class='ocrx_word' id='word_1_433' title='bbox 293 4721 367 4777; x_wconf 87' lang='lat' dir='ltr'>sedis</span> <span class='ocrx_word' id='word_1_434' title='bbox 385 4723 478 4794; x_wconf 80' lang='lat' dir='ltr'>legati,</span> <span class='ocrx_word' id='word_1_435' title='bbox 497 4724 590 4778; x_wconf 89' lang='lat' dir='ltr'>omnia</span> <span class='ocrx_word' id='word_1_436' title='bbox 608 4728 710 4778; x_wconf 85' lang='lat' dir='ltr'>statuta</span> <span class='ocrx_word' id='word_1_437' title='bbox 734 4730 829 4778; x_wconf 89' lang='lat' dir='ltr'>contra</span> <span class='ocrx_word' id='word_1_438' title='bbox 852 4725 1013 4793; x_wconf 88' lang='lat' dir='ltr'>haereticos,</span> <span class='ocrx_word' id='word_1_439' title='bbox 1032 4725 1187 4797; x_wconf 84' lang='lat' dir='ltr'>specialiter</span> <span class='ocrx_word' id='word_1_440' title='bbox 1206 4725 1239 4781; x_wconf 90' lang='lat' dir='ltr'>de</span> <span class='ocrx_word' id='word_1_441' title='bbox 1266 4725 1324 4780; x_wconf 89' lang='lat' dir='ltr'>Du·</span> 
     </span>
    </p>
   </div>
   <div class='ocr_carea' id='block_1_10' title="bbox 0 0 1692 5350">
    <p class='ocr_par' dir='ltr' id='par_1_12' title="bbox 0 0 1692 5350">
     <span class='ocr_line' id='line_1_47' title="bbox 0 0 1692 5350; baseline 0 5"><span class='ocrx_word' id='word_1_442' title='bbox 0 0 1692 5350; x_wconf 95' lang='lat' dir='ltr'> </span> 
     </span>
    </p>
   </div>
  </div>
 </body>
</html>
