3480 5356
332 405 399 472 348
835 429 855 469 1.
876 413 1072 482 sunmerso,

331 594 428 651 tudine
445 594 554 650 sumitis
575 593 711 650 Pourseni
729 597 760 649 nt
776 593 963 650 oontrorersis
987 593 1125 664 sopiretur
1141 589 1242 648 embee
1260 595 1354 663 portes
1370 589 1408 647 sd
1424 595 1515 647 metes
1533 589 1578 647 di-

332 677 514 752 stinguendss
531 681 714 754 personaliter
730 679 906 746 soeederunt,
926 685 955 736 st
972 677 1008 735 ed
1026 679 1144 734 insioem
1163 678 1351 736 distinxerunt
1367 677 1473 734 mliter:
1497 677 1576 750 quod

331 767 489 840 incipiendo
508 784 592 840 super
611 767 703 840 ospite
729 765 920 838 Styroohenne
937 767 1015 822 iuxtt
1033 766 1107 821 rism
1125 765 1274 837 pnbliosm,
1292 781 1365 838 quse
1382 765 1460 823 dnoit
1476 782 1578 822 versus

331 855 473 911 meridiem
491 853 527 910 ud
545 859 638 928 peries
655 853 770 922 Peseoh
788 871 806 910 s
824 860 903 927 perte
920 853 1017 910 dextn
1032 853 1190 926 pressione
1207 853 1517 910 Znohs-Ohemerniuhe
1534 869 1576 910 re·

332 942 491 1015 linquerent
499 943 677 1010 monesterio,
689 959 707 998 e
718 946 798 1014 perte
810 947 903 998 entem
915 941 1026 998 uniens
1037 941 1133 998 relicte
1144 945 1188 998 est
1198 949 1272 999 terre
1284 941 1380 998 hiereo
1392 947 1421 998 et
1431 941 1577 999 lindislso.

387 1029 511 1088 mue.-
528 1031 607 1086 Μαι.
625 1029 689 1086 list.
710 1031 739 1086 T.
757 1030 783 1087 1.
798 1045 828 1100 p.
849 1034 908 1086 180.

390 1151 569 1209 thLXXX.
596 1155 673 1207 1275.
701 1151 881 1208 chameunis
899 1151 1032 1208 ecelesiae
1053 1151 1208 1224 oepitulum
1231 1155 1384 1223 attestetur,
1407 1151 1485 1224 quod
1508 1151 1579 1208 feris

335 1239 458 1298 secunde
476 1240 603 1312 proxime
620 1243 686 1310 post
711 1238 814 1294 festum
837 1238 864 1294 b.
889 1237 982 1310 Epidii
1006 1237 1173 1296 eontenons
1195 1237 1279 1294 freter
1302 1237 1463 1310 Stepbsnus
1486 1237 1578 1296 Here·

334 1328 403 1384 mite
421 1322 553 1384 eeeleeise
571 1326 603 1380 Β.
620 1325 745 1397 Virginis
763 1325 901 1382 dedomo
920 1323 1007 1396 Gerig
1024 1326 1060 1382 de
1077 1325 1174 1382 ordine
1192 1343 1214 1382 s.
1233 1325 1385 1398 Augustini
1404 1326 1578 1384 exhibuisset

332 1416 439 1472 littores
456 1429 542 1487 snper
558 1413 712 1471 oollseione
729 1413 847 1470 domum
872 1414 1016 1470 ulnarum
1039 1429 1090 1486 per
1113 1413 1277 1470 ledielsum
1300 1413 1414 1470 neuen
1438 1411 1577 1470 Gebriolis

334 1503 471 1558 fretorum
488 1517 514 1557 e.
533 1502 610 1562 liiii.
628 1515 699 1573 ques
718 1501 753 1558 de
772 1499 857 1556 verbo
875 1499 912 1556 sd
929 1499 1044 1556 verbnm
1062 1501 1227 1556 trsnsnmmi
1244 1499 1317 1558 ieoit.

387 1589 436 1645 lte
453 1589 525 1645 odis
542 1589 706 1646 temerarii
723 1589 757 1646 ds
777 1588 872 1647 dorii.
890 1589 974 1645 Fuso.
994 1593 1017 1646 1.
1036 1592 1070 1646 N.
1090 1593 1115 1645 3.
1133 1589 1183 1645 Es
1194 1589 1273 1660 repsi
1285 1587 1399 1646 orobioo
1408 1603 1460 1662 per
1471 1587 1576 1648 tanes

335 1676 613 1748 Kltuswllsdseoory
631 1675 743 1733 utam.

388 1799 583 1856 Mcnxxxt.
601 1801 683 1856 1275.
702 1797 866 1870 Capitulum
890 1799 1070 1856 Obesmensis
1088 1800 1221 1857 eoelesiee
1238 1805 1336 1858 notum
1353 1799 1428 1869 inuit,
1445 1799 1522 1871 quod
1539 1799 1578 1856 ub

337 1905 395 1944 uns
412 1893 491 1960 perte
509 1886 669 1958 supinum
687 1885 761 1942 filius
782 1885 887 1958 Spoob,
905 1903 940 1942 ex
958 1887 1044 1944 elters
1060 1903 1126 1944 vero
1145 1887 1284 1960 Sampson
1302 1887 1376 1944 iilius
1393 1887 1501 1944 Bobete
1514 1903 1576 1960 pes·

338 1975 471 2032 sonuliter
488 1974 632 2032 constituti
650 1972 717 2030 fessi
735 1973 805 2030 sint:
823 1972 899 2044 quod
917 1973 991 2030 idem
1009 1973 1169 2048 Stephanus
1186 1979 1288 2033 terrem
1305 1973 1470 2032 Hmsureuh
1492 1990 1579 2046 quem

337 2063 463 2120 Bolehne
479 2063 564 2118 freter
581 2061 697 2118 Boletee
708 2061 800 2118 iretrie
817 2059 884 2118 dicti
902 2060 1075 2136 Sempronio,
1092 2060 1167 2118 dioto
1185 2061 1329 2134 supino
1340 2061 1510 2119 vendidisset
1526 2077 1578 2132 pro

335 2149 483 2208 duodecim
509 2149 617 2218 merois,
644 2147 812 2204 reddidisset
834 2147 909 2204 idem
934 2147 1084 2220 Semproni
1107 2150 1258 2206 numeratis
1285 2148 1322 2204 eb
1348 2165 1382 2206 eo
1410 2149 1444 2204 li
1468 2150 1578 2204 merois.

337 2235 542 2292 menesatem
559 2241 657 2306 terroe,
675 2251 745 2306 quus
763 2235 847 2292 homo
873 2235 988 2308 oepituli
1010 2236 1106 2293 Veros
1129 2235 1259 2294 moerdos
1282 2235 1416 2293 eeolesise
1433 2235 1465 2292 B.
1483 2235 1519 2291 V.
1537 2236 1578 2292 hl.

337 2321 372 2379 de
391 2323 526 2396 superiori
544 2322 665 2380 Isdenoh
691 2321 881 2390 reembulevlt,
905 2323 1040 2396 incipiunt
1063 2323 1098 2380 de
1124 2339 1199 2394 sque
1225 2323 1382 2391 Hrusesoh,
1401 2321 1500 2379 deinde
1527 2337 1577 2395 per

336 2411 427 2466 varies
445 2415 533 2466 metes
551 2409 682 2467 erborees
699 2409 736 2467 ed
755 2425 839 2466 unum
857 2409 979 2466 mlekem
997 2415 1025 2466 et
1041 2427 1172 2481 megnsm
1185 2410 1291 2482 silrem,
1303 2409 1405 2466 deinde
1417 2410 1579 2482 pervellem

337 2515 512 2554 nemorosum
530 2498 609 2554 inxtu
633 2497 730 2554 silvem
749 2497 797 2553 bik
815 2496 947 2566 snnkovs)
971 2497 1008 2554 sd
1032 2497 1204 2556 oooideutom
1227 2515 1277 2570 per
1301 2497 1440 2570 quendem
1463 2497 1579 2556 flurium

337 2591 366 2640 et
383 2581 458 2642 sedit
474 2585 574 2642 iterum
592 2585 620 2640 in
640 2601 743 2656 squm
766 2585 924 2642 Hrusevoh.

395 2673 515 2730 Wsosel:
533 2673 598 2730 dod
615 2673 686 2744 dipl.
704 2673 811 2744 Arpod.
829 2673 899 2730 XII.
918 2677 976 2730 158.

389 2795 597 2854 rechxxxii.
620 2798 694 2852 1275.
713 2794 875 2866 Oepitulum
892 2794 1024 2852 eoelesise
1047 2795 1191 2866 Auriensis
1209 2800 1306 2851 notum
1332 2795 1408 2866 feeit,
1428 2795 1505 2868 quod
1529 2795 1578 2852 lis·

338 2885 434 2940 uoltus
451 2883 526 2938 lilius
543 2883 654 2955 Ponyth
672 2881 737 2938 beni
755 2881 791 2936 (le
809 2898 909 2953 genere
931 2881 1087 2954 Mutovuh,
1105 2882 1282 2956 medietatem
1305 2885 1492 2955 possessionis
1510 2899 1579 2941 ruse

338 2972 434 3042 Bogus
459 2971 489 3026 in
511 2971 643 3026 sombetu
663 2969 701 3026 ds
723 2971 852 3026 Kmune
875 2969 1006 3040 (Krssns)
1028 2969 1136 3026 dederit
1159 2969 1291 3040 Tbomse,
1314 2970 1442 3028 Androne
1464 2979 1493 3028 et
1515 2973 1580 3028 Ale

339 3058 446 3114 rendre
462 3058 527 3114 filiis
548 3057 643 3112 Bedsk
660 3057 696 3114 de
713 3058 834 3114 Perenne
850 3063 880 3114 et
897 3057 1020 3114 Mertino
1043 3057 1101 3113 fillo
1119 3057 1233 3128 Bosoyn
1251 3057 1328 3115 irstrl
1346 3073 1414 3126 suo;
1431 3060 1498 3116 item
1517 3057 1579 3115 Ste-

339 3147 433 3218 pbeno
450 3145 508 3201 fillo
525 3143 604 3200 hiliae
630 3143 666 3200 de
693 3145 790 3201 eedem
816 3146 936 3202 Perenne
953 3145 982 3200 in
1000 3145 1193 3202 oonoumbium
1216 3151 1305 3204 terres
1329 3149 1456 3218 Arenyss
1480 3148 1508 3202 ln
1533 3163 1581 3204 oo-

338 3233 437 3290 mitetu
454 3231 491 3288 ds
508 3230 625 3288 Borsod.

397 3317 518 3376 Wsnssl:
538 3319 604 3375 (lod
621 3318 692 3388 dipl.
710 3319 820 3388 Aspod.
840 3321 869 3375 T.
887 3319 955 3376 XII.
971 3333 1000 3390 p.
1019 3323 1079 3376 159.

393 3439 619 3498 Motxxxm.
637 3441 783 3514 lrspnrii.
801 3445 877 3497 1276.
898 3446 922 3495 ⁷.
940 3441 1087 3500 Jnneors'i.
1099 3443 1285 3516 Temporibus
1297 3442 1421 3502 hedlslei
1432 3443 1486 3502 1v.
1498 3445 1580 3517 regis,

342 3529 510 3585 Oolnmbeni
528 3527 611 3600 episo
634 3527 835 3600 lbeguriensis
858 3527 996 3584 Johsnnis
1014 3529 1049 3586 de
1066 3529 1192 3587 Briberio
1218 3531 1327 3588 comitis
1350 3531 1441 3602 Trea,
1469 3531 1581 3588 Miobee

340 3652 428 3673 .....
446 3615 600 3687 potestatis,
621 3613 762 3671 Valentini
780 3615 949 3688 Oessrimee,
967 3615 1073 3674 Dessee
1092 3617 1227 3675 Amhlesii
1246 3617 1326 3690 Trsg.
1348 3617 1576 3690 oonsilianorum,

342 3703 433 3759 dietus
452 3703 602 3774 episeopus
621 3701 801 3760 considerens
825 3719 927 3776 msgne
951 3705 1062 3762 servitis
1086 3723 1159 3778 quse
1181 3711 1324 3779 reeeperet
1347 3723 1365 3762 e
1386 3705 1503 3765 Niooleo
1528 3707 1582 3762 Oe·

342 3792 415 3857 sotii,
433 3791 570 3846 eonoessit
588 3791 612 3846 el
631 3795 659 3845 et
674 3791 759 3846 oessit
781 3807 863 3848 omne
888 3793 941 3862 ius,
964 3809 1132 3864 omnemque
1156 3793 1295 3850 sotionem
1321 3795 1424 3852 reelern
1451 3795 1525 3866 quod
1553 3798 1582 3850 et

342 3895 427 3950 quem
443 3878 543 3934 hebuit
564 3885 660 3936 oontre
686 3879 857 3950 Rsphselem
881 3880 1056 3936 &rhemum
1081 3881 1117 3937 de
1134 3881 1261 3938 Venetils
1288 3888 1317 3939 et
1343 3883 1403 3940 eins
1429 3882 1505 3938 bons
1530 3898 1580 3954 pro

342 3971 454 4022 wnmm
471 3971 501 4022 et
517 3967 613 4037 viginti
630 3965 708 4021 libris
726 3967 899 4023 Venetorum
917 3983 1073 4038 parvorum,
1092 3985 1162 4040 qnos
1179 3967 1254 4024 idem
1272 3969 1399 4042 Bephuel
1416 3969 1506 4026 eidem
1524 3969 1581 4040 epi·

342 4068 429 4124 soopo
446 4052 514 4108 dere
532 4059 560 4108 et
578 4052 684 4108 solvere
701 4057 819 4109 tenetur.
837 4054 1034 4111 Praesentibus
1052 4055 1156 4111 Dnimo
1174 4055 1295 4125 Pertolo,
1314 4055 1433 4114 Nioolso
1445 4053 1581 4112 (isleords

344 4144 372 4196 et
389 4139 481 4195 Dosse
499 4138 640 4211 quondum
657 4139 761 4196 Duimo
779 4140 814 4198 de
833 4140 918 4214 Oege.

395 4225 511 4295 Metto:
530 4229 604 4284 Most.
623 4230 646 4286 Ι.
664 4231 723 4284 110.

394 4347 614 4404 nouxxxtv.
633 4349 719 4418 Apud
736 4349 921 4421 mum.
939 4354 1019 4408 1276.
1037 4356 1077 4408 13.
1095 4351 1161 4409 Just.
1180 4351 1316 4423 Magister
1334 4353 1477 4412 Romnum
1494 4353 1581 4412 erebi·

344 4437 479 4493 disoonns
506 4436 662 4493 Bossiensis
680 4441 708 4492 et
725 4439 857 4508 magister
881 4439 987 4496 Fnleus
1009 4439 1132 4496 referunt
1155 4441 1328 4512 B(enedieto)
1352 4442 1439 4498 eleeto
1462 4443 1580 4515 srohiep.

344 4523 535 4594 strigoniensi,
563 4523 723 4596 prseposito
746 4524 868 4581 Budensi
893 4531 921 4582 et
949 4528 1029 4583 sulse
1055 4529 1128 4598 regis
1154 4529 1387 4598 vieeeenoellerio,
1414 4528 1490 4600 quod
1517 4545 1581 4585 oum

342 4627 439 4666 versus
457 4611 595 4667 meritisne
612 4613 705 4667 venire
723 4611 893 4683 debuissent,
911 4615 1076 4670 invenerunt
1099 4631 1149 4686 per
1172 4616 1292 4672 Soensm
1319 4621 1348 4672 et
1369 4615 1498 4673 strlem
1522 4619 1580 4672 viss

345 4697 397 4752 sibi
423 4697 584 4754 observatas
608 4704 637 4754 et
659 4699 774 4755 insidias
802 4709 988 4773 praeputatos,
1016 4701 1118 4757 idcireo
1145 4702 1180 4759 ed
1207 4703 1346 4760 oisitstem
1372 4705 1581 4776 Trngurlensem
