<?xml version="1.0" encoding="UTF-8"?>
<!DOCTYPE html PUBLIC "-//W3C//DTD XHTML 1.0 Transitional//EN"
    "http://www.w3.org/TR/xhtml1/DTD/xhtml1-transitional.dtd">
<html xmlns="http://www.w3.org/1999/xhtml" xml:lang="en" lang="en">
 <head>
  <title>
</title>
<meta http-equiv="Content-Type" content="text/html;charset=utf-8" />
  <meta name='ocr-system' content='tesseract 3.04.00' />
  <meta name='ocr-capabilities' content='ocr_page ocr_carea ocr_par ocr_line ocrx_word'/>
</head>
<body>
  <div class='ocr_page' id='page_1' title='image "./regestadocument00sakcgoog_0346.png"; bbox 0 0 3480 5356; ppageno 0'>
   <div class='ocr_carea' id='block_1_1' title="bbox 343 415 1081 498">
    <p class='ocr_par' dir='ltr' id='par_1_1' title="bbox 343 415 1081 498">
     <span class='ocr_line' id='line_1_1' title="bbox 343 415 1081 498; baseline 0.004 -21"><span class='ocrx_word' id='word_1_1' title='bbox 343 415 408 480; x_wconf 74' lang='lat'>342</span> <span class='ocrx_word' id='word_1_2' title='bbox 848 439 868 478; x_wconf 93' lang='lat'>1.</span> <span class='ocrx_word' id='word_1_3' title='bbox 884 419 1081 498; x_wconf 72' lang='lat' dir='ltr'>actionario,</span> 
     </span>
    </p>
   </div>
   <div class='ocr_carea' id='block_1_2' title="bbox 304 605 1584 1626">
    <p class='ocr_par' dir='ltr' id='par_1_2' title="bbox 304 605 1583 1466">
     <span class='ocr_line' id='line_1_2' title="bbox 343 605 1583 678; baseline 0 -16"><span class='ocrx_word' id='word_1_4' title='bbox 343 607 536 678; x_wconf 70' lang='lat' dir='ltr'><strong>captivatione,</strong></span> <span class='ocrx_word' id='word_1_5' title='bbox 554 613 582 662; x_wconf 90' lang='lat' dir='ltr'>et</span> <span class='ocrx_word' id='word_1_6' title='bbox 600 622 713 662; x_wconf 89' lang='lat' dir='ltr'>suorum</span> <span class='ocrx_word' id='word_1_7' title='bbox 736 611 761 677; x_wconf 78' lang='lat' dir='ltr'>st</span> <span class='ocrx_word' id='word_1_8' title='bbox 777 622 870 663; x_wconf 88' lang='lat' dir='ltr'>rerum</span> <span class='ocrx_word' id='word_1_9' title='bbox 888 621 1000 662; x_wconf 85' lang='lat' dir='ltr'>suarum</span> <span class='ocrx_word' id='word_1_10' title='bbox 1022 605 1191 678; x_wconf 85' lang='lat' dir='ltr'>expensione</span> <span class='ocrx_word' id='word_1_11' title='bbox 1215 623 1271 662; x_wconf 89' lang='lat' dir='ltr'>non</span> <span class='ocrx_word' id='word_1_12' title='bbox 1294 605 1403 663; x_wconf 90' lang='lat' dir='ltr'>modica</span> <span class='ocrx_word' id='word_1_13' title='bbox 1419 608 1448 661; x_wconf 89' lang='lat' dir='ltr'>in</span> <span class='ocrx_word' id='word_1_14' title='bbox 1466 606 1583 663; x_wconf 83' lang='lat' dir='ltr'>diversis</span> 
     </span>
     <span class='ocr_line' id='line_1_3' title="bbox 342 693 1583 764; baseline 0.001 -15"><span class='ocrx_word' id='word_1_15' title='bbox 342 694 420 764; x_wconf 76' lang='lat' dir='ltr'>regni</span> <span class='ocrx_word' id='word_1_16' title='bbox 437 694 556 763; x_wconf 81' lang='lat' dir='ltr'>negotiis</span> <span class='ocrx_word' id='word_1_17' title='bbox 575 693 700 750; x_wconf 87' lang='lat' dir='ltr'>exhibuit</span> <span class='ocrx_word' id='word_1_18' title='bbox 726 694 880 764; x_wconf 81' lang='lat' dir='ltr'>attendens,</span> <span class='ocrx_word' id='word_1_19' title='bbox 899 693 1075 750; x_wconf 88' lang='lat' dir='ltr'>collationem</span> <span class='ocrx_word' id='word_1_20' title='bbox 1099 693 1224 750; x_wconf 85' lang='lat' dir='ltr'>eiusdem</span> <span class='ocrx_word' id='word_1_21' title='bbox 1246 699 1335 750; x_wconf 66' lang='lat' dir='ltr'>terrm</span> <span class='ocrx_word' id='word_1_22' title='bbox 1359 695 1531 750; x_wconf 83' lang='lat' dir='ltr'>confirmavit</span> <span class='ocrx_word' id='word_1_23' title='bbox 1554 701 1583 751; x_wconf 91' lang='lat' dir='ltr'>et</span> 
     </span>
     <span class='ocr_line' id='line_1_4' title="bbox 343 779 1581 852; baseline 0.001 -16"><span class='ocrx_word' id='word_1_24' title='bbox 343 781 446 836; x_wconf 89' lang='lat' dir='ltr'>exemit</span> <span class='ocrx_word' id='word_1_25' title='bbox 466 779 583 836; x_wconf 87' lang='lat' dir='ltr'>eandem</span> <span class='ocrx_word' id='word_1_26' title='bbox 607 781 643 836; x_wconf 82' lang='lat' dir='ltr'>ub</span> <span class='ocrx_word' id='word_1_27' title='bbox 661 781 737 837; x_wconf 90' lang='lat' dir='ltr'>omni</span> <span class='ocrx_word' id='word_1_28' title='bbox 760 780 855 838; x_wconf 88' lang='lat' dir='ltr'>debito</span> <span class='ocrx_word' id='word_1_29' title='bbox 879 785 908 836; x_wconf 89' lang='lat' dir='ltr'>et</span> <span class='ocrx_word' id='word_1_30' title='bbox 932 781 1047 837; x_wconf 82' lang='lat' dir='ltr'>servicio</span> <span class='ocrx_word' id='word_1_31' title='bbox 1071 783 1154 837; x_wconf 87' lang='lat' dir='ltr'>castri</span> <span class='ocrx_word' id='word_1_32' title='bbox 1178 780 1221 837; x_wconf 52' lang='lat' dir='ltr'>de*</span> <span class='ocrx_word' id='word_1_33' title='bbox 1237 781 1400 850; x_wconf 82' lang='lat' dir='ltr'>Moroncha,</span> <span class='ocrx_word' id='word_1_34' title='bbox 1422 781 1581 852; x_wconf 84' lang='lat' dir='ltr'>relinquens</span> 
     </span>
     <span class='ocr_line' id='line_1_5' title="bbox 343 867 1581 940; baseline 0 -16"><span class='ocrx_word' id='word_1_35' title='bbox 343 867 579 924; x_wconf 79' lang='lat' dir='ltr'>eundem&#39;terrsm</span> <span class='ocrx_word' id='word_1_36' title='bbox 596 867 651 940; x_wconf 92' lang='lat' dir='ltr'>ipsi</span> <span class='ocrx_word' id='word_1_37' title='bbox 668 869 761 924; x_wconf 89' lang='lat' dir='ltr'>comiti</span> <span class='ocrx_word' id='word_1_38' title='bbox 780 873 863 940; x_wconf 91' lang='lat' dir='ltr'>prout</span> <span class='ocrx_word' id='word_1_39' title='bbox 886 869 987 924; x_wconf 87' lang='lat' dir='ltr'>caeteri</span> <span class='ocrx_word' id='word_1_40' title='bbox 1011 868 1118 924; x_wconf 90' lang='lat' dir='ltr'>nobiles</span> <span class='ocrx_word' id='word_1_41' title='bbox 1141 869 1170 924; x_wconf 92' lang='lat' dir='ltr'>ln</span> <span class='ocrx_word' id='word_1_42' title='bbox 1197 867 1322 940; x_wconf 85' lang='lat' dir='ltr'>partibus</span> <span class='ocrx_word' id='word_1_43' title='bbox 1346 869 1418 924; x_wconf 88' lang='lat' dir='ltr'>ultra</span> <span class='ocrx_word' id='word_1_44' title='bbox 1442 868 1581 924; x_wconf 73' lang='lat' dir='ltr'>Draconis</span> 
     </span>
     <span class='ocr_line' id='line_1_6' title="bbox 344 955 1582 1030; baseline 0 -18"><span class='ocrx_word' id='word_1_45' title='bbox 344 956 487 1012; x_wconf 86' lang='lat' dir='ltr'>constituti</span> <span class='ocrx_word' id='word_1_46' title='bbox 513 960 600 1012; x_wconf 73' lang='lat' dir='ltr'>terrm</span> <span class='ocrx_word' id='word_1_47' title='bbox 618 971 714 1012; x_wconf 88' lang='lat' dir='ltr'>corum</span> <span class='ocrx_word' id='word_1_48' title='bbox 732 961 760 1012; x_wconf 87' lang='lat' dir='ltr'>et</span> <span class='ocrx_word' id='word_1_49' title='bbox 777 958 969 1030; x_wconf 85' lang='lat' dir='ltr'>possessiones</span> <span class='ocrx_word' id='word_1_50' title='bbox 987 955 1119 1026; x_wconf 78' lang='lat' dir='ltr'>detinent,</span> <span class='ocrx_word' id='word_1_51' title='bbox 1137 955 1223 1013; x_wconf 89' lang='lat' dir='ltr'>libere</span> <span class='ocrx_word' id='word_1_52' title='bbox 1240 955 1453 1028; x_wconf 70' lang='lat' dir='ltr'>possidendam</span> <span class='ocrx_word' id='word_1_53' title='bbox 1470 973 1534 1012; x_wconf 90' lang='lat' dir='ltr'>cum</span> <span class='ocrx_word' id='word_1_54' title='bbox 1554 963 1582 1012; x_wconf 89' lang='lat' dir='ltr'>et</span> 
     </span>
     <span class='ocr_line' id='line_1_7' title="bbox 344 1043 1582 1118; baseline 0.001 -20"><span class='ocrx_word' id='word_1_55' title='bbox 344 1045 437 1118; x_wconf 89' lang='lat' dir='ltr'>ipsum</span> <span class='ocrx_word' id='word_1_56' title='bbox 454 1043 584 1100; x_wconf 87' lang='lat' dir='ltr'>comitem</span> <span class='ocrx_word' id='word_1_57' title='bbox 601 1043 768 1100; x_wconf 87' lang='lat' dir='ltr'>Parohinnm</span> <span class='ocrx_word' id='word_1_58' title='bbox 794 1045 866 1100; x_wconf 88' lang='lat' dir='ltr'>inter</span> <span class='ocrx_word' id='word_1_59' title='bbox 889 1044 993 1116; x_wconf 88' lang='lat' dir='ltr'>primos</span> <span class='ocrx_word' id='word_1_60' title='bbox 1011 1050 1039 1100; x_wconf 90' lang='lat' dir='ltr'>et</span> <span class='ocrx_word' id='word_1_61' title='bbox 1057 1044 1226 1116; x_wconf 86' lang='lat' dir='ltr'>potentiores</span> <span class='ocrx_word' id='word_1_62' title='bbox 1244 1043 1322 1114; x_wconf 80' lang='lat' dir='ltr'>regni</span> <span class='ocrx_word' id='word_1_63' title='bbox 1340 1043 1447 1101; x_wconf 84' lang='lat' dir='ltr'>nobiles</span> <span class='ocrx_word' id='word_1_64' title='bbox 1464 1047 1582 1116; x_wconf 86' lang='lat' dir='ltr'>reputet.</span> 
     </span>
     <span class='ocr_line' id='line_1_8' title="bbox 343 1129 1581 1204; baseline 0.002 -18"><span class='ocrx_word' id='word_1_65' title='bbox 343 1131 449 1187; x_wconf 88' lang='lat' dir='ltr'>Datum</span> <span class='ocrx_word' id='word_1_66' title='bbox 467 1147 516 1204; x_wconf 90' lang='lat' dir='ltr'>per</span> <span class='ocrx_word' id='word_1_67' title='bbox 534 1147 633 1186; x_wconf 86' lang='lat' dir='ltr'>manua</span> <span class='ocrx_word' id='word_1_68' title='bbox 651 1131 776 1202; x_wconf 77' lang='lat' dir='ltr'>magistri</span> <span class='ocrx_word' id='word_1_69' title='bbox 794 1129 992 1203; x_wconf 71' lang='lat' dir='ltr'>strigoniensis</span> <span class='ocrx_word' id='word_1_70' title='bbox 1010 1131 1143 1188; x_wconf 88' lang='lat' dir='ltr'>ccclesiae</span> <span class='ocrx_word' id='word_1_71' title='bbox 1160 1133 1240 1188; x_wconf 89' lang='lat' dir='ltr'>electi</span> <span class='ocrx_word' id='word_1_72' title='bbox 1258 1131 1339 1188; x_wconf 87' lang='lat' dir='ltr'>aulae</span> <span class='ocrx_word' id='word_1_73' title='bbox 1357 1131 1581 1188; x_wconf 71' lang='lat' dir='ltr'>vicecancellarii.</span> 
     </span>
     <span class='ocr_line' id='line_1_9' title="bbox 344 1215 1582 1292; baseline -0.002 -18"><span class='ocrx_word' id='word_1_74' title='bbox 344 1218 536 1274; x_wconf 79' lang='lat' dir='ltr'>Existuntibus</span> <span class='ocrx_word' id='word_1_75' title='bbox 553 1217 683 1274; x_wconf 86' lang='lat' dir='ltr'>Jobsnno</span> <span class='ocrx_word' id='word_1_76' title='bbox 702 1218 858 1290; x_wconf 81' lang='lat' dir='ltr'>Spalatensi</span> <span class='ocrx_word' id='word_1_77' title='bbox 876 1215 1093 1292; x_wconf 85' lang='lat' dir='ltr'>archiepiscopo,¹</span> <span class='ocrx_word' id='word_1_78' title='bbox 1117 1219 1263 1276; x_wconf 78' lang='lat' dir='ltr'>Timotheo</span> <span class='ocrx_word' id='word_1_79' title='bbox 1287 1217 1466 1291; x_wconf 76' lang='lat' dir='ltr'>Zagrabiensi</span> <span class='ocrx_word' id='word_1_80' title='bbox 1489 1219 1582 1289; x_wconf 85' lang='lat' dir='ltr'>episc,</span> 
     </span>
     <span class='ocr_line' id='line_1_10' title="bbox 304 1304 1582 1384; baseline -0.001 -23"><span class='ocrx_word' id='word_1_81' title='bbox 304 1379 306 1384; x_wconf 23' lang='grc' dir='ltr'>Ι</span> <span class='ocrx_word' id='word_1_82' title='bbox 342 1305 473 1362; x_wconf 84' lang='lat' dir='ltr'>Johanne</span> <span class='ocrx_word' id='word_1_83' title='bbox 491 1306 564 1362; x_wconf 84' lang='lat' dir='ltr'>buno</span> <span class='ocrx_word' id='word_1_84' title='bbox 583 1307 669 1362; x_wconf 88' lang='lat' dir='ltr'>totius</span> <span class='ocrx_word' id='word_1_85' title='bbox 687 1305 843 1374; x_wconf 79' lang='lat' dir='ltr'>Slsroniae,</span> <span class='ocrx_word' id='word_1_86' title='bbox 861 1307 978 1363; x_wconf 86' lang='lat' dir='ltr'>Nicolso</span> <span class='ocrx_word' id='word_1_87' title='bbox 998 1305 1071 1363; x_wconf 86' lang='lat' dir='ltr'>bano</span> <span class='ocrx_word' id='word_1_88' title='bbox 1088 1307 1174 1362; x_wconf 85' lang='lat' dir='ltr'>totius</span> <span class='ocrx_word' id='word_1_89' title='bbox 1193 1305 1329 1374; x_wconf 72' lang='lat' dir='ltr'>croatiae,</span> <span class='ocrx_word' id='word_1_90' title='bbox 1348 1305 1436 1362; x_wconf 88' lang='lat' dir='ltr'>Paulo</span> <span class='ocrx_word' id='word_1_91' title='bbox 1454 1305 1527 1360; x_wconf 87' lang='lat' dir='ltr'>bano</span> <span class='ocrx_word' id='word_1_92' title='bbox 1546 1304 1582 1360; x_wconf 91' lang='lat' dir='ltr'>de</span> 
     </span>
     <span class='ocr_line' id='line_1_11' title="bbox 344 1392 1312 1466; baseline -0.001 -18"><span class='ocrx_word' id='word_1_93' title='bbox 344 1392 472 1462; x_wconf 74' lang='grc' dir='ltr'>Ζθιιιιιιο,</span> <span class='ocrx_word' id='word_1_94' title='bbox 490 1392 637 1450; x_wconf 90' lang='lat' dir='ltr'>Joachimo</span> <span class='ocrx_word' id='word_1_95' title='bbox 655 1394 788 1464; x_wconf 76' lang='lat' dir='ltr'>magistro</span> <span class='ocrx_word' id='word_1_96' title='bbox 806 1395 1007 1451; x_wconf 83' lang='lat' dir='ltr'>tavernicorum</span> <span class='ocrx_word' id='word_1_97' title='bbox 1021 1399 1050 1449; x_wconf 84' lang='lat' dir='ltr'>et</span> <span class='ocrx_word' id='word_1_98' title='bbox 1066 1395 1167 1450; x_wconf 78' lang='lat' dir='ltr'>comite</span> <span class='ocrx_word' id='word_1_99' title='bbox 1183 1393 1219 1450; x_wconf 89' lang='lat' dir='ltr'>de</span> <span class='ocrx_word' id='word_1_100' title='bbox 1237 1394 1312 1466; x_wconf 81' lang='lat' dir='ltr'>Plya.</span> 
     </span>
    </p>

    <p class='ocr_par' dir='ltr' id='par_1_3' title="bbox 344 1479 1584 1626">
     <span class='ocr_line' id='line_1_12' title="bbox 398 1479 1584 1552; baseline -0.001 -16"><span class='ocrx_word' id='word_1_101' title='bbox 398 1479 474 1550; x_wconf 60' lang='grc' dir='ltr'>Θήρ.</span> <span class='ocrx_word' id='word_1_102' title='bbox 501 1482 615 1536; x_wconf 64' lang='lat' dir='ltr'>memb.</span> <span class='ocrx_word' id='word_1_103' title='bbox 642 1482 674 1536; x_wconf 78' lang='lat' dir='ltr'>in</span> <span class='ocrx_word' id='word_1_104' title='bbox 701 1482 772 1538; x_wconf 79' lang='lat' dir='ltr'>cotis</span> <span class='ocrx_word' id='word_1_105' title='bbox 797 1497 848 1552; x_wconf 80' lang='lat' dir='ltr'>per</span> <span class='ocrx_word' id='word_1_106' title='bbox 874 1482 976 1537; x_wconf 78' lang='lat' dir='ltr'>honum</span> <span class='ocrx_word' id='word_1_107' title='bbox 1002 1481 1280 1552; x_wconf 69' lang='lat' dir='ltr'>Rheso-Hedrrccrp</span> <span class='ocrx_word' id='word_1_108' title='bbox 1307 1497 1341 1536; x_wconf 81' lang='lat' dir='ltr'>ec</span> <span class='ocrx_word' id='word_1_109' title='bbox 1367 1481 1478 1538; x_wconf 81' lang='lat' dir='ltr'>archivo</span> <span class='ocrx_word' id='word_1_110' title='bbox 1504 1479 1584 1550; x_wconf 71' lang='lat' dir='ltr'>reperi</span> 
     </span>
     <span class='ocr_line' id='line_1_13' title="bbox 344 1567 1228 1626; baseline -0.001 -4"><span class='ocrx_word' id='word_1_111' title='bbox 344 1567 456 1624; x_wconf 82' lang='lat' dir='ltr'>ablotis.</span> <span class='ocrx_word' id='word_1_112' title='bbox 474 1569 513 1626; x_wconf 89' lang='lat' dir='ltr'>N.</span> <span class='ocrx_word' id='word_1_113' title='bbox 530 1569 566 1624; x_wconf 72' lang='grc' dir='ltr'>Β.</span> <span class='ocrx_word' id='word_1_114' title='bbox 585 1569 616 1623; x_wconf 80' lang='lat' dir='ltr'>A.</span> <span class='ocrx_word' id='word_1_115' title='bbox 635 1571 716 1624; x_wconf 79' lang='lat' dir='ltr'>Fuso.</span> <span class='ocrx_word' id='word_1_116' title='bbox 736 1572 812 1626; x_wconf 82' lang='lat'><strong><em>1532.</em></strong></span> <span class='ocrx_word' id='word_1_117' title='bbox 831 1572 864 1624; x_wconf 87' lang='lat' dir='ltr'>N.</span> <span class='ocrx_word' id='word_1_118' title='bbox 883 1573 923 1624; x_wconf 83' lang='lat'>31.</span> <span class='ocrx_word' id='word_1_119' title='bbox 1224 1575 1228 1584; x_wconf 90' lang='grc'><strong>’</strong></span> 
     </span>
    </p>
   </div>
   <div class='ocr_carea' id='block_1_3' title="bbox 344 1707 1585 2318">
    <p class='ocr_par' dir='ltr' id='par_1_4' title="bbox 344 1707 1585 2318">
     <span class='ocr_line' id='line_1_14' title="bbox 396 1707 1583 1779; baseline 0.002 -17"><span class='ocrx_word' id='word_1_120' title='bbox 396 1707 561 1764; x_wconf 82' lang='lat' dir='ltr'>MCLVIIL</span> <span class='ocrx_word' id='word_1_121' title='bbox 584 1707 693 1763; x_wconf 84' lang='lat' dir='ltr'>Datum</span> <span class='ocrx_word' id='word_1_122' title='bbox 717 1707 749 1764; x_wconf 81' lang='lat' dir='ltr'>in</span> <span class='ocrx_word' id='word_1_123' title='bbox 771 1717 862 1764; x_wconf 76' lang='lat' dir='ltr'>casco</span> <span class='ocrx_word' id='word_1_124' title='bbox 882 1707 1118 1766; x_wconf 85' lang='lat' dir='ltr'>Budensi.1275.</span> <span class='ocrx_word' id='word_1_125' title='bbox 1138 1711 1181 1765; x_wconf 85' lang='lat'>12.</span> <span class='ocrx_word' id='word_1_126' title='bbox 1199 1709 1327 1779; x_wconf 81' lang='lat' dir='ltr'>Aupueti.</span> <span class='ocrx_word' id='word_1_127' title='bbox 1344 1707 1498 1764; x_wconf 79' lang='lat' dir='ltr'>Joaehinus</span> <span class='ocrx_word' id='word_1_128' title='bbox 1524 1725 1583 1764; x_wconf 84' lang='lat' dir='ltr'>ms·</span> 
     </span>
     <span class='ocr_line' id='line_1_15' title="bbox 344 1795 1583 1868; baseline 0.002 -18"><span class='ocrx_word' id='word_1_129' title='bbox 344 1797 430 1866; x_wconf 80' lang='lat' dir='ltr'>gister</span> <span class='ocrx_word' id='word_1_130' title='bbox 454 1796 655 1851; x_wconf 67' lang='lat' dir='ltr'>mveruicorum</span> <span class='ocrx_word' id='word_1_131' title='bbox 672 1796 746 1866; x_wconf 73' lang='lat' dir='ltr'>regis</span> <span class='ocrx_word' id='word_1_132' title='bbox 773 1801 801 1851; x_wconf 90' lang='lat' dir='ltr'>et</span> <span class='ocrx_word' id='word_1_133' title='bbox 824 1811 918 1852; x_wconf 88' lang='lat' dir='ltr'>comes</span> <span class='ocrx_word' id='word_1_134' title='bbox 950 1795 985 1852; x_wconf 91' lang='lat' dir='ltr'>de</span> <span class='ocrx_word' id='word_1_135' title='bbox 1007 1795 1116 1851; x_wconf 79' lang='lat' dir='ltr'>Baraba</span> <span class='ocrx_word' id='word_1_136' title='bbox 1140 1800 1168 1850; x_wconf 88' lang='lat' dir='ltr'>at</span> <span class='ocrx_word' id='word_1_137' title='bbox 1190 1795 1225 1852; x_wconf 90' lang='lat' dir='ltr'>de</span> <span class='ocrx_word' id='word_1_138' title='bbox 1248 1795 1314 1868; x_wconf 84' lang='lat' dir='ltr'>Plys</span> <span class='ocrx_word' id='word_1_139' title='bbox 1338 1795 1482 1866; x_wconf 84' lang='lat' dir='ltr'>significat,</span> <span class='ocrx_word' id='word_1_140' title='bbox 1506 1795 1583 1866; x_wconf 91' lang='lat' dir='ltr'>quod</span> 
     </span>
     <span class='ocr_line' id='line_1_16' title="bbox 346 1881 1584 1956; baseline 0 -18"><span class='ocrx_word' id='word_1_141' title='bbox 346 1881 473 1938; x_wconf 73' lang='lat' dir='ltr'>enheas</span> <span class='ocrx_word' id='word_1_142' title='bbox 492 1883 624 1952; x_wconf 74' lang='lat' dir='ltr'>magister</span> <span class='ocrx_word' id='word_1_143' title='bbox 640 1883 843 1938; x_wconf 67' lang='lat' dir='ltr'>tavmmcorum</span> <span class='ocrx_word' id='word_1_144' title='bbox 860 1883 997 1938; x_wconf 84' lang='lat' dir='ltr'>Timothei</span> <span class='ocrx_word' id='word_1_145' title='bbox 1015 1883 1139 1956; x_wconf 78' lang='lat' dir='ltr'>episcopi</span> <span class='ocrx_word' id='word_1_146' title='bbox 1157 1883 1275 1953; x_wconf 78' lang='lat' dir='ltr'>Zagrab.</span> <span class='ocrx_word' id='word_1_147' title='bbox 1294 1883 1469 1940; x_wconf 86' lang='lat' dir='ltr'>vicedomini</span> <span class='ocrx_word' id='word_1_148' title='bbox 1488 1884 1530 1938; x_wconf 87' lang='lat' dir='ltr'>aui</span> <span class='ocrx_word' id='word_1_149' title='bbox 1554 1888 1584 1938; x_wconf 92' lang='lat' dir='ltr'>et</span> 
     </span>
     <span class='ocr_line' id='line_1_17' title="bbox 344 1959 1583 2043; baseline 0 -17"><span class='ocrx_word' id='word_1_150' title='bbox 344 1969 458 2041; x_wconf 82' lang='lat' dir='ltr'>capituli</span> <span class='ocrx_word' id='word_1_151' title='bbox 473 1959 651 2026; x_wconf 84' lang='lat' dir='ltr'>&#39;exhibuisset</span> <span class='ocrx_word' id='word_1_152' title='bbox 667 1969 773 2025; x_wconf 86' lang='lat' dir='ltr'>litteras</span> <span class='ocrx_word' id='word_1_153' title='bbox 791 1969 914 2026; x_wconf 83' lang='lat' dir='ltr'>Ladislai</span> <span class='ocrx_word' id='word_1_154' title='bbox 935 1972 1009 2042; x_wconf 83' lang='lat' dir='ltr'>regie</span> <span class='ocrx_word' id='word_1_155' title='bbox 1027 1987 1111 2043; x_wconf 84' lang='lat' dir='ltr'>super</span> <span class='ocrx_word' id='word_1_156' title='bbox 1127 1969 1201 2028; x_wconf 85' lang='lat' dir='ltr'>iscto</span> <span class='ocrx_word' id='word_1_157' title='bbox 1219 1970 1351 2028; x_wconf 70' lang='lat' dir='ltr'>collectae</span> <span class='ocrx_word' id='word_1_158' title='bbox 1369 1975 1475 2042; x_wconf 88' lang='lat' dir='ltr'>septem</span> <span class='ocrx_word' id='word_1_159' title='bbox 1497 1970 1583 2027; x_wconf 84' lang='lat' dir='ltr'>dena·</span> 
     </span>
     <span class='ocr_line' id='line_1_18' title="bbox 344 2057 1583 2131; baseline 0.002 -19"><span class='ocrx_word' id='word_1_160' title='bbox 344 2057 447 2113; x_wconf 87' lang='lat' dir='ltr'>riorum</span> <span class='ocrx_word' id='word_1_161' title='bbox 466 2057 607 2114; x_wconf 75' lang='lat' dir='ltr'>bonolium</span> <span class='ocrx_word' id='word_1_162' title='bbox 626 2064 757 2128; x_wconf 88' lang='lat' dir='ltr'>exparte</span> <span class='ocrx_word' id='word_1_163' title='bbox 781 2058 904 2129; x_wconf 77' lang='lat' dir='ltr'>episcopi</span> <span class='ocrx_word' id='word_1_164' title='bbox 922 2064 950 2114; x_wconf 88' lang='lat' dir='ltr'>et</span> <span class='ocrx_word' id='word_1_165' title='bbox 967 2059 1050 2131; x_wconf 88' lang='lat' dir='ltr'>capit.</span> <span class='ocrx_word' id='word_1_166' title='bbox 1070 2059 1297 2130; x_wconf 80' lang='lat' dir='ltr'>provenientium,</span> <span class='ocrx_word' id='word_1_167' title='bbox 1316 2059 1344 2113; x_wconf 93' lang='lat' dir='ltr'>in</span> <span class='ocrx_word' id='word_1_168' title='bbox 1362 2059 1465 2130; x_wconf 84' lang='lat' dir='ltr'>quibus</span> <span class='ocrx_word' id='word_1_169' title='bbox 1483 2057 1583 2114; x_wconf 88' lang='lat' dir='ltr'>litteris</span> 
     </span>
     <span class='ocr_line' id='line_1_19' title="bbox 345 2143 1584 2218; baseline 0.002 -18"><span class='ocrx_word' id='word_1_170' title='bbox 345 2143 460 2200; x_wconf 85' lang='lat' dir='ltr'>mundat</span> <span class='ocrx_word' id='word_1_171' title='bbox 483 2145 565 2212; x_wconf 84' lang='lat' dir='ltr'>bano,</span> <span class='ocrx_word' id='word_1_172' title='bbox 590 2151 621 2199; x_wconf 85' lang='lat' dir='ltr'>ut</span> <span class='ocrx_word' id='word_1_173' title='bbox 644 2149 768 2200; x_wconf 87' lang='lat' dir='ltr'>tenorem</span> <span class='ocrx_word' id='word_1_174' title='bbox 790 2145 998 2218; x_wconf 81' lang='lat' dir='ltr'>privilegiorum</span> <span class='ocrx_word' id='word_1_175' title='bbox 1021 2162 1118 2217; x_wconf 77' lang='lat' dir='ltr'>regum</span> <span class='ocrx_word' id='word_1_176' title='bbox 1136 2146 1219 2202; x_wconf 82' lang='lat' dir='ltr'>Belse</span> <span class='ocrx_word' id='word_1_177' title='bbox 1237 2151 1265 2202; x_wconf 88' lang='lat' dir='ltr'>et</span> <span class='ocrx_word' id='word_1_178' title='bbox 1283 2145 1418 2218; x_wconf 74' lang='lat' dir='ltr'>Stephani</span> <span class='ocrx_word' id='word_1_179' title='bbox 1441 2150 1533 2201; x_wconf 82' lang='lat' dir='ltr'>serrat</span> <span class='ocrx_word' id='word_1_180' title='bbox 1555 2151 1584 2202; x_wconf 87' lang='lat' dir='ltr'>et</span> 
     </span>
     <span class='ocr_line' id='line_1_20' title="bbox 344 2229 1585 2318; baseline 0.001 -31"><span class='ocrx_word' id='word_1_181' title='bbox 344 2249 394 2304; x_wconf 90' lang='lat' dir='ltr'>per</span> <span class='ocrx_word' id='word_1_182' title='bbox 411 2237 555 2288; x_wconf 74' lang='lat' dir='ltr'>exactores</span> <span class='ocrx_word' id='word_1_183' title='bbox 572 2229 656 2286; x_wconf 86' lang='lat' dir='ltr'>iaciat</span> <span class='ocrx_word' id='word_1_184' title='bbox 671 2231 821 2288; x_wconf 81' lang='lat' dir='ltr'>observari.</span> <span class='ocrx_word' id='word_1_185' title='bbox 839 2233 933 2290; x_wconf 85' lang='lat' dir='ltr'>Barrus</span> <span class='ocrx_word' id='word_1_186' title='bbox 952 2234 1035 2304; x_wconf 76' lang='lat' dir='ltr'>igitur</span> <span class='ocrx_word' id='word_1_187' title='bbox 1052 2249 1070 2288; x_wconf 88' lang='lat' dir='ltr'>a</span> <span class='ocrx_word' id='word_1_188' title='bbox 1087 2231 1162 2289; x_wconf 86' lang='lat' dir='ltr'>dicta</span> <span class='ocrx_word' id='word_1_189' title='bbox 1180 2235 1323 2289; x_wconf 85' lang='lat' dir='ltr'>exactione</span> <span class='ocrx_word' id='word_1_190' title='bbox 1335 2233 1447 2290; x_wconf 89' lang='lat' dir='ltr'>omnino</span> <span class='ocrx_word' id='word_1_191' title='bbox 1465 2233 1585 2318; x_wconf 56' lang='lat' dir='ltr'>cesserit</span> 
     </span>
    </p>
   </div>
   <div class='ocr_carea' id='block_1_4' title="bbox 345 2317 917 2476">
    <p class='ocr_par' dir='ltr' id='par_1_5' title="bbox 345 2317 917 2476">
     <span class='ocr_line' id='line_1_21' title="bbox 345 2317 684 2376; baseline -0.009 -1"><span class='ocrx_word' id='word_1_192' title='bbox 345 2325 373 2376; x_wconf 89' lang='lat' dir='ltr'>et</span> <span class='ocrx_word' id='word_1_193' title='bbox 390 2318 470 2374; x_wconf 90' lang='lat' dir='ltr'>duxit</span> <span class='ocrx_word' id='word_1_194' title='bbox 487 2317 684 2376; x_wconf 90' lang='lat' dir='ltr'>desistendum.</span> 
     </span>
     <span class='ocr_line' id='line_1_22' title="bbox 399 2405 917 2476; baseline 0 -15"><span class='ocrx_word' id='word_1_195' title='bbox 399 2405 526 2462; x_wconf 67' lang='lat' dir='ltr'>amice:</span> <span class='ocrx_word' id='word_1_196' title='bbox 543 2409 619 2462; x_wconf 80' lang='lat' dir='ltr'>Mon.</span> <span class='ocrx_word' id='word_1_197' title='bbox 635 2406 699 2462; x_wconf 76' lang='lat' dir='ltr'>hist.</span> <span class='ocrx_word' id='word_1_198' title='bbox 720 2408 747 2460; x_wconf 82' lang='grc' dir='ltr'>Τ.</span> <span class='ocrx_word' id='word_1_199' title='bbox 766 2407 789 2462; x_wconf 90' lang='lat' dir='ltr'>l.</span> <span class='ocrx_word' id='word_1_200' title='bbox 804 2423 835 2476; x_wconf 86' lang='lat' dir='ltr'>p.</span> <span class='ocrx_word' id='word_1_201' title='bbox 854 2411 917 2462; x_wconf 83' lang='lat'><strong><em>177.</em></strong></span> 
     </span>
    </p>
   </div>
   <div class='ocr_carea' id='block_1_5' title="bbox 345 2545 1587 3231">
    <p class='ocr_par' dir='ltr' id='par_1_6' title="bbox 345 2545 1587 3058">
     <span class='ocr_line' id='line_1_23' title="bbox 397 2545 1584 2620; baseline 0.003 -18"><span class='ocrx_word' id='word_1_202' title='bbox 397 2545 816 2620; x_wconf 80' lang='lat' dir='ltr'>MOLIX.Zsprsbiae.1275.</span> <span class='ocrx_word' id='word_1_203' title='bbox 836 2551 881 2601; x_wconf 86' lang='lat'>25.</span> <span class='ocrx_word' id='word_1_204' title='bbox 898 2547 1025 2618; x_wconf 73' lang='lat' dir='ltr'>Aupmti.</span> <span class='ocrx_word' id='word_1_205' title='bbox 1046 2546 1190 2604; x_wconf 85' lang='lat' dir='ltr'>Johennes</span> <span class='ocrx_word' id='word_1_206' title='bbox 1213 2546 1303 2602; x_wconf 84' lang='lat' dir='ltr'>bunos</span> <span class='ocrx_word' id='word_1_207' title='bbox 1325 2549 1411 2604; x_wconf 91' lang='lat' dir='ltr'>totius</span> <span class='ocrx_word' id='word_1_208' title='bbox 1429 2547 1584 2605; x_wconf 84' lang='lat' dir='ltr'>&#39;Slavoniae</span> 
     </span>
     <span class='ocr_line' id='line_1_24' title="bbox 347 2634 1585 2707; baseline 0.001 -17"><span class='ocrx_word' id='word_1_209' title='bbox 347 2651 404 2690; x_wconf 85' lang='lat' dir='ltr'>unu</span> <span class='ocrx_word' id='word_1_210' title='bbox 422 2651 485 2690; x_wconf 91' lang='lat' dir='ltr'>cum</span> <span class='ocrx_word' id='word_1_211' title='bbox 504 2636 628 2707; x_wconf 89' lang='lat' dir='ltr'>capitulo</span> <span class='ocrx_word' id='word_1_212' title='bbox 650 2635 812 2691; x_wconf 85' lang='lat' dir='ltr'>Ohasmenei</span> <span class='ocrx_word' id='word_1_213' title='bbox 836 2640 864 2690; x_wconf 86' lang='lat' dir='ltr'>et</span> <span class='ocrx_word' id='word_1_214' title='bbox 887 2635 1009 2692; x_wconf 72' lang='lat' dir='ltr'>mnino</span> <span class='ocrx_word' id='word_1_215' title='bbox 1031 2636 1130 2692; x_wconf 87' lang='lat' dir='ltr'>comite</span> <span class='ocrx_word' id='word_1_216' title='bbox 1155 2634 1287 2692; x_wconf 84' lang='lat' dir='ltr'>Orisiensi</span> <span class='ocrx_word' id='word_1_217' title='bbox 1310 2641 1483 2706; x_wconf 83' lang='lat' dir='ltr'>attestantur,</span> <span class='ocrx_word' id='word_1_218' title='bbox 1507 2635 1585 2706; x_wconf 88' lang='lat' dir='ltr'>quod</span> 
     </span>
     <span class='ocr_line' id='line_1_25' title="bbox 346 2719 1584 2795; baseline 0.002 -19"><span class='ocrx_word' id='word_1_219' title='bbox 346 2721 427 2777; x_wconf 81' lang='lat' dir='ltr'>Benlr</span> <span class='ocrx_word' id='word_1_220' title='bbox 446 2721 519 2777; x_wconf 88' lang='lat' dir='ltr'>filius</span> <span class='ocrx_word' id='word_1_221' title='bbox 542 2722 692 2793; x_wconf 83' lang='lat' dir='ltr'>Moyrlauy</span> <span class='ocrx_word' id='word_1_222' title='bbox 709 2739 727 2778; x_wconf 88' lang='lat' dir='ltr'>a</span> <span class='ocrx_word' id='word_1_223' title='bbox 744 2728 822 2794; x_wconf 83' lang='lat' dir='ltr'>parte</span> <span class='ocrx_word' id='word_1_224' title='bbox 841 2739 904 2791; x_wconf 90' lang='lat' dir='ltr'>una,</span> <span class='ocrx_word' id='word_1_225' title='bbox 923 2723 1067 2795; x_wconf 80' lang='lat' dir='ltr'>Woynech</span> <span class='ocrx_word' id='word_1_226' title='bbox 1086 2728 1113 2778; x_wconf 87' lang='lat' dir='ltr'>ct</span> <span class='ocrx_word' id='word_1_227' title='bbox 1130 2719 1252 2778; x_wconf 79' lang='lat' dir='ltr'>Thomas</span> <span class='ocrx_word' id='word_1_228' title='bbox 1274 2721 1324 2778; x_wconf 88' lang='lat' dir='ltr'>filii</span> <span class='ocrx_word' id='word_1_229' title='bbox 1341 2723 1453 2778; x_wconf 84' lang='lat' dir='ltr'>Martini</span> <span class='ocrx_word' id='word_1_230' title='bbox 1478 2739 1528 2795; x_wconf 86' lang='lat' dir='ltr'>pro</span> <span class='ocrx_word' id='word_1_231' title='bbox 1552 2739 1584 2780; x_wconf 88' lang='lat' dir='ltr'>se</span> 
     </span>
     <span class='ocr_line' id='line_1_26' title="bbox 345 2807 1587 2882; baseline 0.002 -18"><span class='ocrx_word' id='word_1_232' title='bbox 345 2815 373 2864; x_wconf 90' lang='lat' dir='ltr'>et</span> <span class='ocrx_word' id='word_1_233' title='bbox 400 2809 561 2866; x_wconf 81' lang='lat' dir='ltr'>Alexandro</span> <span class='ocrx_word' id='word_1_234' title='bbox 588 2808 671 2864; x_wconf 78' lang='lat' dir='ltr'>frabe</span> <span class='ocrx_word' id='word_1_235' title='bbox 689 2825 741 2866; x_wconf 89' lang='lat' dir='ltr'>suo</span> <span class='ocrx_word' id='word_1_236' title='bbox 759 2808 874 2866; x_wconf 87' lang='lat' dir='ltr'>absente</span> <span class='ocrx_word' id='word_1_237' title='bbox 901 2815 980 2882; x_wconf 84' lang='lat' dir='ltr'>purte</span> <span class='ocrx_word' id='word_1_238' title='bbox 1007 2826 1041 2865; x_wconf 89' lang='lat' dir='ltr'>ex</span> <span class='ocrx_word' id='word_1_239' title='bbox 1069 2810 1164 2880; x_wconf 85' lang='lat' dir='ltr'>altera,</span> <span class='ocrx_word' id='word_1_240' title='bbox 1193 2807 1313 2865; x_wconf 79' lang='lat' dir='ltr'>confossi</span> <span class='ocrx_word' id='word_1_241' title='bbox 1341 2815 1405 2868; x_wconf 83' lang='lat' dir='ltr'>eunt</span> <span class='ocrx_word' id='word_1_242' title='bbox 1423 2811 1587 2882; x_wconf 86' lang='lat' dir='ltr'>particulam</span> 
     </span>
     <span class='ocr_line' id='line_1_27' title="bbox 346 2895 1586 2970; baseline 0 -18"><span class='ocrx_word' id='word_1_243' title='bbox 346 2903 435 2953; x_wconf 76' lang='lat' dir='ltr'>terroe</span> <span class='ocrx_word' id='word_1_244' title='bbox 453 2913 548 2953; x_wconf 87' lang='lat' dir='ltr'>eorum</span> <span class='ocrx_word' id='word_1_245' title='bbox 566 2897 637 2952; x_wconf 82' lang='lat' dir='ltr'>lotor</span> <span class='ocrx_word' id='word_1_246' title='bbox 654 2895 754 2953; x_wconf 79' lang='lat' dir='ltr'>flavios</span> <span class='ocrx_word' id='word_1_247' title='bbox 772 2897 893 2968; x_wconf 84' lang='lat' dir='ltr'>Mosyna</span> <span class='ocrx_word' id='word_1_248' title='bbox 911 2903 939 2953; x_wconf 89' lang='lat' dir='ltr'>et</span> <span class='ocrx_word' id='word_1_249' title='bbox 955 2897 1062 2970; x_wconf 80' lang='lat' dir='ltr'>Zelnyh</span> <span class='ocrx_word' id='word_1_250' title='bbox 1086 2897 1250 2952; x_wconf 79' lang='lat' dir='ltr'>existentem</span> <span class='ocrx_word' id='word_1_251' title='bbox 1275 2895 1364 2953; x_wconf 90' lang='lat' dir='ltr'>eidem</span> <span class='ocrx_word' id='word_1_252' title='bbox 1382 2897 1463 2954; x_wconf 87' lang='lat' dir='ltr'>Banlr</span> <span class='ocrx_word' id='word_1_253' title='bbox 1480 2903 1508 2954; x_wconf 92' lang='lat' dir='ltr'>et</span> <span class='ocrx_word' id='word_1_254' title='bbox 1526 2897 1586 2953; x_wconf 87' lang='lat' dir='ltr'>auis</span> 
     </span>
     <span class='ocr_line' id='line_1_28' title="bbox 346 2984 1488 3058; baseline 0.001 -18"><span class='ocrx_word' id='word_1_255' title='bbox 346 2984 512 3040; x_wconf 76' lang='lat' dir='ltr'>haeredibus</span> <span class='ocrx_word' id='word_1_256' title='bbox 530 3001 581 3058; x_wconf 90' lang='lat' dir='ltr'>pro</span> <span class='ocrx_word' id='word_1_257' title='bbox 600 2985 810 3056; x_wconf 88' lang='lat' dir='ltr'>quatuordecim</span> <span class='ocrx_word' id='word_1_258' title='bbox 828 2987 927 3042; x_wconf 89' lang='lat' dir='ltr'>marcis</span> <span class='ocrx_word' id='word_1_259' title='bbox 945 2985 1120 3042; x_wconf 86' lang='lat' dir='ltr'>denariorum</span> <span class='ocrx_word' id='word_1_260' title='bbox 1140 2989 1273 3056; x_wconf 84' lang='lat' dir='ltr'>perpetuo</span> <span class='ocrx_word' id='word_1_261' title='bbox 1292 2984 1456 3041; x_wconf 79' lang='lat' dir='ltr'>vendidisse.</span> <span class='ocrx_word' id='word_1_262' title='bbox 1486 3045 1488 3052; x_wconf 59' lang='grc'>,</span> 
     </span>
    </p>

    <p class='ocr_par' dir='ltr' id='par_1_7' title="bbox 350 3071 1586 3231">
     <span class='ocr_line' id='line_1_29' title="bbox 399 3071 1586 3142; baseline 0.001 -15"><span class='ocrx_word' id='word_1_263' title='bbox 399 3073 444 3127; x_wconf 81' lang='lat' dir='ltr'>Ec</span> <span class='ocrx_word' id='word_1_264' title='bbox 461 3072 564 3128; x_wconf 80' lang='lat' dir='ltr'>litteris</span> <span class='ocrx_word' id='word_1_265' title='bbox 581 3073 711 3142; x_wconf 72' lang='lat' dir='ltr'>mopistri</span> <span class='ocrx_word' id='word_1_266' title='bbox 738 3073 857 3128; x_wconf 65' lang='lat' dir='ltr'>nomae</span> <span class='ocrx_word' id='word_1_267' title='bbox 882 3074 1007 3130; x_wconf 79' lang='lat' dir='ltr'>cicebuni</span> <span class='ocrx_word' id='word_1_268' title='bbox 1025 3079 1051 3128; x_wconf 83' lang='lat' dir='ltr'>ei</span> <span class='ocrx_word' id='word_1_269' title='bbox 1069 3073 1177 3130; x_wconf 82' lang='lat' dir='ltr'>comilis</span> <span class='ocrx_word' id='word_1_270' title='bbox 1197 3071 1343 3128; x_wconf 77' lang='lat' dir='ltr'>Orieienair</span> <span class='ocrx_word' id='word_1_271' title='bbox 1360 3072 1394 3128; x_wconf 83' lang='lat' dir='ltr'>dc</span> <span class='ocrx_word' id='word_1_272' title='bbox 1411 3091 1438 3129; x_wconf 88' lang='lat' dir='ltr'>o.</span> <span class='ocrx_word' id='word_1_273' title='bbox 1457 3076 1535 3129; x_wconf 82' lang='lat'><strong><em>1393.</em></strong></span> <span class='ocrx_word' id='word_1_274' title='bbox 1553 3073 1586 3128; x_wconf 79' lang='lat' dir='ltr'>io</span> 
     </span>
     <span class='ocr_line' id='line_1_30' title="bbox 350 3159 1584 3231; baseline 0.001 -16"><span class='ocrx_word' id='word_1_275' title='bbox 350 3159 449 3230; x_wconf 77' lang='lat' dir='ltr'>quibes</span> <span class='ocrx_word' id='word_1_276' title='bbox 467 3159 645 3216; x_wconf 71' lang='lat' dir='ltr'>metiamtur</span> <span class='ocrx_word' id='word_1_277' title='bbox 664 3159 760 3216; x_wconf 80' lang='lat' dir='ltr'>literae</span> <span class='ocrx_word' id='word_1_278' title='bbox 784 3160 922 3216; x_wconf 80' lang='lat' dir='ltr'>Ludooici</span> <span class='ocrx_word' id='word_1_279' title='bbox 946 3161 1018 3231; x_wconf 80' lang='lat' dir='ltr'>repis</span> <span class='ocrx_word' id='word_1_280' title='bbox 1036 3161 1069 3216; x_wconf 80' lang='lat' dir='ltr'>dc</span> <span class='ocrx_word' id='word_1_281' title='bbox 1087 3178 1113 3216; x_wconf 87' lang='lat' dir='ltr'>a.</span> <span class='ocrx_word' id='word_1_282' title='bbox 1133 3164 1209 3217; x_wconf 79' lang='lat'><strong><em>1363.</em></strong></span> <span class='ocrx_word' id='word_1_283' title='bbox 1230 3166 1256 3216; x_wconf 84' lang='lat' dir='ltr'>ct</span> <span class='ocrx_word' id='word_1_284' title='bbox 1281 3160 1394 3216; x_wconf 82' lang='lat' dir='ltr'>Murice</span> <span class='ocrx_word' id='word_1_285' title='bbox 1412 3161 1524 3230; x_wconf 72' lang='lat' dir='ltr'>recinas</span> <span class='ocrx_word' id='word_1_286' title='bbox 1550 3161 1584 3216; x_wconf 84' lang='lat' dir='ltr'>dc</span> 
     </span>
    </p>
   </div>
   <div class='ocr_carea' id='block_1_6' title="bbox 347 3247 1586 3390">
    <p class='ocr_par' dir='ltr' id='par_1_8' title="bbox 347 3247 1586 3390">
     <span class='ocr_line' id='line_1_31' title="bbox 347 3247 1586 3316; baseline 0 -14"><span class='ocrx_word' id='word_1_287' title='bbox 347 3263 374 3302; x_wconf 86' lang='lat' dir='ltr'>c.</span> <span class='ocrx_word' id='word_1_288' title='bbox 395 3250 464 3302; x_wconf 83' lang='lat'><strong><em>1390</em></strong></span> <span class='ocrx_word' id='word_1_289' title='bbox 486 3263 539 3316; x_wconf 80' lang='lat' dir='ltr'>pro</span> <span class='ocrx_word' id='word_1_290' title='bbox 557 3247 686 3303; x_wconf 77' lang='lat' dir='ltr'>Jobonnc</span> <span class='ocrx_word' id='word_1_291' title='bbox 711 3253 738 3303; x_wconf 82' lang='lat' dir='ltr'>et</span> <span class='ocrx_word' id='word_1_292' title='bbox 763 3247 873 3304; x_wconf 76' lang='lat' dir='ltr'>Mathia</span> <span class='ocrx_word' id='word_1_293' title='bbox 895 3249 1010 3304; x_wconf 81' lang='lat' dir='ltr'>Biescno</span> <span class='ocrx_word' id='word_1_294' title='bbox 1029 3247 1062 3303; x_wconf 78' lang='lat' dir='ltr'>de</span> <span class='ocrx_word' id='word_1_295' title='bbox 1080 3248 1158 3304; x_wconf 77' lang='lat' dir='ltr'>Nesd</span> <span class='ocrx_word' id='word_1_296' title='bbox 1176 3253 1328 3304; x_wconf 68' lang='lat' dir='ltr'>comnotus.</span> <span class='ocrx_word' id='word_1_297' title='bbox 1346 3277 1382 3289; x_wconf 89' lang='lat'><em>-</em></span> <span class='ocrx_word' id='word_1_298' title='bbox 1399 3249 1436 3304; x_wconf 80' lang='lat' dir='ltr'>In</span> <span class='ocrx_word' id='word_1_299' title='bbox 1454 3262 1513 3304; x_wconf 79' lang='lat' dir='ltr'>meu</span> <span class='ocrx_word' id='word_1_300' title='bbox 1531 3247 1586 3304; x_wconf 88' lang='lat' dir='ltr'>coi·</span> 
     </span>
     <span class='ocr_line' id='line_1_32' title="bbox 347 3333 470 3390; baseline 0.008 -2"><span class='ocrx_word' id='word_1_301' title='bbox 347 3333 470 3390; x_wconf 78' lang='lat' dir='ltr'>lectione.</span> 
     </span>
    </p>
   </div>
   <div class='ocr_carea' id='block_1_7' title="bbox 348 3473 1587 3634">
    <p class='ocr_par' dir='ltr' id='par_1_9' title="bbox 348 3473 1587 3634">
     <span class='ocr_line' id='line_1_33' title="bbox 400 3473 1587 3546; baseline -0.002 -16"><span class='ocrx_word' id='word_1_302' title='bbox 400 3473 804 3546; x_wconf 69' lang='lat' dir='ltr'>MOLX.7aprcbise.1275.</span> <span class='ocrx_word' id='word_1_303' title='bbox 824 3477 866 3530; x_wconf 83' lang='lat'>27.</span> <span class='ocrx_word' id='word_1_304' title='bbox 884 3473 1058 3544; x_wconf 77' lang='lat' dir='ltr'>Septembris.</span> <span class='ocrx_word' id='word_1_305' title='bbox 1077 3473 1147 3529; x_wconf 86' lang='lat' dir='ltr'>Inue</span> <span class='ocrx_word' id='word_1_306' title='bbox 1171 3489 1263 3528; x_wconf 87' lang='lat' dir='ltr'>comes</span> <span class='ocrx_word' id='word_1_307' title='bbox 1287 3473 1479 3545; x_wconf 79' lang='lat' dir='ltr'>Zagrsbiensia</span> <span class='ocrx_word' id='word_1_308' title='bbox 1503 3474 1587 3543; x_wconf 77' lang='lat' dir='ltr'>signi·</span> 
     </span>
     <span class='ocr_line' id='line_1_34' title="bbox 348 3559 1587 3634; baseline 0.002 -17"><span class='ocrx_word' id='word_1_309' title='bbox 348 3562 419 3628; x_wconf 70' lang='lat' dir='ltr'>ficet</span> <span class='ocrx_word' id='word_1_310' title='bbox 438 3560 512 3632; x_wconf 90' lang='lat' dir='ltr'>quod</span> <span class='ocrx_word' id='word_1_311' title='bbox 535 3561 580 3616; x_wconf 86' lang='lat' dir='ltr'>ille</span> <span class='ocrx_word' id='word_1_312' title='bbox 604 3579 655 3634; x_wconf 86' lang='lat' dir='ltr'>pro</span> <span class='ocrx_word' id='word_1_313' title='bbox 674 3567 754 3618; x_wconf 87' lang='lat' dir='ltr'>etex</span> <span class='ocrx_word' id='word_1_314' title='bbox 773 3567 852 3634; x_wconf 85' lang='lat' dir='ltr'>purte</span> <span class='ocrx_word' id='word_1_315' title='bbox 880 3560 1004 3618; x_wconf 85' lang='lat' dir='ltr'>Ladislai</span> <span class='ocrx_word' id='word_1_316' title='bbox 1030 3561 1113 3632; x_wconf 77' lang='lat' dir='ltr'>regis,</span> <span class='ocrx_word' id='word_1_317' title='bbox 1140 3561 1206 3616; x_wconf 91' lang='lat' dir='ltr'>item</span> <span class='ocrx_word' id='word_1_318' title='bbox 1233 3559 1298 3615; x_wconf 84' lang='lat' dir='ltr'>bani</span> <span class='ocrx_word' id='word_1_319' title='bbox 1325 3561 1410 3617; x_wconf 90' lang='lat' dir='ltr'>totius</span> <span class='ocrx_word' id='word_1_320' title='bbox 1437 3561 1587 3620; x_wconf 70' lang='lat' dir='ltr'>slavonice</span> 
     </span>
    </p>
   </div>
   <div class='ocr_carea' id='block_1_8' title="bbox 235 3645 1586 3720">
    <p class='ocr_par' dir='ltr' id='par_1_10' title="bbox 235 3645 1586 3720">
     <span class='ocr_line' id='line_1_35' title="bbox 235 3645 1586 3720; baseline 0 -16"><span class='ocrx_word' id='word_1_321' title='bbox 235 3661 240 3674; x_wconf 88' lang='lat'><strong>·</strong></span> <span class='ocrx_word' id='word_1_322' title='bbox 347 3649 445 3705; x_wconf 90' lang='lat' dir='ltr'>habuit</span> <span class='ocrx_word' id='word_1_323' title='bbox 462 3649 490 3704; x_wconf 89' lang='lat' dir='ltr'>in</span> <span class='ocrx_word' id='word_1_324' title='bbox 509 3649 647 3706; x_wconf 86' lang='lat' dir='ltr'>mandatis</span> <span class='ocrx_word' id='word_1_325' title='bbox 665 3656 765 3706; x_wconf 86' lang='lat' dir='ltr'>terram</span> <span class='ocrx_word' id='word_1_326' title='bbox 783 3650 890 3706; x_wconf 86' lang='lat' dir='ltr'>Kebela</span> <span class='ocrx_word' id='word_1_327' title='bbox 907 3645 1031 3720; x_wconf 83' lang='lat' dir='ltr'>(Kobila)</span> <span class='ocrx_word' id='word_1_328' title='bbox 1050 3665 1114 3704; x_wconf 89' lang='lat' dir='ltr'>cum</span> <span class='ocrx_word' id='word_1_329' title='bbox 1126 3647 1257 3704; x_wconf 84' lang='lat' dir='ltr'>omnibus</span> <span class='ocrx_word' id='word_1_330' title='bbox 1270 3647 1441 3720; x_wconf 85' lang='lat' dir='ltr'>appendiciis</span> <span class='ocrx_word' id='word_1_331' title='bbox 1460 3653 1488 3704; x_wconf 89' lang='lat' dir='ltr'>ct</span> <span class='ocrx_word' id='word_1_332' title='bbox 1505 3647 1586 3704; x_wconf 89' lang='lat' dir='ltr'>metis</span> 
     </span>
    </p>
   </div>
   <div class='ocr_carea' id='block_1_9' title="bbox 348 3733 1585 3809">
    <p class='ocr_par' dir='ltr' id='par_1_11' title="bbox 348 3733 1585 3809">
     <span class='ocr_line' id='line_1_36' title="bbox 348 3733 1585 3809; baseline -0.002 -16"><span class='ocrx_word' id='word_1_333' title='bbox 348 3737 482 3809; x_wconf 78' lang='lat' dir='ltr'>assignari</span> <span class='ocrx_word' id='word_1_334' title='bbox 507 3738 613 3794; x_wconf 82' lang='lat' dir='ltr'>civibus</span> <span class='ocrx_word' id='word_1_335' title='bbox 631 3737 666 3794; x_wconf 92' lang='lat' dir='ltr'>de</span> <span class='ocrx_word' id='word_1_336' title='bbox 692 3743 785 3794; x_wconf 92' lang='lat' dir='ltr'>monte</span> <span class='ocrx_word' id='word_1_337' title='bbox 812 3733 910 3805; x_wconf 75' lang='lat' dir='ltr'>Greci,</span> <span class='ocrx_word' id='word_1_338' title='bbox 930 3742 957 3792; x_wconf 90' lang='lat' dir='ltr'>et</span> <span class='ocrx_word' id='word_1_339' title='bbox 975 3737 1072 3792; x_wconf 86' lang='lat' dir='ltr'>statuit</span> <span class='ocrx_word' id='word_1_340' title='bbox 1095 3735 1171 3790; x_wconf 88' lang='lat' dir='ltr'>illam</span> <span class='ocrx_word' id='word_1_341' title='bbox 1194 3735 1263 3806; x_wconf 88' lang='lat' dir='ltr'>ipeie</span> <span class='ocrx_word' id='word_1_342' title='bbox 1286 3735 1345 3790; x_wconf 86' lang='lat' dir='ltr'>sine</span> <span class='ocrx_word' id='word_1_343' title='bbox 1368 3734 1585 3792; x_wconf 82' lang='lat' dir='ltr'>contradictione</span> 
     </span>
    </p>
   </div>
   <div class='ocr_carea' id='block_1_10' title="bbox 243 3821 1507 3896">
    <p class='ocr_par' dir='ltr' id='par_1_12' title="bbox 243 3821 1507 3896">
     <span class='ocr_line' id='line_1_37' title="bbox 243 3821 1507 3896; baseline -0.001 -15"><span class='ocrx_word' id='word_1_344' title='bbox 243 3885 248 3895; x_wconf 71' lang='grc'><em>,</em></span> <span class='ocrx_word' id='word_1_345' title='bbox 347 3841 440 3881; x_wconf 87' lang='lat' dir='ltr'>coram</span> <span class='ocrx_word' id='word_1_346' title='bbox 457 3825 615 3881; x_wconf 89' lang='lat' dir='ltr'>testimonio</span> <span class='ocrx_word' id='word_1_347' title='bbox 634 3824 748 3896; x_wconf 85' lang='lat' dir='ltr'>capituli</span> <span class='ocrx_word' id='word_1_348' title='bbox 765 3824 883 3894; x_wconf 79' lang='lat' dir='ltr'>Zagrab.</span> <span class='ocrx_word' id='word_1_349' title='bbox 902 3829 930 3880; x_wconf 90' lang='lat' dir='ltr'>et</span> <span class='ocrx_word' id='word_1_350' title='bbox 947 3823 1037 3880; x_wconf 90' lang='lat' dir='ltr'>Paulo</span> <span class='ocrx_word' id='word_1_351' title='bbox 1055 3823 1112 3878; x_wconf 90' lang='lat' dir='ltr'>filio</span> <span class='ocrx_word' id='word_1_352' title='bbox 1131 3821 1206 3878; x_wconf 89' lang='lat' dir='ltr'>Vida</span> <span class='ocrx_word' id='word_1_353' title='bbox 1224 3821 1361 3893; x_wconf 82' lang='lat' dir='ltr'>pristaldo</span> <span class='ocrx_word' id='word_1_354' title='bbox 1378 3824 1507 3880; x_wconf 88' lang='lat' dir='ltr'>terrestri.</span> 
     </span>
    </p>
   </div>
   <div class='ocr_carea' id='block_1_11' title="bbox 404 3911 1095 3982">
    <p class='ocr_par' dir='ltr' id='par_1_13' title="bbox 404 3911 1095 3982">
     <span class='ocr_line' id='line_1_38' title="bbox 404 3911 1095 3982; baseline -0.003 -16"><span class='ocrx_word' id='word_1_355' title='bbox 404 3912 527 3969; x_wconf 75' lang='lat' dir='ltr'>Thaidid:</span> <span class='ocrx_word' id='word_1_356' title='bbox 546 3913 623 3968; x_wconf 81' lang='grc' dir='ltr'>Μοιι.</span> <span class='ocrx_word' id='word_1_357' title='bbox 642 3913 693 3968; x_wconf 84' lang='lat' dir='ltr'>cio.</span> <span class='ocrx_word' id='word_1_358' title='bbox 711 3913 828 3982; x_wconf 84' lang='lat' dir='ltr'>Zaprcb.</span> <span class='ocrx_word' id='word_1_359' title='bbox 847 3911 900 3969; x_wconf 84' lang='lat' dir='ltr'>coi.</span> <span class='ocrx_word' id='word_1_360' title='bbox 917 3913 942 3967; x_wconf 88' lang='lat'>1.</span> <span class='ocrx_word' id='word_1_361' title='bbox 962 3912 1030 3968; x_wconf 86' lang='lat' dir='ltr'>Duc.</span> <span class='ocrx_word' id='word_1_362' title='bbox 1051 3915 1095 3965; x_wconf 83' lang='lat'>62.</span> 
     </span>
    </p>
   </div>
   <div class='ocr_carea' id='block_1_12' title="bbox 348 4049 1587 4372">
    <p class='ocr_par' dir='ltr' id='par_1_14' title="bbox 348 4049 1587 4372">
     <span class='ocr_line' id='line_1_39' title="bbox 400 4049 1587 4124; baseline 0.002 -18"><span class='ocrx_word' id='word_1_363' title='bbox 400 4052 533 4108; x_wconf 82' lang='lat' dir='ltr'>MOLXL</span> <span class='ocrx_word' id='word_1_364' title='bbox 553 4057 633 4108; x_wconf 84' lang='lat'><em>1275.</em></span> <span class='ocrx_word' id='word_1_365' title='bbox 653 4055 695 4109; x_wconf 84' lang='lat'>27.</span> <span class='ocrx_word' id='word_1_366' title='bbox 716 4051 848 4110; x_wconf 78' lang='lat' dir='ltr'>Octobris.</span> <span class='ocrx_word' id='word_1_367' title='bbox 872 4051 1019 4107; x_wconf 87' lang='lat' dir='ltr'>Ledislsus</span> <span class='ocrx_word' id='word_1_368' title='bbox 1037 4050 1090 4107; x_wconf 91' lang='lat' dir='ltr'>IV.</span> <span class='ocrx_word' id='word_1_369' title='bbox 1108 4067 1157 4108; x_wconf 88' lang='lat' dir='ltr'>rex</span> <span class='ocrx_word' id='word_1_370' title='bbox 1175 4056 1272 4108; x_wconf 89' lang='lat' dir='ltr'>notum</span> <span class='ocrx_word' id='word_1_371' title='bbox 1297 4051 1380 4120; x_wconf 47' lang='lat' dir='ltr'>iacit*</span> <span class='ocrx_word' id='word_1_372' title='bbox 1394 4049 1469 4124; x_wconf 88' lang='lat' dir='ltr'>quod</span> <span class='ocrx_word' id='word_1_373' title='bbox 1494 4050 1587 4108; x_wconf 80' lang='lat' dir='ltr'>Timo·</span> 
     </span>
     <span class='ocr_line' id='line_1_40' title="bbox 349 4138 1586 4213; baseline -0.001 -18"><span class='ocrx_word' id='word_1_374' title='bbox 349 4141 431 4196; x_wconf 88' lang='lat' dir='ltr'>theus</span> <span class='ocrx_word' id='word_1_375' title='bbox 449 4141 597 4213; x_wconf 90' lang='lat' dir='ltr'>episcopus</span> <span class='ocrx_word' id='word_1_376' title='bbox 615 4139 734 4210; x_wconf 80' lang='lat' dir='ltr'>Zagrab.</span> <span class='ocrx_word' id='word_1_377' title='bbox 752 4139 923 4194; x_wconf 82' lang='lat' dir='ltr'>exhibuisset</span> <span class='ocrx_word' id='word_1_378' title='bbox 940 4139 1045 4196; x_wconf 84' lang='lat' dir='ltr'>litteras</span> <span class='ocrx_word' id='word_1_379' title='bbox 1070 4138 1155 4194; x_wconf 85' lang='lat' dir='ltr'>Belae</span> <span class='ocrx_word' id='word_1_380' title='bbox 1179 4139 1252 4210; x_wconf 84' lang='lat' dir='ltr'>regia</span> <span class='ocrx_word' id='word_1_381' title='bbox 1275 4154 1358 4210; x_wconf 90' lang='lat' dir='ltr'>snper</span> <span class='ocrx_word' id='word_1_382' title='bbox 1380 4143 1453 4194; x_wconf 88' lang='lat' dir='ltr'>terra</span> <span class='ocrx_word' id='word_1_383' title='bbox 1471 4155 1493 4195; x_wconf 90' lang='lat' dir='ltr'>s.</span> <span class='ocrx_word' id='word_1_384' title='bbox 1511 4139 1586 4194; x_wconf 85' lang='lat' dir='ltr'>Mar-</span> 
     </span>
     <span class='ocr_line' id='line_1_41' title="bbox 348 4226 1586 4300; baseline 0.001 -18"><span class='ocrx_word' id='word_1_385' title='bbox 348 4227 398 4282; x_wconf 88' lang='lat' dir='ltr'>tini</span> <span class='ocrx_word' id='word_1_386' title='bbox 417 4226 465 4296; x_wconf 89' lang='lat' dir='ltr'>(de</span> <span class='ocrx_word' id='word_1_387' title='bbox 483 4226 590 4296; x_wconf 79' lang='lat' dir='ltr'>Varla)</span> <span class='ocrx_word' id='word_1_388' title='bbox 609 4227 756 4296; x_wconf 86' lang='lat' dir='ltr'>conlectus,</span> <span class='ocrx_word' id='word_1_389' title='bbox 776 4231 873 4299; x_wconf 88' lang='lat' dir='ltr'>petens</span> <span class='ocrx_word' id='word_1_390' title='bbox 891 4233 923 4282; x_wconf 90' lang='lat' dir='ltr'>nt</span> <span class='ocrx_word' id='word_1_391' title='bbox 941 4244 988 4284; x_wconf 87' lang='lat' dir='ltr'>eas</span> <span class='ocrx_word' id='word_1_392' title='bbox 1010 4227 1172 4298; x_wconf 74' lang='lat' dir='ltr'>dignaretur</span> <span class='ocrx_word' id='word_1_393' title='bbox 1196 4227 1366 4296; x_wconf 73' lang='lat' dir='ltr'>conffimsre</span> <span class='ocrx_word' id='word_1_394' title='bbox 1391 4227 1436 4282; x_wconf 87' lang='lat' dir='ltr'>cui</span> <span class='ocrx_word' id='word_1_395' title='bbox 1462 4227 1586 4300; x_wconf 85' lang='lat' dir='ltr'>petitioni</span> 
     </span>
     <span class='ocr_line' id='line_1_42' title="bbox 348 4314 520 4372; baseline -0.023 -1"><span class='ocrx_word' id='word_1_396' title='bbox 348 4331 397 4372; x_wconf 87' lang='lat' dir='ltr'>rex</span> <span class='ocrx_word' id='word_1_397' title='bbox 415 4314 520 4370; x_wconf 87' lang='lat' dir='ltr'>annuit.</span> 
     </span>
    </p>
   </div>
   <div class='ocr_carea' id='block_1_13' title="bbox 404 4401 926 4472">
    <p class='ocr_par' dir='ltr' id='par_1_15' title="bbox 404 4401 926 4472">
     <span class='ocr_line' id='line_1_43' title="bbox 404 4401 926 4472; baseline -0.004 -14"><span class='ocrx_word' id='word_1_398' title='bbox 404 4401 531 4458; x_wconf 71' lang='lat' dir='ltr'>meree:</span> <span class='ocrx_word' id='word_1_399' title='bbox 551 4404 627 4460; x_wconf 73' lang='lat' dir='ltr'>non.</span> <span class='ocrx_word' id='word_1_400' title='bbox 645 4401 708 4458; x_wconf 73' lang='lat' dir='ltr'>uer.</span> <span class='ocrx_word' id='word_1_401' title='bbox 730 4403 758 4456; x_wconf 83' lang='lat' dir='ltr'>r.</span> <span class='ocrx_word' id='word_1_402' title='bbox 777 4403 800 4459; x_wconf 90' lang='lat'>1.</span> <span class='ocrx_word' id='word_1_403' title='bbox 819 4406 926 4472; x_wconf 80' lang='lat' dir='ltr'>p.178.</span> 
     </span>
    </p>
   </div>
   <div class='ocr_carea' id='block_1_14' title="bbox 350 4541 1585 4791">
    <p class='ocr_par' dir='ltr' id='par_1_16' title="bbox 350 4541 1585 4791">
     <span class='ocr_line' id='line_1_44' title="bbox 403 4541 1585 4602; baseline -0.002 -4"><span class='ocrx_word' id='word_1_404' title='bbox 403 4543 550 4600; x_wconf 85' lang='lat' dir='ltr'>MOLXlI.</span> <span class='ocrx_word' id='word_1_405' title='bbox 577 4545 678 4602; x_wconf 76' lang='lat' dir='ltr'>Albae.</span> <span class='ocrx_word' id='word_1_406' title='bbox 706 4549 781 4602; x_wconf 84' lang='lat'><em>1275.</em></span> <span class='ocrx_word' id='word_1_407' title='bbox 809 4549 852 4600; x_wconf 78' lang='lat'>31.</span> <span class='ocrx_word' id='word_1_408' title='bbox 880 4544 1011 4600; x_wconf 82' lang='lat' dir='ltr'>Octobris.</span> <span class='ocrx_word' id='word_1_409' title='bbox 1038 4543 1186 4599; x_wconf 84' lang='lat' dir='ltr'>Ladlslsus</span> <span class='ocrx_word' id='word_1_410' title='bbox 1204 4541 1256 4599; x_wconf 91' lang='lat' dir='ltr'>IV.</span> <span class='ocrx_word' id='word_1_411' title='bbox 1275 4558 1322 4597; x_wconf 89' lang='lat' dir='ltr'>rex</span> <span class='ocrx_word' id='word_1_412' title='bbox 1341 4541 1489 4598; x_wconf 81' lang='lat' dir='ltr'>memoriae</span> <span class='ocrx_word' id='word_1_413' title='bbox 1512 4557 1585 4598; x_wconf 91' lang='lat' dir='ltr'>com-</span> 
     </span>
     <span class='ocr_line' id='line_1_45' title="bbox 350 4625 1585 4703; baseline -0.004 -16"><span class='ocrx_word' id='word_1_414' title='bbox 350 4631 469 4698; x_wconf 84' lang='lat' dir='ltr'>mendat,</span> <span class='ocrx_word' id='word_1_415' title='bbox 488 4631 562 4703; x_wconf 92' lang='lat' dir='ltr'>quod</span> <span class='ocrx_word' id='word_1_416' title='bbox 581 4633 737 4688; x_wconf 85' lang='lat' dir='ltr'>constitutis</span> <span class='ocrx_word' id='word_1_417' title='bbox 762 4631 798 4688; x_wconf 93' lang='lat' dir='ltr'>ab</span> <span class='ocrx_word' id='word_1_418' title='bbox 822 4647 879 4688; x_wconf 90' lang='lat' dir='ltr'>una</span> <span class='ocrx_word' id='word_1_419' title='bbox 903 4635 980 4702; x_wconf 88' lang='lat' dir='ltr'>parte</span> <span class='ocrx_word' id='word_1_420' title='bbox 1002 4631 1118 4687; x_wconf 86' lang='lat' dir='ltr'>Nioolao</span> <span class='ocrx_word' id='word_1_421' title='bbox 1137 4631 1195 4686; x_wconf 88' lang='lat' dir='ltr'>lilio</span> <span class='ocrx_word' id='word_1_422' title='bbox 1218 4625 1330 4684; x_wconf 84' lang='lat' dir='ltr'>Drasan</span> <span class='ocrx_word' id='word_1_423' title='bbox 1354 4634 1381 4686; x_wconf 82' lang='lat' dir='ltr'>et</span> <span class='ocrx_word' id='word_1_424' title='bbox 1403 4629 1504 4684; x_wconf 89' lang='lat' dir='ltr'>comite</span> <span class='ocrx_word' id='word_1_425' title='bbox 1528 4627 1585 4682; x_wconf 92' lang='lat' dir='ltr'>De·</span> 
     </span>
     <span class='ocr_line' id='line_1_46' title="bbox 350 4715 1584 4791; baseline -0.002 -18"><span class='ocrx_word' id='word_1_426' title='bbox 350 4719 448 4774; x_wconf 90' lang='lat' dir='ltr'>metrio</span> <span class='ocrx_word' id='word_1_427' title='bbox 465 4719 556 4789; x_wconf 88' lang='lat' dir='ltr'>judice</span> <span class='ocrx_word' id='word_1_428' title='bbox 573 4717 666 4774; x_wconf 74' lang='lat' dir='ltr'>cudae</span> <span class='ocrx_word' id='word_1_429' title='bbox 683 4717 828 4791; x_wconf 79' lang='lat' dir='ltr'>Tymothei</span> <span class='ocrx_word' id='word_1_430' title='bbox 846 4718 970 4790; x_wconf 89' lang='lat' dir='ltr'>episcopi</span> <span class='ocrx_word' id='word_1_431' title='bbox 987 4717 1104 4788; x_wconf 83' lang='lat' dir='ltr'>Zagrsb.</span> <span class='ocrx_word' id='word_1_432' title='bbox 1132 4733 1183 4790; x_wconf 88' lang='lat' dir='ltr'>pro</span> <span class='ocrx_word' id='word_1_433' title='bbox 1210 4715 1323 4774; x_wconf 91' lang='lat' dir='ltr'>domino</span> <span class='ocrx_word' id='word_1_434' title='bbox 1350 4730 1402 4771; x_wconf 89' lang='lat' dir='ltr'>suo</span> <span class='ocrx_word' id='word_1_435' title='bbox 1429 4731 1464 4771; x_wconf 90' lang='lat' dir='ltr'>ex</span> <span class='ocrx_word' id='word_1_436' title='bbox 1489 4715 1584 4783; x_wconf 84' lang='lat' dir='ltr'>ultera,</span> 
     </span>
    </p>
   </div>
   <div class='ocr_carea' id='block_1_15' title="bbox 0 0 1750 5356">
    <p class='ocr_par' dir='ltr' id='par_1_17' title="bbox 0 0 1750 5356">
     <span class='ocr_line' id='line_1_47' title="bbox 0 0 1750 5356; baseline 0 0"><span class='ocrx_word' id='word_1_437' title='bbox 0 0 1750 5356; x_wconf 95' lang='lat' dir='ltr'> </span> 
     </span>
    </p>
   </div>
  </div>
 </body>
</html>
