3544 5344
485 425 527 489 22
978 445 998 484 ι.
1023 431 1221 499 rursusne,
1730 499 1743 535 ,

485 613 549 669 ovili
567 629 620 668 suo
637 611 747 667 divertit
768 608 804 665 ad
828 609 965 664 civimtem
988 605 1140 672 arbensem,
1164 607 1213 661 ubi
1233 609 1262 662 in
1289 609 1457 664 monasterio
1475 625 1496 663 s.
1515 609 1642 667 Andreae
1659 629 1715 682 per·
1742 643 1747 666 t

485 701 598 767 mansit;
609 715 716 756 sorores
727 704 820 753 auum
830 697 904 752 illius
915 697 1106 766 confugerunt,
1118 695 1199 750 bonis
1212 696 1341 752 omnibus
1353 696 1515 768 expoliatae,
1528 698 1563 754 cd
1577 700 1716 754 ecclesiam
1737 677 1747 826 i

484 804 505 844 s.
523 788 598 844 Petri
615 787 643 842 in
662 783 952 855 Bubisno,capellan1
975 784 1018 838 stri
1041 783 1208 850 monasterii,
1233 789 1261 838 et
1272 783 1322 862 ibi
1339 785 1467 840 miseram
1485 786 1570 840 vitam
1587 785 1716 842 ducentes

485 893 534 947 per
551 873 663 946 aliquod
681 879 790 945 tempus
808 877 975 928 manserunt
995 871 1122 941 Cumque
1139 871 1217 926 Deus
1235 871 1385 928 Jadertinis
1397 873 1556 928 facultatem
1567 874 1716 930 reddeundi
1745 835 1747 946 i

486 962 522 1017 ad
539 963 601 1018 loca
619 961 730 1034 propria
746 959 879 1026 tribuerit,
898 963 927 1014 et
941 974 1048 1014 sorores
1061 963 1173 1030 propter
1185 958 1292 1014 fervens
1305 960 1431 1028 schisma,
1444 960 1517 1030 qnod
1529 961 1601 1016 inter
1611 962 1717 1016 nobiles
1746 961 1747 966 ’

485 1049 631 1106 Slavoniae
650 1055 742 1106 ortum
758 1047 855 1110 fuerat,
873 1045 980 1102 diurnis
992 1051 1020 1100 et
1031 1046 1173 1102 nocturnis
1185 1047 1357 1103 efficerentur
1369 1047 1555 1116 incommodis,
1574 1055 1602 1102 et
1613 1050 1716 1103 nnllam
1726 977 1747 1134 pi

485 1136 637 1199 reddeundi
654 1135 814 1191 facultatem
837 1133 872 1189 ad
897 1133 1039 1190 ecclesiam
1063 1149 1084 1187 a.
1109 1133 1228 1188 Dimitrii
1249 1133 1391 1202 haberent,
1414 1153 1485 1206 qnae
1509 1153 1525 1190 a
1551 1135 1716 1206 quibusdam
1744 1135 1747 1260 1

483 1223 634 1280 Jadertinis
656 1222 840 1288 habitabatur,
864 1220 1063 1276 illustrissimus
1087 1221 1127 1276 vir
1153 1220 1308 1276 Domaldns
1326 1239 1428 1291 comes,
1446 1223 1559 1294 capitruli
1577 1229 1604 1281 et
1622 1225 1718 1295 popuii

484 1311 597 1367 consilio
615 1310 718 1376 habito,
737 1310 897 1381 optulerunt
915 1325 976 1364 eam
993 1309 1159 1364 monasterio
1178 1325 1199 1362 a
1217 1307 1347 1363 Damiani
1365 1309 1508 1366 demente
1519 1311 1676 1366 habendam
1689 1313 1717 1365 in

485 1405 658 1470 perpetuum,
676 1397 721 1452 oui
739 1396 822 1452 etiam
840 1411 948 1452 sorores
965 1395 1039 1450 illius
1056 1413 1120 1450 cum
1137 1393 1276 1467 praedicta
1293 1396 1470 1466 capellanus
1488 1404 1588 1468 sponte
1606 1415 1636 1452 se
1655 1399 1718 1452 snb

484 1485 619 1541 diderunt
639 1484 786 1540 Caeterum
804 1501 867 1539 cnm
884 1483 982 1538 civitas
1006 1483 1146 1554 praedicta
1169 1483 1205 1538 de
1221 1481 1266 1538 die
1282 1483 1310 1536 in
1331 1482 1405 1537 diem
1422 1484 1450 1537 in
1468 1485 1567 1538 melius
1585 1493 1720 1540 cresceret

484 1579 512 1629 et
529 1573 603 1628 dicta
620 1572 704 1628 Viola
721 1571 815 1626 multis
832 1570 973 1642 indigeret,
993 1569 1074 1626 rediit
1091 1577 1119 1626 et
1136 1571 1196 1638 illa;
1215 1577 1242 1626 et
1253 1587 1316 1626 curn
1327 1575 1469 1641 quaereret
1481 1572 1624 1626 ecclesiam
1637 1589 1719 1626 snam
1744 1571 1747 1693 1

484 1678 535 1732 pro
553 1657 695 1731 voluntate
713 1659 824 1730 capituli
851 1664 879 1714 et
902 1657 1003 1712 Vitalis
1024 1657 1148 1714 Danduli
1172 1658 1278 1713 comitis
1302 1664 1330 1712 et
1346 1658 1430 1713 totius
1448 1658 1651 1713 communitatis
1669 1677 1744 1724 ne<

484 1748 571 1818 quivit
597 1747 672 1801 illam
697 1745 807 1813 habere,
834 1762 898 1801 cnm
924 1744 1089 1800 Benedictus
1116 1745 1271 1816 patriarcha
1294 1744 1436 1816 gradensis
1462 1761 1522 1800 eam
1549 1748 1719 1801 monasterio

485 1852 507 1890 s.
525 1833 656 1889 Damiani
673 1832 838 1900 tradidisset,
855 1831 940 1888 Viola
957 1839 1050 1888 autem
1067 1832 1186 1902 benigne
1201 1839 1229 1887 et
1240 1831 1449 1888 misericorditer
1460 1849 1477 1886 a
1489 1832 1567 1888 Talia
1579 1849 1601 1886 s.
1614 1833 1720 1889 Mariae
1743 1843 1747 1854 ⁴

486 1921 634 1988 abbatissa,
653 1937 716 1975 cum
734 1919 873 1976 sororibus
891 1926 1028 1991 suscepta,
1041 1936 1104 1974 cum
1116 1917 1218 1975 ibidem
1231 1927 1354 1975 manemt
1366 1919 1401 1974 ad
1414 1919 1633 1976 exhortationem
1645 1921 1720 1991 capi·

483 2009 535 2064 tuli
558 2015 587 2064 et
609 2007 821 2075 communitatis,
839 2007 1002 2062 Dominicus
1026 2007 1113 2062 abbas
1137 2023 1159 2060 s.
1183 2006 1314 2062 Damiani
1336 2005 1371 2061 ad
1397 2007 1623 2062 sustentationem
1646 2008 1720 2061 illius

484 2095 580 2152 tribuit
603 2095 627 2151 ei
651 2095 709 2150 XX
727 2110 859 2166 perperos
883 2099 911 2150 ct
933 2111 985 2166 pro
1008 2094 1070 2160 illis,
1095 2111 1165 2164 quas
1187 2094 1235 2148 illa
1253 2109 1347 2149 secum
1368 2093 1501 2149 eduxerat
1518 2110 1534 2149 e
1551 2095 1720 2149 monasterio

484 2200 506 2237 s.
524 2182 650 2238 Dimitrii.
669 2181 793 2252 Ideoque
809 2183 902 2254 ipsum
916 2181 1114 2237 monesterium
1125 2182 1154 2236 in
1167 2187 1331 2252 perpetuum
1343 2180 1434 2236 reddit
1451 2197 1584 2249 securum,
1603 2182 1721 2235 nnllam-

483 2287 537 2342 qne
554 2270 703 2340 loquellam
720 2270 764 2325 vel
781 2269 869 2324 rixam
895 2273 991 2324 contra
1014 2285 1078 2323 eum
1096 2274 1124 2323 et
1141 2267 1238 2322 fratres
1256 2267 1344 2340 ipsius
1366 2269 1552 2324 mdtabnam.
1572 2269 1674 2322 Actum
1691 2269 1729 2330 in,

483 2358 638 2429 praesentia
655 2356 778 2412 Matthaei
802 2355 954 2427 presbyteri
972 2373 993 2409 s.
1013 2355 1118 2410 Mariae
1136 2355 1256 2427 majoris,
1276 2355 1408 2426 praedicti
1426 2355 1454 2412 S.
1478 2354 1619 2426 Stephani,
1641 2356 1722 2410 Man-

483 2443 552 2500 fredi
570 2461 591 2498 s.
611 2443 752 2500 Michaelis
771 2443 889 2515 plebani,
909 2441 1054 2511 Orisogoni
1072 2441 1225 2513 presbyteri
1243 2459 1264 2496 s.
1278 2443 1452 2509 Anastasiae,
1466 2442 1587 2496 Gamosii
1599 2442 1721 2510 duceni,
1746 2463 1747 2468 ¹

484 2531 588 2586 Oossae
607 2529 762 2601 Grisogoni,
781 2529 890 2585 Michae
907 2529 1050 2598 Pecencgi,
1068 2528 1176 2584 Dessae
1193 2528 1229 2584 de
1246 2529 1340 2596 Perae,
1359 2529 1459 2584 Vitaaa
1476 2529 1591 2596 Petrinii,
1611 2531 1722 2586 Nicolai

484 2617 519 2674 de
543 2617 717 2689 Lampredio,
741 2617 878 2673 Leonardi
902 2616 937 2672 de
961 2617 1096 2684 Ossinico‚
1121 2623 1149 2671 et
1174 2617 1290 2672 aliorum
1308 2617 1465 2673 multorum.
1484 2617 1601 2689 Scripsit
1619 2618 1722 2672 Vitaiis

485 2721 507 2760 s.
525 2705 600 2761 Petri
617 2705 716 2760 veteris
735 2704 870 2777 plebanus
888 2709 916 2760 et
930 2703 1068 2776 jadrensis
1085 2703 1216 2759 notarius.

538 2809 671 2867 Fecisti:
688 2809 771 2882 Illyr.
789 2826 860 2866 san.
881 2812 909 2864 T.
931 2811 970 2880 V,
985 2827 1015 2880 p.
1036 2812 1075 2864 ⁷1.

1740 1551 1747 1576 ,i

1745 1995 1747 2012 t

534 2958 655 3014 LXXV.
683 2959 819 3028 iadorae,
841 2961 875 3014 21
892 2958 981 3013 Marti
998 2961 1077 3011 1209.
1096 2958 1279 3030 Temporibus
1302 2959 1376 3014 Petri
1394 2959 1474 3014 Ziani
1491 2959 1570 3016 ducis
1588 2960 1723 3017 Venetia-

483 3063 551 3114 rnm,
570 3045 708 3102 Leonardi
722 3043 860 3116 jadrensis
884 3045 1082 3116 archiepiscopi
1100 3061 1132 3099 ac
1153 3046 1227 3101 Petri
1246 3045 1389 3102 Michaelis
1407 3048 1514 3104 comitis
1534 3047 1634 3104 (luania
1653 3049 1747 3104 Gra-‘¹

483 3131 560 3205 gorii,
579 3133 783 3196 commissarius
801 3132 895 3188 Bonae
913 3133 985 3188 filiae
1006 3131 1102 3200 Madii,
1121 3135 1342 3204 consanguineae
1355 3150 1421 3189 suae
1440 3135 1542 3190 eteius
1560 3136 1725 3204 haeredum,
1742 3083 1747 3200 i

483 3239 539 3276 una
556 3237 620 3276 cum
638 3219 765 3274 Gabriele
784 3219 899 3287 Quirino
917 3220 975 3275 viro
993 3220 1104 3290 Inglese
1122 3237 1223 3290 genero
1241 3221 1309 3292 ejus,
1329 3227 1393 3294 post
1403 3223 1506 3277 multas
1521 3225 1724 3292 contentiones,

484 3325 553 3381 quas
571 3307 728 3362 habuerunt
745 3323 808 3362 cum
825 3307 930 3363 Drasce
948 3308 1035 3364 Balbo
1055 3314 1082 3362 et
1100 3326 1162 3363 cnm
1181 3309 1240 3381 ejus
1252 3310 1401 3379 sororibus,
1420 3313 1519 3382 Agape
1532 3316 1560 3366 et
1574 3311 1725 3381 Dabriaza,

482 3397 518 3453 de
535 3397 613 3450 terris
630 3395 666 3450 de
683 3395 803 3462 Jimano,
821 3402 955 3450 renuunt
972 3396 1007 3450 ad
1026 3398 1244 3452 convenientiam
1265 3399 1341 3469 pacis
1359 3399 1387 3453 in
1404 3397 1479 3454 hune
1495 3397 1622 3452 modum:
1643 3383 1747 3496 quodi

483 3483 657 3538 medietatem
683 3483 795 3552 Dragae
811 3483 890 3538 Bona
908 3488 935 3537 et
952 3483 1020 3538 alias
1039 3485 1151 3553 (partes)
1169 3483 1274 3539 Drasce
1295 3489 1323 3540 et
1341 3501 1449 3540 sorores
1467 3501 1532 3540 snae
1549 3483 1675 3539 habeant
1694 3495 1728 3541 et

484 3569 649 3641 possideant.
668 3573 769 3625 Actum
786 3569 815 3624 in
834 3571 989 3641 praesentia
1013 3569 1108 3638 Oosce,
1128 3571 1274 3640 Crisogoni
1297 3571 1416 3637 Dimine,
1436 3572 1548 3626 Martini
1564 3571 1728 3641 Lampridii

482 3657 517 3712 de
534 3656 682 3712 Valentino
701 3663 729 3712 et
745 3657 856 3712 Dimine
874 3657 993 3714 Scidani.
1012 3657 1114 3714 Scribit
1125 3657 1226 3713 Vitalis
1239 3674 1259 3712 s.
1273 3659 1347 3714 Petri
1365 3659 1463 3714 veteris
1482 3658 1624 3730 plebanus,
1643 3659 1727 3730 jade-

485 3744 571 3799 rensis
589 3744 719 3798 notarius.

517 3849 554 3903 Io
571 3849 728 3904 collectione
745 3863 805 3903 otta
823 3849 949 3919 antiquo.
968 3851 1066 3906 Pristi.
1085 3850 1157 3905 Bibl.
1176 3849 1255 3905 acad,
1274 3849 1349 3905 Sion.
1368 3865 1432 3904 mer.
1450 3849 1614 3920 anrobicc.

535 3995 669 4050 LXXVI.
688 3995 722 4050 A.
742 3998 817 4051 1209.
837 3995 961 4051 Andreas
986 3998 1016 4052 II
1033 4015 1082 4053 rex
1106 3997 1283 4053 considerans
1308 3997 1390 4054 fidele
1413 3999 1554 4054 servitium
1577 3999 1727 4070 hospitum

483 4083 511 4136 in
529 4083 593 4137 villa
610 4082 720 4138 Varasd
738 4084 973 4152 commorantium,
992 4085 1067 4155 qnod
1091 4085 1116 4140 ei
1135 4084 1257 4151 fideliter,
1277 4083 1343 4140 dnm
1362 4087 1390 4140 in
1408 4086 1488 4140 Kene
1506 4085 1677 4142 detineretur
1696 4089 1729 4142 in

485 4186 600 4235 carcere,
619 4170 807 4236 exhibuerant,
831 4171 870 4225 eis
893 4169 929 4225 ad
953 4173 1112 4242 petitionem
1133 4172 1209 4227 Poch
1227 4173 1341 4242 palatini
1360 4179 1387 4228 et
1407 4173 1515 4227 comitis
1533 4175 1729 4228 musuniensis

484 4261 617 4327 perpetuo
631 4258 694 4327 jure
712 4257 827 4312 contulit
845 4263 948 4312 statum
965 4258 1105 4326 libertatis,
1124 4276 1157 4314 ac
1174 4265 1275 4313 terram
1292 4259 1491 4315 circumdatam
1503 4259 1627 4331 undique
1640 4253 1739 4316 metis⁸

486 4344 624 4414 praecepit
641 4345 680 4398 eis
699 4344 846 4414 assignare.
865 4344 991 4400 Libertas
1009 4351 1101 4400 autem
1119 4345 1188 4401 haec
1206 4353 1261 4400 est:
1279 4347 1354 4416 quod
1373 4363 1465 4402 comes
1484 4347 1527 4402 vel
1546 4363 1614 4402 suus
1627 4365 1731 4403 comes

484 4429 593 4484 curialis
611 4448 666 4485 non
683 4431 785 4486 habeat
802 4437 968 4502 potestatem
986 4449 1033 4486 eos
1043 4431 1192 4502 judicandi,
1216 4431 1262 4488 sed
1275 4433 1346 4488 inter
1358 4450 1388 4489 se
1403 4451 1606 4504 quemcumque
1624 4436 1731 4492 volunt

481 4515 605 4587 judicem
622 4518 797 4585 constituant,
822 4535 904 4589 quem
927 4518 1094 4573 riothardnm
1119 4521 1207 4574 solent
1224 4521 1371 4591 appellare.
1390 4519 1491 4576 Nullus
1510 4521 1657 4593 burgensis
1678 4527 1745 4578 tri-¹

485 4603 583 4657 butum
600 4609 648 4658 aut
666 4605 830 4660 tricesimam
848 4605 956 4661 soluere
973 4611 1106 4673 teneatur,
1125 4607 1176 4660 nisi
1196 4607 1243 4676 qui
1261 4607 1336 4662 vadit
1353 4608 1382 4661 in
1400 4608 1566 4662 Teutoniam
1584 4626 1650 4664 cum
1664 4613 1732 4666 suis

485 4691 667 4746 mercimoniis
691 4691 725 4747 de
749 4692 872 4762 quolibet
898 4709 979 4748 curru
1004 4693 1155 4766 ponderato
1180 4693 1267 4748 solvet
1298 4699 1353 4748 tres
1376 4694 1504 4750 denarios
1511 4713 1519 4762 ;
1542 4693 1579 4751 de
1604 4698 1733 4768 singulis

1735 4865 1747 5012 i
