3488 5380
305 369 367 435 1ee
819 377 1054 453 munaus,

305 558 448 628 omnibus,
466 573 543 631 quae
560 557 659 628 hebet,
670 557 706 615 de
723 557 789 614 vine
805 557 960 630 expellatur
977 573 1040 614 curn
1061 556 1180 630 pudors;
1197 555 1362 614 decedentes
1380 557 1440 614 siue
1455 556 1550 614 baere-

310 646 393 704 dibus
411 663 463 704 sua
481 646 559 703 buna
577 647 735 717 relinquent
752 646 798 702 cui
814 647 959 702 volueriut.
986 645 1068 702 Cives
1094 643 1131 700 ad
1157 644 1309 702 exercitum
1334 643 1399 700 beni
1416 645 1459 700 rel
1477 645 1551 717 regis

307 739 357 791 aut
373 733 473 792 iudicis
492 735 535 790 sui
553 735 593 790 ire
610 750 666 788 non
686 731 862 802 tenebuntur,
880 748 933 788 nec
951 733 1033 789 alicui
1046 732 1095 804 jus
1114 731 1262 792 domorum
1280 747 1395 788 suerum
1414 749 1465 790 neo
1482 733 1551 790 aia·

307 822 382 878 milia
400 822 473 890 bani,
491 838 582 894 neque
600 821 637 878 eb
649 821 710 877 aliis
723 821 865 888 inferatur,
884 820 933 877 sed
947 836 1030 892 quem
1048 821 1146 877 volunt
1164 820 1287 894 hospitio
1305 821 1550 892 recipiantvolnu-

306 911 392 980 tarie;
409 909 497 968 maior
514 909 596 966 villae
613 910 731 982 eligetur
748 907 784 964 ad
803 925 889 964 uuum
908 925 1020 964 aunum.
1039 909 1173 980 Quisquis
1186 908 1221 964 ad
1239 909 1333 966 villam
1351 910 1444 967 venire
1461 909 1549 966 libere

306 1003 398 1072 potest
423 1005 451 1055 et
474 997 602 1055 recedere
625 1013 729 1064 secure,
754 997 872 1054 venditis
895 997 954 1053 suis
978 997 1066 1054 bouis.
1095 996 1177 1053 (lives
1200 996 1337 1053 tributum
1364 997 1393 1054 iu
1412 996 1473 1055 foro
1491 1012 1548 1054 nou

307 1085 424 1144 solvent.
443 1086 593 1142 Convictus
605 1087 634 1141 in
646 1101 732 1142 cause
744 1085 903 1158 pecuniaria
921 1085 1012 1140 solvet
1027 1085 1062 1141 40
1074 1083 1203 1141 denarios
1220 1101 1272 1157 pro
1285 1084 1396 1142 iudicio.
1415 1085 1551 1157 designet

306 1175 410 1231 ciuitati
428 1179 529 1230 terram
547 1190 666 1246 quoque,
685 1190 770 1244 quem
788 1172 968 1246 personaliter
985 1173 1107 1244 inspexit
1132 1180 1160 1230 et
1178 1189 1227 1246 per
1248 1172 1402 1245 Georffl'um
1420 1173 1552 1230 comitem

308 1263 478 1320 (irisiensem
495 1263 593 1320 metari
609 1261 682 1332 iecit,
700 1262 781 1318 cuius
794 1261 883 1334 prima
894 1265 969 1316 meta
980 1261 1077 1332 incipit
1088 1277 1106 1316 a
1119 1277 1221 1333 magua
1239 1261 1284 1316 rie
1296 1261 1332 1318 de
1344 1261 1407 1320 vico
1425 1260 1552 1331 ejusdcm

311 1351 401 1419 villae,
429 1351 459 1406 iu
485 1349 621 1407 occidenti
647 1349 772 1421 pervenit
797 1349 833 1404 ed
860 1348 974 1404 fluvium
1001 1347 1133 1416 Gorneae,
1163 1349 1300 1405 trendens
1331 1365 1395 1406 cum
1426 1349 1553 1406 aseendit

316 1443 447 1506 montem,
471 1438 538 1494 item
560 1435 704 1493 descendit
726 1436 762 1493 ad
785 1437 885 1493 vellem
902 1440 931 1492 st
948 1434 985 1492 ad
1002 1435 1125 1505 durium,
1143 1435 1208 1492 inde
1226 1453 1276 1508 per
1293 1437 1383 1492 radas
1406 1441 1496 1493 metas
1513 1435 1550 1492 ed

309 1543 440 1597 magnam
456 1525 539 1595 viam,
557 1541 630 1596 quae
652 1525 730 1582 ducit
752 1524 787 1581 ad
810 1541 832 1580 s.
851 1523 1029 1591 Michaelem;
1054 1522 1119 1580 inde
1145 1523 1182 1580 ad
1200 1525 1304 1580 iontem
1322 1524 1467 1593 Tetrencb,
1484 1523 1550 1580 inde

307 1615 388 1686 juxte
411 1618 512 1670 terram
536 1614 630 1670 Zveno
653 1613 809 1684 iubsgionia
832 1611 915 1667 castri
939 1610 1100 1679 Orisiensis;
1124 1611 1188 1668 inde
1204 1614 1286 1683 juxta
1312 1617 1414 1668 terram
1431 1611 1552 1668 Tiburtii

313 1700 349 1757 ad
374 1707 459 1774 ceput
481 1700 548 1757 dicti
572 1701 657 1756 sontis
680 1706 709 1756 et
731 1699 856 1772 pervenit
878 1715 967 1770 usque
991 1703 1092 1754 terram
1116 1699 1153 1756 de
1176 1699 1300 1756 Kemluk
1323 1707 1351 1757 et
1368 1705 1553 1758 commutetur

309 1795 399 1844 terrae
423 1805 444 1844 s.
470 1787 616 1859 Sepulchri
640 1786 677 1842 de
701 1785 880 1858 Golgonicss,
902 1785 967 1840 inde
990 1801 1087 1841 remus
1109 1787 1242 1843 orientem
1266 1789 1445 1861 coniungitur
1462 1793 1553 1845 terrae

310 1875 411 1931 domus
436 1875 533 1948 templi
556 1874 592 1931 de
616 1874 801 1945 Golgonieua;
825 1873 889 1930 inde
913 1873 1090 1945 coniungitur
1115 1879 1205 1932 terrae
1228 1875 1396 1946 Volcassee,
1423 1875 1489 1932 iude
1516 1875 1552 1932 ad

309 1979 440 2033 magnam
457 1963 538 2031 cmm,
556 1961 621 2018 inde
639 1963 738 2018 bausit
756 1961 870 2018 fluvium
887 1959 1029 2018 Vertsleu.

365 2051 440 2106 Idem
456 2049 635 2120 pricilcps'sse
654 2049 845 2118 continuatum
857 2065 876 2104 u
887 2049 958 2104 Belo
976 2051 994 2103 1
996 2049 1026 2105 V.
1044 2063 1112 2120 repe,
1132 2049 1231 2106 &tam
1243 2067 1334 2122 prope
1351 2058 1474 2110 castrare
1492 2054 1551 2110 Ba-

311 2137 398 2193 boolse
415 2154 441 2192 u.
461 2141 536 2192 1253.
554 2137 619 2192 item
638 2154 656 2192 o
673 2137 746 2192 Belo
770 2137 837 2193 duce
860 2137 946 2192 totius
963 2137 1120 2206 Sluuoaiuc,
1139 2137 1233 2194 Dalm.
1258 2144 1284 2194 st
1304 2139 1397 2196 &aaa
1417 2159 1442 2196 c.
1461 2146 1554 2212 1269,

312 2225 377 2281 ium
396 2242 415 2280 c
432 2223 574 2294 supteno
598 2225 669 2280 basso
694 2225 780 2280 totius
804 2225 955 2282 maccam
981 2229 1007 2281 ct
1033 2223 1164 2282 &catice
1188 2242 1216 2282 c.
1240 2229 1325 2296 1352,
1344 2227 1409 2284 item
1427 2245 1447 2285 u
1464 2228 1551 2301 Sipia·

310 2313 413 2368 maudo
431 2327 492 2382 repe
509 2329 535 2367 a.
556 2315 632 2367 1408.
651 2317 677 2368 ct
695 2313 845 2380 liudolpho
863 2313 904 2367 11.

362 2401 407 2454 Ex
425 2399 538 2456 arabico
557 2400 679 2456 aalma
700 2399 852 2456 Orisicaeie.

363 2567 544 2624 DOXXXII.
573 2567 699 2635 Parrasii,
717 2571 795 2620 1252.
814 2571 858 2625 29.
877 2567 995 2637 Aprilis.
1019 2567 1203 2640 Temporibus
1221 2570 1378 2627 Innocentii
1396 2571 1445 2628 1v.
1464 2587 1555 2644 papae

313 2660 393 2729 peter
416 2656 542 2711 Joannes
566 2655 662 2710 Bonus
687 2656 878 2711 Anconitanus
903 2656 1051 2727 epiecopus
1076 2657 1242 2714 auctoritate
1269 2657 1422 2716 litterarum
1449 2659 1553 2718 domini

313 2759 403 2816 papae
422 2743 520 2798 statuit
542 2743 689 2798 terminum
716 2745 932 2816 peremptorium
957 2743 1034 2799 fratri
1059 2744 1182 2800 Johauui
1206 2744 1417 2818 archiepiscopo
1442 2748 1555 2803 Andre

312 2833 386 2889 renai
405 2848 456 2904 pro
474 2848 504 2887 se
523 2837 550 2886 et
574 2833 765 2904 procuratorio
789 2833 901 2888 nomine
926 2831 1125 2901 Budvauensis,
1150 2833 1336 2902 Dulciuensis,
1358 2834 1554 2904 Britaniensis,

317 2919 519 2987 Scodriuensis,
537 2918 684 2974 Svaceueie
702 2924 731 2974 et
751 2919 917 2975 Pulleteusis
944 2919 1138 2992 episcoporum
1163 2937 1198 2978 er
1223 2939 1280 2977 una
1297 2927 1375 2995 parte
1394 2928 1422 2978 et
1439 2922 1466 2978 d.
1484 2923 1555 2980 Leo-

315 3007 395 3063 nardi
427 3006 543 3064 Plebeni
570 3023 591 3061 s.
619 3005 756 3062 lobannis
784 3005 819 3063 de
846 3007 963 3063 Trivisio
995 3007 1182 3080 procuratoris
1205 3008 1233 3066 d.
1257 3009 1395 3066 Johannie
1422 3010 1554 3082 archiepi-

316 3096 393 3168 scopi
411 3095 546 3166 Ragusiui
565 3111 600 3148 ex
618 3095 714 3158 altera,
732 3095 796 3150 hinc
814 3095 850 3150 ad
869 3099 925 3152 tres
943 3094 1004 3152 dies
1021 3101 1086 3151 ente
1111 3094 1253 3151 Kalendae
1276 3095 1404 3160 Jsuuarii
1428 3098 1554 3170 proxime

312 3183 422 3239 uenturi
441 3181 477 3238 ad
495 3181 713 3254 comparendum
732 3200 781 3256 per
799 3199 829 3239 se
847 3184 890 3240 rel
908 3183 1024 3240 idoneos
1043 3189 1234 3254 procuratores
1247 3201 1341 3240 coram
1359 3200 1468 3241 summo
1486 3201 1553 3257 pou-

318 3272 392 3328 tifice
410 3272 438 3326 in
457 3287 550 3339 causa,
569 3285 642 3340 quae
659 3272 730 3328 inter
747 3288 796 3328 eos
815 3273 936 3340 vertitur,
956 3271 992 3328 ad
1011 3272 1176 3327 sententiam
1201 3271 1377 3327 audiendam.
1406 3273 1509 3328 Actum
1525 3272 1554 3326 in

314 3358 418 3430 palatio
437 3359 466 3414 S.
485 3358 625 3426 Florentii,
650 3360 841 3430 praesentibus
859 3359 1000 3416 Bernardo
1019 3361 1109 3432 priore
1127 3358 1217 3416 dictae
1235 3359 1373 3427 ecclesiae,
1393 3358 1503 3416 Vivauo
1522 3359 1551 3416 d.

314 3446 437 3517 Philippi
455 3445 491 3501 de
510 3449 633 3514 Ancona,
657 3447 818 3504 Benacmeo
842 3447 868 3504 d.
886 3447 1011 3503 Biachini
1029 3445 1070 3518 de¹
1083 3445 1239 3514 Camerino,
1257 3451 1286 3503 et
1302 3446 1459 3503 Boniucasa
1477 3447 1555 3503 iami-

314 3535 375 3590 liari
392 3535 425 3590 ir.
443 3533 588 3604 Johenuia,
612 3535 730 3592 testibus
752 3537 862 3606 rogetis.
890 3535 1015 3592 Jacobus
1040 3535 1168 3592 Andreae
1194 3533 1307 3590 Oicutee
1336 3534 1402 3606 imp.
1430 3535 1554 3592 notarius

315 3621 433 3693 scripsit.

370 3710 419 3766 Ea
437 3714 614 3778 transumpto
631 3710 748 3766 bellerii
765 3711 873 3769 cretici
890 3712 1037 3782 Musaei.
1066 3710 1129 3768 MS.
1147 3712 1179 3768 ie
1195 3727 1256 3768 arec
1272 3710 1431 3770 colkmiosc
1447 3727 1476 3782 p.
1493 3715 1555 3769 385.

369 3875 568 3936 Doxxxm.
587 3879 720 3950 mansii,
738 3882 816 3936 1252.
834 3884 878 3937 29.
896 3880 979 3936 satit
999 3880 1116 3936 Cosmus
1134 3879 1294 3952 capellanus
1313 3882 1341 3934 et
1357 3880 1482 3936 noterius
1500 3880 1557 3951 epi·

317 3965 394 4036 scopi
406 3964 564 4020 anconitani
575 3981 608 4022 ac
620 3966 708 4037 ipsius
721 3967 895 4039 subdelegati
913 3969 1010 4026 statim
1021 3969 1230 4040 archiepiscope
1243 3969 1387 4039 Ragusiuu
1405 3967 1555 4024 terminum

321 4053 546 4128 peremptorium,
564 4061 597 4109 ut
613 4056 724 4112 nomine
742 4071 794 4112 suo
813 4063 841 4112 ct
861 4057 994 4114 eeclesiae
1018 4059 1178 4129 Ragusinae
1195 4059 1239 4114 vel
1257 4074 1306 4130 per
1323 4074 1354 4113 se
1371 4057 1415 4112 sel
1432 4071 1482 4128 per
1498 4055 1557 4112 ido·

316 4159 401 4199 neum
419 4146 626 4214 procuratorem
652 4150 812 4216 compareat
829 4162 923 4203 coram
940 4147 1002 4217 ipso
1021 4145 1124 4202 Oosme
1142 4147 1169 4202 in
1188 4147 1299 4202 civitate
1316 4144 1495 4201 antibarensi
1512 4142 1557 4200 die

317 4235 416 4286 octavo
434 4235 553 4286 meante
580 4247 675 4286 meuse
706 4235 828 4304 Augusti
847 4234 883 4290 ed
902 4233 1053 4290 videndum
1070 4241 1098 4290 et
1115 4234 1287 4292 audiendum
1309 4239 1403 4302 testes,
1422 4249 1492 4304 quos
1510 4248 1557 4289 vo·

317 4317 399 4374 luerit
417 4317 591 4374 introducere
609 4320 803 4378 Autiberensis
829 4321 1055 4395 archiepiscopus
1074 4341 1124 4395 pro
1143 4341 1172 4380 se
1190 4329 1218 4379 et
1235 4323 1347 4379 nornine
1365 4317 1483 4378 aliorum
1501 4322 1558 4393 spi·

318 4422 480 4480 scoparum
498 4405 564 4461 item
582 4409 717 4480 praecipit
735 4410 874 4480 praesenti
901 4409 1014 4467 domino
1044 4411 1198 4467 Smnecbae
1225 4411 1397 4483 procuraturi
1423 4409 1557 4482 archiepi-

318 4493 396 4565 scopi
414 4493 607 4563 antibarensis,
626 4501 658 4552 ut
676 4503 812 4567 procuret,
838 4498 915 4568 quod
938 4497 1123 4554 antibarensis
1142 4499 1367 4570 archiepiscopus
1385 4515 1437 4571 pro
1455 4515 1494 4568 se,
1511 4514 1559 4554 oc·

319 4582 385 4638 mite
405 4585 433 4638 et
450 4597 596 4640 commum
615 4583 801 4653 Antibareusi,
830 4591 858 4641 et
875 4585 902 4642 d.
921 4602 985 4658 rege
1003 4587 1120 4644 Barsine
1139 4592 1166 4643 et
1184 4587 1266 4644 fratre
1284 4587 1346 4644 eius
1363 4585 1389 4644 d.
1407 4603 1472 4660 rege
1490 4585 1558 4642 Via·

319 4669 426 4730 dislavo
443 4671 566 4728 iuveniat
578 4672 753 4730 securitatem
765 4689 816 4744 pro
828 4672 854 4734 d.
869 4673 1078 4748 archiepiscopo
1090 4676 1234 4748 Bageeino
1253 4679 1281 4733 et
1298 4675 1360 4748 ejus
1372 4679 1557 4749 praemature,
