3544 5344
697 447 842 492 monere.
1372 425 1389 488 7

151 615 250 671 dividit
274 621 377 670 metam
403 631 467 670 cum
486 613 630 684 Stephano
648 613 756 668 comite.
782 613 858 668 Hine
881 619 955 666 mets
974 611 1063 667 Soulia
1088 613 1123 667 sd
1142 619 1266 668 montem
1284 613 1392 669 Isteuec

151 703 215 758 hinc
239 709 313 758 meta
337 703 364 756 in
383 702 452 767 Wle‚
478 717 573 756 versns
598 717 729 755 occasum
754 717 804 770 per
827 700 899 754 viam
924 699 959 753 ad
979 705 1092 771 pontem
1109 701 1240 754 Tolomas
1263 699 1292 754 iu
1309 701 1393 757 fluvio

152 789 267 846 Svibini.
286 789 392 844 Versus
411 789 635 860 septemtrionem
659 787 694 842 ed
719 795 840 842 montem
867 787 915 840 ubi
940 794 982 842 est
1005 795 1079 841 mets
1103 787 1218 858 predicti
1242 786 1328 842 Lade.
1347 787 1393 842 Ad

153 879 286 934 orientem
313 877 394 932 vinee
420 876 612 946 Helapognae,
641 876 688 946 qui
709 881 751 930 est
777 875 927 930 decimator
955 875 1085 946 episcopi.
1112 874 1157 928 Ad
1181 875 1270 929 rivum
1298 875 1393 930 Heuni

153 965 304 1034 (Bennoi),
323 965 370 1034 qui
384 963 512 1034 jungitur
530 965 587 1018 rivo
605 963 732 1018 Volsule.
743 993 777 1004 —
795 964 829 1017 ln
847 963 928 1017 Dusa
946 963 1035 1034 prima
1047 969 1089 1018 est
1100 969 1175 1017 mete
1186 963 1264 1016 locus
1278 961 1393 1039 Vrcuts‚

153 1067 248 1108 versus
268 1051 400 1106 orientem
419 1051 454 1105 ad
473 1051 569 1107 Obres.
587 1051 663 1105 Hinc
681 1059 753 1105 terra
776 1051 904 1116 Tolimer‚
923 1065 1019 1104 versus
1040 1049 1183 1104 meridiem
1200 1051 1278 1104 locus
1297 1051 1394 1103 Macra

153 1145 181 1196 et
197 1147 271 1194 terra
289 1139 384 1193 Zuluc.
409 1139 484 1192 Hinc
502 1138 579 1193 locus
597 1139 759 1210 Bogatoseu.
778 1138 884 1192 Versus
909 1138 1041 1192 orientem
1059 1143 1134 1192 meta
1152 1138 1225 1191 inter
1243 1137 1395 1203 ecelesiam,

155 1243 176 1281 s.
194 1225 293 1282 Jscobi
311 1231 338 1279 et
356 1241 377 1278 s.
397 1224 539 1296 Stephani.
558 1226 633 1280 Hinc
656 1232 729 1279 terra
753 1225 904 1279 Radozlau.
929 1225 1013 1278 Terra
1036 1223 1111 1279 Petri
1135 1225 1184 1278 filii
1205 1224 1297 1289 Tatar,
1322 1229 1395 1278 terra

157 1314 259 1368 Hense
278 1312 312 1366 In
332 1311 422 1366 Gasca
441 1313 529 1382 prima
547 1318 620 1366 meta
637 1312 725 1367 tendit
743 1311 778 1366 sd
796 1313 886 1366 rivum
903 1311 1040 1378 Bresniza,
1060 1311 1123 1365 hinc
1141 1310 1177 1364 ad
1196 1312 1285 1364 rivum
1302 1310 1393 1379 Jsgen

156 1401 202 1470 qni
220 1399 342 1469 iungitur
360 1399 513 1464 Breenizac‚
533 1415 621 1468 usque
639 1398 674 1453 ed
694 1399 827 1468 piscinam
845 1413 917 1467 quse
935 1397 1035 1451 dicitur
1053 1397 1145 1451 Gesoa
1156 1397 1282 1452 dividens
1294 1403 1394 1452 terram

155 1488 306 1552 Dcuneser,
326 1503 407 1556 porro
420 1487 455 1540 ad
469 1485 599 1556 paludem
612 1485 705 1550 Sered,
719 1503 774 1555 qua
786 1501 882 1540 versus
895 1484 1063 1539 occidentem
1075 1483 1164 1538 influit
1176 1485 1265 1538 rivum
1277 1484 1393 1550 Zomou,

154 1574 202 1644 qui
220 1571 280 1626 fluit
298 1573 439 1642 usquead
458 1580 568 1643 portum
587 1572 696 1628 Lovrui.
713 1603 747 1614 -
765 1573 799 1626 Iu
817 1572 919 1626 Wascs
936 1571 1025 1642 prims
1040 1577 1114 1627 meta
1132 1576 1174 1626 est
1191 1571 1299 1626 Drawa
1319 1571 1395 1626 Hine

155 1659 191 1714 ad
209 1659 292 1714 finem
311 1659 396 1714 silvae
413 1660 535 1724 Lovnuc,
555 1677 603 1730 per
627 1660 724 1713 silvam
742 1657 777 1714 sd
796 1675 925 1728 magnam
953 1664 1074 1724 stratam,
1092 1673 1188 1712 versus
1207 1658 1341 1712 orientem
1359 1657 1395 1712 sd

154 1751 256 1800 terrem
274 1745 394 1800 civilium
412 1746 582 1801 Albensium
600 1745 709 1800 Deinde
727 1744 762 1799 sd
778 1746 867 1800 rivum
880 1745 1023 1814 Zogavias‚
1037 1745 1084 1814 qui
1097 1743 1186 1798 fluens
1198 1759 1294 1798 versus
1308 1744 1396 1798 orien-

155 1839 212 1886 tem
230 1831 318 1886 tendit
335 1849 424 1902 usque
443 1833 600 1903 sepulturas
625 1832 794 1888 Sclsvorum.
819 1831 889 1886 Inde
908 1849 956 1902 per
975 1830 1071 1886 silvam
1090 1830 1124 1884 ad
1144 1831 1232 1885 rivum
1250 1831 1394 1884 Losenioa.

155 1921 244 1974 Porro
268 1937 317 1988 per
334 1919 457 1974 diverses
475 1927 563 1974 metes
581 1926 684 1974 terreas
702 1920 839 1973 transiens
863 1925 986 1984 stratam,
1010 1935 1082 1988 quae
1106 1918 1205 1972 dicitur
1226 1918 1396 1972 Wersemort

156 2007 337 2075 (Versemost)
362 2006 503 2077 usquead
528 2007 658 2062 Dravem.
684 2006 744 2061 Iem
766 2007 795 2060 in
821 2005 919 2059 Virtus
944 2005 1070 2074 (Vereus)
1096 2006 1183 2075 prima
1209 2009 1251 2059 est
1268 2009 1342 2059 meta
1360 2003 1395 2058 ed

154 2101 258 2150 terram
271 2095 392 2162 Quirtus,
411 2112 483 2164 quse
502 2101 545 2150 est
562 2094 712 2149 sacerdotis
725 2095 835 2148 Morou
855 2093 930 2146 Hinc
951 2110 1001 2163 per
1015 2093 1117 2146 multas
1135 2097 1223 2145 metas
1242 2090 1277 2145 ad
1296 2097 1396 2145 terram

157 2183 389 2252 carpentariorum
418 2181 538 2236 civilium
565 2198 660 2236 versus
690 2181 822 2236 orientem
851 2179 886 2234 ad
917 2180 1005 2234 rivum
1029 2178 1096 2233 Sud.
1128 2179 1203 2232 Hinc
1232 2177 1268 2232 ad
1298 2194 1396 2232 nemus

156 2269 272 2333 comitis,
291 2269 338 2324 nbi
357 2275 398 2323 est
416 2275 488 2323 terra
506 2269 613 2324 comitis
632 2268 831 2337 Sumugiensis.
854 2267 929 2320 Hinc
952 2272 1027 2320 terra
1050 2282 1192 2320 servorum
1213 2265 1294 2334 regis.
1320 2265 1395 2319 Hinc

155 2361 230 2410 terra
250 2355 316 2422 Beu‚
341 2361 414 2410 terra
434 2357 530 2422 Brene,
555 2356 630 2409 rivus
654 2355 763 2409 Toutsit
784 2354 925 2420 (Toutsic).
949 2354 1020 2406 Item
1042 2357 1131 2406 terrae
1159 2351 1286 2416 Ohesma,
1312 2351 1396 2406 dona·

154 2441 237 2497 tionis
261 2442 386 2496 videlicet
403 2443 516 2512 gloriosi
533 2443 606 2512 regis
624 2441 754 2507 Ladizlai,
780 2442 868 2511 prima
886 2444 960 2494 meta
984 2445 1026 2494 est
1050 2455 1120 2509 pons
1144 2439 1216 2508 regis
1241 2437 1395 2505 Oolomani,

155 2545 235 2583 secus
253 2529 410 2584 nominatus
430 2529 552 2600 episcopi
565 2529 691 2583 Produni.
711 2528 786 2582 Hinc
805 2527 849 2581 via
866 2527 932 2581 dicti
944 2527 1016 2595 regis
1029 2525 1155 2596 dirigitur
1167 2541 1252 2595 supra
1264 2542 1396 2594 magnum

156 2623 279 2670 montem
297 2614 333 2670 ad
358 2623 472 2687 puteum
491 2615 622 2682 eiusdem,
651 2633 668 2669 a
694 2632 750 2684 quo
774 2615 874 2669 Rosur.
898 2615 973 2668 Hinc
991 2613 1026 2668 ad
1044 2619 1166 2667 montem
1188 2613 1302 2683 Zylhva.
1321 2613 1397 2666 Hinc

155 2701 190 2756 ad
209 2702 323 2756 fluvium
341 2703 486 2770 Dobohuc‚
505 2703 605 2758 deinde
623 2702 773 2756 Beleblata.
799 2702 874 2755 Hinc
898 2701 932 2755 ed
955 2700 1069 2754 fluvium
1087 2699 1207 2753 Pritiska
1225 2700 1273 2768 qui
1290 2698 1351 2754 fluit
1368 2699 1397 2752 in

156 2789 313 2844 Charmam·
338 2791 463 2861 Populus
490 2807 555 2846 vero
581 2791 610 2844 in
632 2797 704 2844 terra
723 2789 845 2843 Ohasme
862 2788 898 2842 ad
916 2789 1002 2842 instar
1019 2786 1283 2855 Dumbrogensium‚
1311 2786 1396 2839 immo

154 2877 279 2932 omnium
297 2894 368 2946 sagr.
389 2878 518 2933 ecclesiae
537 2878 718 2942 attinentium,
737 2877 765 2931 in
783 2876 997 2930 marturinerum
1018 2874 1141 2939 collecta,
1160 2889 1288 2928 annonae
1307 2872 1397 2943 provi-

154 2964 240 3030 sione,
259 2963 372 3034 hospitii
384 2963 485 3030 debito,
504 2965 588 3018 immo
606 2964 796 3018 universaliter
808 2969 835 3017 ct
847 2963 875 3015 in
888 2961 1004 3027 iudiciis,
1023 2978 1079 3015 non
1092 2960 1173 3026 bano,
1186 2961 1229 3012 vel
1242 2960 1396 3027 cuicunque

153 3051 242 3116 alteri,
262 3049 311 3104 sed
329 3051 381 3106 soli
399 3051 530 3122 episcopo
548 3050 722 3121 respondeat
741 3049 833 3104 Villae
846 3049 958 3103 Zeliuee
970 3048 1059 3118 prima
1070 3052 1144 3101 meta
1161 3045 1308 3100 inchoatur
1320 3045 1399 3100 iuxta

154 3144 280 3209 puteum,
300 3155 316 3190 a
334 3155 391 3207 quo
409 3137 582 3208 protenditur
600 3153 648 3208 per
660 3137 779 3192 mediam
792 3137 892 3190 vallem
903 3152 992 3205 usque
1005 3151 1135 3204 magnam
1146 3133 1220 3186 viam
1231 3131 1399 3186 dividentem

152 3231 258 3279 terram
275 3223 399 3290 Berislai,
418 3229 445 3277 et
462 3223 550 3278 tendit
568 3223 603 3277 sd
622 3223 766 3278 ecclesiam
785 3239 806 3276 s.
824 3223 969 3276 Johnnnis.
989 3221 1064 3275 Hinc
1083 3220 1119 3274 ad
1136 3226 1238 3274 terram
1250 3218 1398 3288 Hngerini‚

152 3311 220 3365 hinc
237 3326 334 3365 versus
352 3325 483 3364 occasum
506 3309 541 3364 ad
566 3316 678 3380 pontem
696 3309 846 3379 Wartislay
864 3309 899 3363 de
923 3309 1011 3374 homi,
1040 3307 1093 3362 sub
1121 3325 1177 3376 quo
1204 3312 1288 3377 ponte
1315 3305 1399 3358 currit

151 3397 256 3452 fluvius
275 3397 376 3452 Zelina.
396 3397 472 3450 Hinc
490 3395 525 3450 ad
544 3413 675 3466 magnum
694 3403 817 3452 montem
836 3395 978 3465 usquead
997 3401 1100 3450 metam
1117 3393 1278 3463 Regemani.

188 3485 268 3538 Inter
285 3483 340 3537 alia
357 3482 433 3538 dedit
450 3483 524 3538 idem
541 3501 590 3538 rex
609 3484 740 3538 ecclesiae
757 3501 830 3553 eegr.
847 3483 968 3536 insulem
981 3482 1122 3551 Oahianyc
1134 3481 1163 3536 in
1182 3479 1256 3536 Sava
1272 3479 1354 3533 sitam
1372 3484 1399 3532 et

150 3571 326 3642 dispensavit
344 3587 360 3624 a
378 3572 591 3625 marturinarum
609 3571 805 3640 persolutione,
824 3569 860 3624 de
878 3569 979 3639 quibus
992 3568 1066 3623 etde
1085 3569 1174 3639 porcis
1194 3568 1340 3638 episcopus
1353 3564 1399 3620 de·

149 3659 241 3712 cimas
259 3657 449 3727 percipiendas
468 3657 577 3712 habeat.
596 3657 700 3711 Datum
714 3674 763 3727 per
780 3673 880 3711 manus
898 3655 1036 3710 Desiderii
1055 3655 1135 3710 aulae
1153 3655 1225 3724 regis
1244 3653 1399 3708 cancellarii

150 3751 181 3801 et
200 3743 389 3813 Soybiuiensis
410 3745 568 3816 praepositi.

209 3829 332 3886 thldic':
352 3832 534 3886 Monumenta
553 3847 614 3900 epp.
631 3831 744 3900 sceret.
761 3848 789 3900 p.
808 3835 919 3886 11-16.
1260 3875 1261 3879 ,

206 3935 290 3990 ΧΧΙ.
315 3935 350 3990 Α.
376 3939 452 3989 1201.
477 3935 602 3990 Andreas
626 3936 791 4003 Dalmatiae,
815 3935 971 3997 chroatiae,
991 3935 1180 4004 Chulmaequc
1204 3933 1262 3986 dux
1286 3929 1323 3984 ad
1343 3947 1399 3984 am·

149 4023 336 4080 monitionem
358 4021 451 4076 fratris
476 4023 518 4076 sui
542 4023 683 4078 Homerici
710 4025 791 4093 regis,
816 4029 843 4077 et
867 4022 902 4077 ed
928 4022 1088 4092 petitionem
1111 4019 1251 4073 Dominiei
1278 4015 1401 4088 episcopi

150 4109 266 4182 zagrab.
285 4108 398 4164 donavit
416 4110 547 4164 ecclesiae
565 4127 637 4179 zagr.
656 4110 776 4164 insulam
795 4109 898 4178 (lagnis
917 4126 980 4163 cum
998 4109 1042 4162 his
1060 4107 1153 4162 metis:
1175 4105 1212 4160 ab
1230 4104 1334 4159 oriente
1352 4102 1400 4156 ubi

149 4198 256 4253 fluvius
275 4195 349 4252 Sava
366 4197 394 4249 in
415 4194 484 4249 dues
509 4195 698 4251 distinctiones
723 4214 754 4251 se
777 4195 881 4264 dividit,
906 4197 995 4267 prims
1018 4199 1094 4250 meta
1112 4194 1193 4248 arbor
1212 4191 1340 4263 populea,
1364 4188 1400 4243 ad

149 4282 298 4341 meridiem
316 4283 446 4338 dividitur
464 4300 527 4338 cum
544 4289 620 4337 meta
635 4283 806 4350 Oarachuna,
826 4283 861 4338 ad
881 4282 1051 4338 occidentem
1068 4283 1147 4336 iuxta
1164 4280 1269 4334 dictum
1286 4276 1400 4330 fluvium

28 4370 47 4395 ³
150 4373 187 4428 sd
207 4373 301 4426 rivum
314 4370 444 4439 Seregna,
464 4369 511 4423 ubi
530 4371 613 4424 intrat
626 4369 735 4437 Seram,
754 4377 782 4425 et
800 4369 873 4424 idem
891 4371 966 4424 rivus
985 4367 1082 4423 dividit
1099 4374 1201 4422 metam
1217 4365 1308 4420 sfiliis
1322 4363 1400 4428 zoes,

150 4475 253 4516 versus
272 4456 441 4512 occidentem
460 4457 516 4510 exit
534 4457 569 4510 de
582 4456 655 4511 Sava
674 4463 701 4511 et
720 4463 793 4511 meto
811 4463 853 4511 est
871 4457 972 4522 ulmus,
991 4473 1087 4510 verum
1100 4454 1174 4508 Sava
1192 4450 1288 4507 dividit
1306 4465 1402 4505 omnes

151 4553 245 4602 metas
263 4561 281 4597 a
298 4544 360 4598 liliis
379 4545 457 4599 Zesa
476 4545 574 4598 Testes
592 4544 704 4598 fuerunt
721 4543 904 4611 lobagiones:
923 4543 991 4612 Mog
1009 4559 1110 4606 comes,
1129 4541 1282 4595 Nicholaus
1301 4552 1401 4600 comes,

43 4671 60 4694 ,
152 4633 294 4687 Martinus
312 4647 413 4697 comes,
439 4633 494 4685 Ata
512 4648 612 4698 comcs,
633 4635 735 4685 t'reseu
759 4647 860 4696 comes,
882 4629 990 4688 Crasuu
1015 4643 1107 4685 comes
1131 4633 1159 4684 et
1180 4624 1330 4700 pristaldos
1354 4621 1401 4676 rei.

153 4718 345 4775 Cancellarius
363 4717 487 4772 Jacobus
506 4719 681 4789 praepositus
700 4724 727 4772 et
744 4717 885 4787 magister.

204 4803 333 4862 selec.-
352 4804 534 4860 Monumcnte
551 4820 612 4874 epp.
631 4804 741 4875 suprad.
760 4819 787 4873 p.
805 4805 849 4856 10.
