<?xml version="1.0" encoding="UTF-8"?>
<!DOCTYPE html PUBLIC "-//W3C//DTD XHTML 1.0 Transitional//EN"
    "http://www.w3.org/TR/xhtml1/DTD/xhtml1-transitional.dtd">
<html xmlns="http://www.w3.org/1999/xhtml" xml:lang="en" lang="en">
 <head>
  <title>
</title>
<meta http-equiv="Content-Type" content="text/html;charset=utf-8" />
  <meta name='ocr-system' content='tesseract 3.04.00' />
  <meta name='ocr-capabilities' content='ocr_page ocr_carea ocr_par ocr_line ocrx_word'/>
</head>
<body>
  <div class='ocr_page' id='page_1' title='image "./regestadocument00sakcgoog_0129.png"; bbox 0 0 3464 5382; ppageno 0'>
   <div class='ocr_carea' id='block_1_1' title="bbox 655 443 1350 506">
    <p class='ocr_par' dir='ltr' id='par_1_1' title="bbox 655 443 1350 506">
     <span class='ocr_line' id='line_1_1' title="bbox 655 443 1350 506; baseline 0.01 -8"><span class='ocrx_word' id='word_1_1' title='bbox 655 455 801 500; x_wconf 74' lang='lat' dir='ltr'>uorans.</span> <span class='ocrx_word' id='word_1_2' title='bbox 1290 443 1350 506; x_wconf 83' lang='lat'>123</span> 
     </span>
    </p>
   </div>
   <div class='ocr_carea' id='block_1_2' title="bbox 111 619 1415 1592">
    <p class='ocr_par' dir='ltr' id='par_1_2' title="bbox 111 619 1415 957">
     <span class='ocr_line' id='line_1_2' title="bbox 111 619 1354 686; baseline 0.005 -8"><span class='ocrx_word' id='word_1_3' title='bbox 111 628 130 678; x_wconf 83' lang='lat' dir='ltr'>t</span> <span class='ocrx_word' id='word_1_4' title='bbox 149 623 254 678; x_wconf 86' lang='lat' dir='ltr'>Paulus</span> <span class='ocrx_word' id='word_1_5' title='bbox 277 621 396 678; x_wconf 90' lang='lat' dir='ltr'>Boeradi</span> <span class='ocrx_word' id='word_1_6' title='bbox 420 627 439 676; x_wconf 84' lang='lat' dir='ltr'>t</span> <span class='ocrx_word' id='word_1_7' title='bbox 459 620 547 676; x_wconf 82' lang='lat' dir='ltr'>Cerne</span> <span class='ocrx_word' id='word_1_8' title='bbox 571 619 684 676; x_wconf 88' lang='lat' dir='ltr'>Vranae</span> <span class='ocrx_word' id='word_1_9' title='bbox 707 627 726 678; x_wconf 91' lang='lat' dir='ltr'>t.</span> <span class='ocrx_word' id='word_1_10' title='bbox 744 621 869 678; x_wconf 80' lang='lat' dir='ltr'>lacobus</span> <span class='ocrx_word' id='word_1_11' title='bbox 895 623 1022 680; x_wconf 78' lang='lat' dir='ltr'>Andreae</span> <span class='ocrx_word' id='word_1_12' title='bbox 1041 625 1165 682; x_wconf 85' lang='lat' dir='ltr'>Goislavi</span> <span class='ocrx_word' id='word_1_13' title='bbox 1189 629 1354 686; x_wconf 82' lang='lat' dir='ltr'>tMarinue</span> 
     </span>
     <span class='ocr_line' id='line_1_3' title="bbox 112 707 1415 787; baseline 0.005 -20"><span class='ocrx_word' id='word_1_14' title='bbox 112 710 255 768; x_wconf 81' lang='lat' dir='ltr'>Calendae</span> <span class='ocrx_word' id='word_1_15' title='bbox 279 715 346 766; x_wconf 80' lang='lat' dir='ltr'>tet</span> <span class='ocrx_word' id='word_1_16' title='bbox 372 709 418 764; x_wconf 90' lang='lat' dir='ltr'>alii</span> <span class='ocrx_word' id='word_1_17' title='bbox 445 709 538 780; x_wconf 86' lang='lat' dir='ltr'>plnres</span> <span class='ocrx_word' id='word_1_18' title='bbox 565 707 700 780; x_wconf 81' lang='lat' dir='ltr'>Bagusini</span> <span class='ocrx_word' id='word_1_19' title='bbox 733 709 846 766; x_wconf 85' lang='lat' dir='ltr'>Beriesa</span> <span class='ocrx_word' id='word_1_20' title='bbox 872 711 1032 768; x_wconf 80' lang='lat' dir='ltr'>tLararus</span> <span class='ocrx_word' id='word_1_21' title='bbox 1060 713 1145 771; x_wconf 81' lang='lat' dir='ltr'>frater</span> <span class='ocrx_word' id='word_1_22' title='bbox 1173 715 1353 787; x_wconf 80' lang='lat' dir='ltr'>Corpolatit</span> <span class='ocrx_word' id='word_1_23' title='bbox 1413 759 1415 762; x_wconf 85' lang='lat'>-</span> 
     </span>
     <span class='ocr_line' id='line_1_4' title="bbox 112 796 1355 872; baseline 0.004 -17"><span class='ocrx_word' id='word_1_24' title='bbox 112 801 213 855; x_wconf 86' lang='lat' dir='ltr'>Petrus</span> <span class='ocrx_word' id='word_1_25' title='bbox 231 798 266 854; x_wconf 89' lang='lat' dir='ltr'>de</span> <span class='ocrx_word' id='word_1_26' title='bbox 284 797 417 854; x_wconf 84' lang='lat' dir='ltr'>Goielavo</span> <span class='ocrx_word' id='word_1_27' title='bbox 441 796 619 852; x_wconf 86' lang='lat' dir='ltr'>Dulcinensia</span> <span class='ocrx_word' id='word_1_28' title='bbox 637 802 657 854; x_wconf 84' lang='lat' dir='ltr'>t</span> <span class='ocrx_word' id='word_1_29' title='bbox 675 802 703 852; x_wconf 90' lang='lat' dir='ltr'>et</span> <span class='ocrx_word' id='word_1_30' title='bbox 720 797 767 852; x_wconf 87' lang='lat' dir='ltr'>alii</span> <span class='ocrx_word' id='word_1_31' title='bbox 783 797 975 856; x_wconf 88' lang='lat' dir='ltr'>Dulolnenees.</span> <span class='ocrx_word' id='word_1_32' title='bbox 1000 800 1148 872; x_wconf 75' lang='lat' dir='ltr'><strong>Presbyter</strong></span> <span class='ocrx_word' id='word_1_33' title='bbox 1165 802 1288 860; x_wconf 84' lang='lat' dir='ltr'>Pascalis</span> <span class='ocrx_word' id='word_1_34' title='bbox 1306 820 1355 860; x_wconf 89' lang='lat' dir='ltr'>no·</span> 
     </span>
     <span class='ocr_line' id='line_1_5' title="bbox 111 885 424 957; baseline -0.01 -14"><span class='ocrx_word' id='word_1_35' title='bbox 111 887 201 943; x_wconf 72' lang='lat' dir='ltr'>tanus</span> <span class='ocrx_word' id='word_1_36' title='bbox 218 887 289 956; x_wconf 81' lang='lat' dir='ltr'>Bag.</span> <span class='ocrx_word' id='word_1_37' title='bbox 308 885 424 957; x_wconf 82' lang='lat' dir='ltr'>scripsit</span> 
     </span>
    </p>

    <p class='ocr_par' dir='ltr' id='par_1_3' title="bbox 165 973 893 1043">
     <span class='ocr_line' id='line_1_6' title="bbox 165 973 893 1043; baseline 0 -15"><span class='ocrx_word' id='word_1_38' title='bbox 165 975 211 1028; x_wconf 75' lang='lat' dir='ltr'>Ea</span> <span class='ocrx_word' id='word_1_39' title='bbox 228 974 341 1030; x_wconf 84' lang='lat' dir='ltr'>orclrioo</span> <span class='ocrx_word' id='word_1_40' title='bbox 358 974 427 1043; x_wconf 81' lang='lat' dir='ltr'>reip.</span> <span class='ocrx_word' id='word_1_41' title='bbox 445 973 618 1042; x_wconf 64' lang='lat' dir='ltr'>Mosam.</span> <span class='ocrx_word' id='word_1_42' title='bbox 634 973 718 1030; x_wconf 83' lang='lat' dir='ltr'>Foro.</span> <span class='ocrx_word' id='word_1_43' title='bbox 736 973 776 1029; x_wconf 87' lang='grc' dir='ltr'>ΙΙ.</span> <span class='ocrx_word' id='word_1_44' title='bbox 795 977 829 1028; x_wconf 88' lang='lat' dir='ltr'>N.</span> <span class='ocrx_word' id='word_1_45' title='bbox 847 977 893 1028; x_wconf 81' lang='grc'>77.</span> 
     </span>
    </p>

    <p class='ocr_par' dir='ltr' id='par_1_4' title="bbox 112 1078 1356 1592">
     <span class='ocr_line' id='line_1_7' title="bbox 167 1078 1354 1154; baseline 0.003 -20"><span class='ocrx_word' id='word_1_46' title='bbox 167 1078 347 1136; x_wconf 70' lang='lat' dir='ltr'>ccccxvi</span> <span class='ocrx_word' id='word_1_47' title='bbox 366 1079 512 1152; x_wconf 73' lang='lat' dir='ltr'>Trapurii,</span> <span class='ocrx_word' id='word_1_48' title='bbox 531 1081 574 1132; x_wconf 86' lang='lat'>12.</span> <span class='ocrx_word' id='word_1_49' title='bbox 592 1078 668 1134; x_wconf 80' lang='lat' dir='ltr'>Maii</span> <span class='ocrx_word' id='word_1_50' title='bbox 685 1083 766 1136; x_wconf 70' lang='lat'><em>1242.</em></span> <span class='ocrx_word' id='word_1_51' title='bbox 790 1079 864 1134; x_wconf 90' lang='lat' dir='ltr'>Inita</span> <span class='ocrx_word' id='word_1_52' title='bbox 887 1079 1036 1136; x_wconf 85' lang='lat' dir='ltr'>concordia</span> <span class='ocrx_word' id='word_1_53' title='bbox 1053 1081 1125 1136; x_wconf 91' lang='lat' dir='ltr'>inter</span> <span class='ocrx_word' id='word_1_54' title='bbox 1142 1081 1307 1154; x_wconf 87' lang='lat' dir='ltr'>episcopum</span> <span class='ocrx_word' id='word_1_55' title='bbox 1326 1087 1354 1138; x_wconf 91' lang='lat' dir='ltr'>et</span> 
     </span>
     <span class='ocr_line' id='line_1_8' title="bbox 112 1165 1354 1242; baseline 0.002 -18"><span class='ocrx_word' id='word_1_56' title='bbox 112 1168 339 1224; x_wconf 88' lang='lat' dir='ltr'>communitatem</span> <span class='ocrx_word' id='word_1_57' title='bbox 364 1171 498 1233; x_wconf 76' lang='lat' dir='ltr'>narratur,</span> <span class='ocrx_word' id='word_1_58' title='bbox 522 1165 663 1237; x_wconf 91' lang='lat' dir='ltr'>quomodo</span> <span class='ocrx_word' id='word_1_59' title='bbox 686 1183 736 1222; x_wconf 80' lang='lat' dir='ltr'>rex</span> <span class='ocrx_word' id='word_1_60' title='bbox 752 1166 821 1222; x_wconf 87' lang='lat' dir='ltr'>Bela</span> <span class='ocrx_word' id='word_1_61' title='bbox 838 1167 881 1222; x_wconf 88' lang='lat' dir='ltr'>IV</span> <span class='ocrx_word' id='word_1_62' title='bbox 899 1167 1012 1224; x_wconf 84' lang='lat' dir='ltr'>veniens</span> <span class='ocrx_word' id='word_1_63' title='bbox 1036 1168 1203 1240; x_wconf 75' lang='lat' dir='ltr'>Tragurium</span> <span class='ocrx_word' id='word_1_64' title='bbox 1227 1174 1354 1242; x_wconf 87' lang='lat' dir='ltr'>receptus</span> 
     </span>
     <span class='ocr_line' id='line_1_9' title="bbox 112 1253 1352 1328; baseline 0.002 -18"><span class='ocrx_word' id='word_1_65' title='bbox 112 1255 167 1312; x_wconf 83' lang='lat' dir='ltr'>luit</span> <span class='ocrx_word' id='word_1_66' title='bbox 184 1272 202 1310; x_wconf 87' lang='lat' dir='ltr'>a</span> <span class='ocrx_word' id='word_1_67' title='bbox 219 1254 325 1310; x_wconf 82' lang='lat' dir='ltr'>civibus</span> <span class='ocrx_word' id='word_1_68' title='bbox 342 1271 444 1325; x_wconf 85' lang='lat' dir='ltr'>magna</span> <span class='ocrx_word' id='word_1_69' title='bbox 462 1270 525 1310; x_wconf 87' lang='lat' dir='ltr'>cum</span> <span class='ocrx_word' id='word_1_70' title='bbox 538 1253 723 1322; x_wconf 89' lang='lat' dir='ltr'>solemnitate,</span> <span class='ocrx_word' id='word_1_71' title='bbox 741 1253 908 1324; x_wconf 88' lang='lat' dir='ltr'>adquorum</span> <span class='ocrx_word' id='word_1_72' title='bbox 928 1256 1090 1326; x_wconf 88' lang='lat' dir='ltr'>petitionem</span> <span class='ocrx_word' id='word_1_73' title='bbox 1107 1256 1280 1314; x_wconf 84' lang='lat' dir='ltr'>confirmavit</span> <span class='ocrx_word' id='word_1_74' title='bbox 1298 1257 1352 1328; x_wconf 90' lang='lat' dir='ltr'>pri-</span> 
     </span>
     <span class='ocr_line' id='line_1_10' title="bbox 112 1341 1352 1417; baseline 0.003 -19"><span class='ocrx_word' id='word_1_75' title='bbox 112 1343 245 1414; x_wconf 78' lang='lat' dir='ltr'>vilegium</span> <span class='ocrx_word' id='word_1_76' title='bbox 263 1359 426 1398; x_wconf 89' lang='lat' dir='ltr'>concessum</span> <span class='ocrx_word' id='word_1_77' title='bbox 444 1341 576 1397; x_wconf 86' lang='lat' dir='ltr'>ecclesiae</span> <span class='ocrx_word' id='word_1_78' title='bbox 593 1341 770 1412; x_wconf 75' lang='lat' dir='ltr'>Tragurienei</span> <span class='ocrx_word' id='word_1_79' title='bbox 783 1359 799 1396; x_wconf 91' lang='lat' dir='ltr'>a</span> <span class='ocrx_word' id='word_1_80' title='bbox 812 1341 965 1400; x_wconf 84' lang='lat' dir='ltr'>Colomano</span> <span class='ocrx_word' id='word_1_81' title='bbox 983 1342 1062 1400; x_wconf 89' lang='lat' dir='ltr'>duce.</span> <span class='ocrx_word' id='word_1_82' title='bbox 1081 1343 1168 1400; x_wconf 84' lang='lat' dir='ltr'>Facta</span> <span class='ocrx_word' id='word_1_83' title='bbox 1180 1349 1222 1400; x_wconf 91' lang='lat' dir='ltr'>est</span> <span class='ocrx_word' id='word_1_84' title='bbox 1240 1361 1352 1417; x_wconf 90' lang='lat' dir='ltr'>quoque</span> 
     </span>
     <span class='ocr_line' id='line_1_11' title="bbox 112 1427 1354 1504; baseline 0 -17"><span class='ocrx_word' id='word_1_85' title='bbox 112 1432 214 1487; x_wconf 74' lang='lat' dir='ltr'>diuaio</span> <span class='ocrx_word' id='word_1_86' title='bbox 238 1431 378 1486; x_wconf 80' lang='lat' dir='ltr'>fructuum</span> <span class='ocrx_word' id='word_1_87' title='bbox 402 1430 508 1502; x_wconf 87' lang='lat' dir='ltr'>praedii</span> <span class='ocrx_word' id='word_1_88' title='bbox 531 1427 601 1484; x_wconf 91' lang='lat' dir='ltr'>Drid</span> <span class='ocrx_word' id='word_1_89' title='bbox 625 1429 696 1484; x_wconf 86' lang='lat' dir='ltr'>inter</span> <span class='ocrx_word' id='word_1_90' title='bbox 720 1430 883 1502; x_wconf 89' lang='lat' dir='ltr'>episcopum</span> <span class='ocrx_word' id='word_1_91' title='bbox 905 1437 933 1486; x_wconf 86' lang='lat' dir='ltr'>et</span> <span class='ocrx_word' id='word_1_92' title='bbox 956 1431 1109 1502; x_wconf 89' lang='lat' dir='ltr'>capitulum</span> <span class='ocrx_word' id='word_1_93' title='bbox 1126 1449 1162 1487; x_wconf 85' lang='lat' dir='ltr'>ex</span> <span class='ocrx_word' id='word_1_94' title='bbox 1185 1449 1242 1488; x_wconf 88' lang='lat' dir='ltr'>una</span> <span class='ocrx_word' id='word_1_95' title='bbox 1266 1438 1354 1504; x_wconf 88' lang='lat' dir='ltr'>parto,</span> 
     </span>
     <span class='ocr_line' id='line_1_12' title="bbox 112 1518 1356 1592; baseline 0.002 -18"><span class='ocrx_word' id='word_1_96' title='bbox 112 1518 150 1574; x_wconf 89' lang='lat' dir='ltr'>ab</span> <span class='ocrx_word' id='word_1_97' title='bbox 168 1518 256 1574; x_wconf 86' lang='lat' dir='ltr'>altera</span> <span class='ocrx_word' id='word_1_98' title='bbox 273 1523 367 1574; x_wconf 91' lang='lat' dir='ltr'>autem</span> <span class='ocrx_word' id='word_1_99' title='bbox 377 1523 512 1574; x_wconf 88' lang='lat' dir='ltr'>rectorem</span> <span class='ocrx_word' id='word_1_100' title='bbox 530 1523 559 1574; x_wconf 89' lang='lat' dir='ltr'>et</span> <span class='ocrx_word' id='word_1_101' title='bbox 575 1519 810 1586; x_wconf 83' lang='lat' dir='ltr'>communitatem,</span> <span class='ocrx_word' id='word_1_102' title='bbox 828 1535 962 1574; x_wconf 87' lang='lat' dir='ltr'>concessa</span> <span class='ocrx_word' id='word_1_103' title='bbox 979 1537 1028 1590; x_wconf 91' lang='lat' dir='ltr'>per</span> <span class='ocrx_word' id='word_1_104' title='bbox 1046 1536 1146 1590; x_wconf 84' lang='lat' dir='ltr'>regem,</span> <span class='ocrx_word' id='word_1_105' title='bbox 1160 1520 1188 1574; x_wconf 91' lang='lat' dir='ltr'>in</span> <span class='ocrx_word' id='word_1_106' title='bbox 1201 1521 1281 1576; x_wconf 88' lang='lat' dir='ltr'>cuins</span> <span class='ocrx_word' id='word_1_107' title='bbox 1294 1538 1356 1592; x_wconf 90' lang='lat' dir='ltr'>per·</span> 
     </span>
    </p>
   </div>
   <div class='ocr_carea' id='block_1_3' title="bbox 113 1605 1353 1764">
    <p class='ocr_par' dir='ltr' id='par_1_5' title="bbox 113 1605 1353 1764">
     <span class='ocr_line' id='line_1_13' title="bbox 113 1605 1353 1679; baseline 0.002 -18"><span class='ocrx_word' id='word_1_108' title='bbox 113 1622 201 1662; x_wconf 87' lang='lat' dir='ltr'>sonae</span> <span class='ocrx_word' id='word_1_109' title='bbox 219 1611 248 1662; x_wconf 89' lang='lat' dir='ltr'>et</span> <span class='ocrx_word' id='word_1_110' title='bbox 265 1605 401 1661; x_wconf 82' lang='lat' dir='ltr'>exercitus</span> <span class='ocrx_word' id='word_1_111' title='bbox 426 1606 655 1662; x_wconf 90' lang='lat' dir='ltr'>sustentationem</span> <span class='ocrx_word' id='word_1_112' title='bbox 680 1605 812 1678; x_wconf 84' lang='lat' dir='ltr'>expendit</span> <span class='ocrx_word' id='word_1_113' title='bbox 829 1607 925 1662; x_wconf 77' lang='lat' dir='ltr'>civitas</span> <span class='ocrx_word' id='word_1_114' title='bbox 949 1605 1179 1662; x_wconf 80' lang='lat' dir='ltr'>innumerabilem</span> <span class='ocrx_word' id='word_1_115' title='bbox 1197 1609 1353 1679; x_wconf 88' lang='lat' dir='ltr'>pecuniam.</span> 
     </span>
     <span class='ocr_line' id='line_1_14' title="bbox 166 1693 698 1764; baseline -0.006 -14"><span class='ocrx_word' id='word_1_116' title='bbox 166 1694 289 1750; x_wconf 67' lang='lat' dir='ltr'>Mae:</span> <span class='ocrx_word' id='word_1_117' title='bbox 307 1695 437 1748; x_wconf 78' lang='lat' dir='ltr'>Memoria</span> <span class='ocrx_word' id='word_1_118' title='bbox 455 1693 487 1749; x_wconf 80' lang='lat' dir='ltr'>di</span> <span class='ocrx_word' id='word_1_119' title='bbox 506 1693 590 1750; x_wconf 71' lang='lat' dir='ltr'>ilua</span> <span class='ocrx_word' id='word_1_120' title='bbox 605 1710 635 1764; x_wconf 78' lang='lat' dir='ltr'>p.</span> <span class='ocrx_word' id='word_1_121' title='bbox 656 1697 698 1748; x_wconf 72' lang='grc'>44.</span> 
     </span>
    </p>
   </div>
   <div class='ocr_carea' id='block_1_4' title="bbox 109 1797 1358 3536">
    <p class='ocr_par' dir='ltr' id='par_1_6' title="bbox 109 1797 1358 3449">
     <span class='ocr_line' id='line_1_15' title="bbox 167 1797 1355 1871; baseline 0.001 -17"><span class='ocrx_word' id='word_1_122' title='bbox 167 1797 364 1854; x_wconf 69' lang='lat' dir='ltr'>ccccxvii</span> <span class='ocrx_word' id='word_1_123' title='bbox 384 1797 530 1871; x_wconf 66' lang='lat' dir='ltr'>hepnrii,</span> <span class='ocrx_word' id='word_1_124' title='bbox 550 1801 630 1851; x_wconf 77' lang='lat'><strong><em>1242.</em></strong></span> <span class='ocrx_word' id='word_1_125' title='bbox 646 1798 692 1853; x_wconf 79' lang='lat' dir='ltr'>die</span> <span class='ocrx_word' id='word_1_126' title='bbox 709 1800 750 1851; x_wconf 85' lang='lat'>10.</span> <span class='ocrx_word' id='word_1_127' title='bbox 768 1798 852 1853; x_wconf 80' lang='lat' dir='ltr'>Maii.</span> <span class='ocrx_word' id='word_1_128' title='bbox 870 1797 939 1854; x_wconf 87' lang='lat' dir='ltr'>Bela</span> <span class='ocrx_word' id='word_1_129' title='bbox 950 1798 993 1854; x_wconf 88' lang='lat' dir='ltr'>1v</span> <span class='ocrx_word' id='word_1_130' title='bbox 1005 1815 1055 1856; x_wconf 85' lang='lat' dir='ltr'>rer</span> <span class='ocrx_word' id='word_1_131' title='bbox 1068 1815 1222 1870; x_wconf 79' lang='lat' dir='ltr'>agnoscens</span> <span class='ocrx_word' id='word_1_132' title='bbox 1235 1801 1355 1871; x_wconf 88' lang='lat' dir='ltr'>plurima</span> 
     </span>
     <span class='ocr_line' id='line_1_16' title="bbox 115 1885 1356 1960; baseline 0.002 -18"><span class='ocrx_word' id='word_1_133' title='bbox 115 1887 228 1942; x_wconf 82' lang='lat' dir='ltr'>servitia</span> <span class='ocrx_word' id='word_1_134' title='bbox 244 1885 381 1942; x_wconf 86' lang='lat' dir='ltr'>nobilium</span> <span class='ocrx_word' id='word_1_135' title='bbox 399 1885 434 1941; x_wconf 93' lang='lat' dir='ltr'>de</span> <span class='ocrx_word' id='word_1_136' title='bbox 451 1886 542 1941; x_wconf 89' lang='lat' dir='ltr'>insula</span> <span class='ocrx_word' id='word_1_137' title='bbox 560 1886 651 1955; x_wconf 86' lang='lat' dir='ltr'>Faria,</span> <span class='ocrx_word' id='word_1_138' title='bbox 669 1885 705 1942; x_wconf 88' lang='lat' dir='ltr'>ad</span> <span class='ocrx_word' id='word_1_139' title='bbox 723 1887 1008 1958; x_wconf 82' lang='lat' dir='ltr'>recompensationem</span> <span class='ocrx_word' id='word_1_140' title='bbox 1025 1886 1166 1943; x_wconf 86' lang='lat' dir='ltr'>fidelitatis</span> <span class='ocrx_word' id='word_1_141' title='bbox 1184 1889 1309 1960; x_wconf 90' lang='lat' dir='ltr'>ipsorum</span> <span class='ocrx_word' id='word_1_142' title='bbox 1327 1895 1356 1944; x_wconf 90' lang='lat' dir='ltr'>et</span> 
     </span>
     <span class='ocr_line' id='line_1_17' title="bbox 114 1973 1352 2046; baseline -0.001 -15"><span class='ocrx_word' id='word_1_143' title='bbox 114 1975 151 2032; x_wconf 93' lang='lat' dir='ltr'>ad</span> <span class='ocrx_word' id='word_1_144' title='bbox 170 1990 267 2046; x_wconf 88' lang='lat' dir='ltr'>preces</span> <span class='ocrx_word' id='word_1_145' title='bbox 285 1973 395 2029; x_wconf 85' lang='lat' dir='ltr'>Nioolai</span> <span class='ocrx_word' id='word_1_146' title='bbox 412 1974 536 2045; x_wconf 79' lang='lat' dir='ltr'>episcopi</span> <span class='ocrx_word' id='word_1_147' title='bbox 553 1979 582 2028; x_wconf 90' lang='lat' dir='ltr'>et</span> <span class='ocrx_word' id='word_1_148' title='bbox 601 1976 760 2045; x_wconf 81' lang='lat' dir='ltr'>Zepreguae</span> <span class='ocrx_word' id='word_1_149' title='bbox 778 1975 879 2046; x_wconf 84' lang='lat' dir='ltr'>aupani</span> <span class='ocrx_word' id='word_1_150' title='bbox 892 1975 1020 2031; x_wconf 80' lang='lat' dir='ltr'>Fanensis</span> <span class='ocrx_word' id='word_1_151' title='bbox 1039 1975 1228 2042; x_wconf 87' lang='lat' dir='ltr'>etBracenaie,</span> <span class='ocrx_word' id='word_1_152' title='bbox 1247 1976 1352 2044; x_wconf 75' lang='lat' dir='ltr'>statuit,</span> 
     </span>
     <span class='ocr_line' id='line_1_18' title="bbox 114 2061 1356 2134; baseline -0.001 -15"><span class='ocrx_word' id='word_1_153' title='bbox 114 2069 146 2119; x_wconf 91' lang='lat' dir='ltr'>ut</span> <span class='ocrx_word' id='word_1_154' title='bbox 164 2080 228 2119; x_wconf 89' lang='lat' dir='ltr'>cum</span> <span class='ocrx_word' id='word_1_155' title='bbox 248 2061 401 2118; x_wconf 88' lang='lat' dir='ltr'>secundum</span> <span class='ocrx_word' id='word_1_156' title='bbox 419 2067 546 2134; x_wconf 90' lang='lat' dir='ltr'>tempora</span> <span class='ocrx_word' id='word_1_157' title='bbox 564 2061 681 2118; x_wconf 87' lang='lat' dir='ltr'>ecclesia</span> <span class='ocrx_word' id='word_1_158' title='bbox 698 2063 733 2118; x_wconf 94' lang='lat' dir='ltr'>de</span> <span class='ocrx_word' id='word_1_159' title='bbox 752 2063 835 2118; x_wconf 87' lang='lat' dir='ltr'>Faria</span> <span class='ocrx_word' id='word_1_160' title='bbox 852 2079 950 2118; x_wconf 88' lang='lat' dir='ltr'>vacare</span> <span class='ocrx_word' id='word_1_161' title='bbox 969 2064 1122 2134; x_wconf 81' lang='lat' dir='ltr'>contigerit,</span> <span class='ocrx_word' id='word_1_162' title='bbox 1148 2063 1233 2120; x_wconf 90' lang='lat' dir='ltr'>libere</span> <span class='ocrx_word' id='word_1_163' title='bbox 1251 2065 1356 2134; x_wconf 77' lang='lat' dir='ltr'>eligant</span> 
     </span>
     <span class='ocr_line' id='line_1_19' title="bbox 114 2148 1355 2222; baseline 0 -14"><span class='ocrx_word' id='word_1_164' title='bbox 114 2151 257 2218; x_wconf 86' lang='lat' dir='ltr'>electores,</span> <span class='ocrx_word' id='word_1_165' title='bbox 276 2149 311 2206; x_wconf 91' lang='lat' dir='ltr'>ad</span> <span class='ocrx_word' id='word_1_166' title='bbox 330 2165 401 2220; x_wconf 91' lang='lat' dir='ltr'>quos</span> <span class='ocrx_word' id='word_1_167' title='bbox 419 2148 455 2204; x_wconf 91' lang='lat' dir='ltr'>de</span> <span class='ocrx_word' id='word_1_168' title='bbox 469 2149 533 2220; x_wconf 91' lang='lat' dir='ltr'>jure</span> <span class='ocrx_word' id='word_1_169' title='bbox 551 2154 659 2220; x_wconf 89' lang='lat' dir='ltr'>spectat</span> <span class='ocrx_word' id='word_1_170' title='bbox 676 2149 781 2214; x_wconf 89' lang='lat' dir='ltr'>electio,</span> <span class='ocrx_word' id='word_1_171' title='bbox 799 2148 834 2206; x_wconf 92' lang='lat' dir='ltr'>de</span> <span class='ocrx_word' id='word_1_172' title='bbox 853 2149 982 2206; x_wconf 86' lang='lat' dir='ltr'>fidelibus</span> <span class='ocrx_word' id='word_1_173' title='bbox 1002 2150 1038 2206; x_wconf 85' lang='lat' dir='ltr'>ad</span> <span class='ocrx_word' id='word_1_174' title='bbox 1057 2167 1172 2222; x_wconf 80' lang='lat' dir='ltr'>regnum</span> <span class='ocrx_word' id='word_1_175' title='bbox 1191 2151 1355 2222; x_wconf 78' lang='lat' dir='ltr'>Hungariae</span> 
     </span>
     <span class='ocr_line' id='line_1_20' title="bbox 115 2236 1355 2310; baseline 0.002 -18"><span class='ocrx_word' id='word_1_176' title='bbox 115 2237 307 2310; x_wconf 83' lang='lat' dir='ltr'>spectantibus</span> <span class='ocrx_word' id='word_1_177' title='bbox 326 2236 377 2292; x_wconf 93' lang='lat' dir='ltr'>sibi</span> <span class='ocrx_word' id='word_1_178' title='bbox 395 2237 559 2308; x_wconf 75' lang='lat' dir='ltr'>praesulem,</span> <span class='ocrx_word' id='word_1_179' title='bbox 582 2238 630 2308; x_wconf 92' lang='lat' dir='ltr'>qui</span> <span class='ocrx_word' id='word_1_180' title='bbox 655 2237 695 2292; x_wconf 91' lang='lat' dir='ltr'>eis</span> <span class='ocrx_word' id='word_1_181' title='bbox 719 2238 829 2308; x_wconf 78' lang='lat' dir='ltr'>praesit,</span> <span class='ocrx_word' id='word_1_182' title='bbox 854 2239 959 2294; x_wconf 88' lang='lat' dir='ltr'>electus</span> <span class='ocrx_word' id='word_1_183' title='bbox 983 2244 1076 2294; x_wconf 85' lang='lat' dir='ltr'>tamen</span> <span class='ocrx_word' id='word_1_184' title='bbox 1100 2240 1193 2310; x_wconf 85' lang='lat' dir='ltr'>regiae</span> <span class='ocrx_word' id='word_1_185' title='bbox 1216 2238 1355 2294; x_wconf 84' lang='lat' dir='ltr'>maiestati</span> 
     </span>
     <span class='ocr_line' id='line_1_21' title="bbox 114 2325 1354 2398; baseline 0 -17"><span class='ocrx_word' id='word_1_186' title='bbox 114 2331 314 2398; x_wconf 75' lang='lat' dir='ltr'>praesentetur.</span> <span class='ocrx_word' id='word_1_187' title='bbox 329 2325 475 2398; x_wconf 48' lang='lat' dir='ltr'>,Concedit</span> <span class='ocrx_word' id='word_1_188' title='bbox 498 2325 588 2392; x_wconf 87' lang='lat' dir='ltr'>etiam,</span> <span class='ocrx_word' id='word_1_189' title='bbox 613 2330 644 2380; x_wconf 89' lang='lat' dir='ltr'>ut</span> <span class='ocrx_word' id='word_1_190' title='bbox 663 2326 810 2398; x_wconf 85' lang='lat' dir='ltr'>epiecopus</span> <span class='ocrx_word' id='word_1_191' title='bbox 835 2343 891 2380; x_wconf 89' lang='lat' dir='ltr'>una</span> <span class='ocrx_word' id='word_1_192' title='bbox 915 2341 978 2382; x_wconf 89' lang='lat' dir='ltr'>cum</span> <span class='ocrx_word' id='word_1_193' title='bbox 1001 2329 1105 2398; x_wconf 89' lang='lat' dir='ltr'>iupano</span> <span class='ocrx_word' id='word_1_194' title='bbox 1130 2333 1158 2382; x_wconf 92' lang='lat' dir='ltr'>et</span> <span class='ocrx_word' id='word_1_195' title='bbox 1183 2343 1247 2382; x_wconf 90' lang='lat' dir='ltr'>oum</span> <span class='ocrx_word' id='word_1_196' title='bbox 1265 2326 1300 2382; x_wconf 84' lang='lat' dir='ltr'>N.</span> <span class='ocrx_word' id='word_1_197' title='bbox 1318 2326 1354 2382; x_wconf 85' lang='lat' dir='ltr'>N.</span> 
     </span>
     <span class='ocr_line' id='line_1_22' title="bbox 114 2411 1355 2486; baseline 0.002 -18"><span class='ocrx_word' id='word_1_198' title='bbox 114 2412 150 2468; x_wconf 90' lang='lat' dir='ltr'>de</span> <span class='ocrx_word' id='word_1_199' title='bbox 168 2429 270 2484; x_wconf 77' lang='lat' dir='ltr'>genere</span> <span class='ocrx_word' id='word_1_200' title='bbox 288 2412 386 2469; x_wconf 86' lang='lat' dir='ltr'>Givich</span> <span class='ocrx_word' id='word_1_201' title='bbox 403 2416 463 2482; x_wconf 90' lang='lat' dir='ltr'>(aut</span> <span class='ocrx_word' id='word_1_202' title='bbox 481 2411 591 2482; x_wconf 86' lang='lat' dir='ltr'>Ginich)</span> <span class='ocrx_word' id='word_1_203' title='bbox 609 2413 696 2468; x_wconf 90' lang='lat' dir='ltr'>libera</span> <span class='ocrx_word' id='word_1_204' title='bbox 714 2414 856 2484; x_wconf 89' lang='lat' dir='ltr'>potiantur</span> <span class='ocrx_word' id='word_1_205' title='bbox 869 2415 1001 2470; x_wconf 82' lang='lat' dir='ltr'>facultate</span> <span class='ocrx_word' id='word_1_206' title='bbox 1019 2415 1137 2486; x_wconf 82' lang='lat' dir='ltr'>eligendi</span> <span class='ocrx_word' id='word_1_207' title='bbox 1156 2415 1209 2470; x_wconf 91' lang='lat' dir='ltr'>sibi</span> <span class='ocrx_word' id='word_1_208' title='bbox 1227 2416 1355 2472; x_wconf 89' lang='lat' dir='ltr'>comitem</span> 
     </span>
     <span class='ocr_line' id='line_1_23' title="bbox 114 2499 1357 2574; baseline 0.002 -18"><span class='ocrx_word' id='word_1_209' title='bbox 114 2499 151 2556; x_wconf 90' lang='lat' dir='ltr'>de</span> <span class='ocrx_word' id='word_1_210' title='bbox 167 2500 324 2570; x_wconf 80' lang='lat' dir='ltr'>Hungaria,</span> <span class='ocrx_word' id='word_1_211' title='bbox 342 2507 370 2556; x_wconf 83' lang='lat' dir='ltr'>et</span> <span class='ocrx_word' id='word_1_212' title='bbox 387 2499 423 2556; x_wconf 90' lang='lat' dir='ltr'>ad</span> <span class='ocrx_word' id='word_1_213' title='bbox 442 2517 558 2570; x_wconf 81' lang='lat' dir='ltr'>regnum</span> <span class='ocrx_word' id='word_1_214' title='bbox 577 2501 740 2570; x_wconf 87' lang='lat' dir='ltr'>Hnngariae</span> <span class='ocrx_word' id='word_1_215' title='bbox 759 2499 947 2572; x_wconf 83' lang='lat' dir='ltr'>pertinentem,</span> <span class='ocrx_word' id='word_1_216' title='bbox 967 2518 1050 2574; x_wconf 87' lang='lat' dir='ltr'>quem</span> <span class='ocrx_word' id='word_1_217' title='bbox 1069 2503 1121 2558; x_wconf 90' lang='lat' dir='ltr'>eibi</span> <span class='ocrx_word' id='word_1_218' title='bbox 1139 2503 1277 2564; x_wconf 89' lang='lat' dir='ltr'>utiliorem</span> <span class='ocrx_word' id='word_1_219' title='bbox 1296 2519 1357 2559; x_wconf 87' lang='lat' dir='ltr'>esse</span> 
     </span>
     <span class='ocr_line' id='line_1_24' title="bbox 114 2588 1357 2662; baseline 0 -18"><span class='ocrx_word' id='word_1_220' title='bbox 114 2589 319 2658; x_wconf 81' lang='lat' dir='ltr'>conspexerint,</span> <span class='ocrx_word' id='word_1_221' title='bbox 339 2588 560 2660; x_wconf 85' lang='lat' dir='ltr'>praesentabitur</span> <span class='ocrx_word' id='word_1_222' title='bbox 578 2594 672 2643; x_wconf 90' lang='lat' dir='ltr'>autem</span> <span class='ocrx_word' id='word_1_223' title='bbox 689 2591 747 2658; x_wconf 80' lang='lat' dir='ltr'>regi</span> <span class='ocrx_word' id='word_1_224' title='bbox 766 2607 817 2660; x_wconf 91' lang='lat' dir='ltr'>pro</span> <span class='ocrx_word' id='word_1_225' title='bbox 835 2589 1051 2646; x_wconf 87' lang='lat' dir='ltr'>confirmatione.</span> <span class='ocrx_word' id='word_1_226' title='bbox 1079 2591 1227 2662; x_wconf 87' lang='lat' dir='ltr'>Inppanus</span> <span class='ocrx_word' id='word_1_227' title='bbox 1244 2606 1357 2662; x_wconf 89' lang='lat' dir='ltr'>semper</span> 
     </span>
     <span class='ocr_line' id='line_1_25' title="bbox 113 2675 1357 2748; baseline 0.002 -16"><span class='ocrx_word' id='word_1_228' title='bbox 113 2675 150 2732; x_wconf 91' lang='lat' dir='ltr'>de</span> <span class='ocrx_word' id='word_1_229' title='bbox 168 2693 270 2748; x_wconf 81' lang='lat' dir='ltr'>genere</span> <span class='ocrx_word' id='word_1_230' title='bbox 289 2675 386 2730; x_wconf 83' lang='lat' dir='ltr'>Girirh</span> <span class='ocrx_word' id='word_1_231' title='bbox 409 2675 527 2746; x_wconf 83' lang='lat' dir='ltr'>eligatur</span> <span class='ocrx_word' id='word_1_232' title='bbox 544 2681 573 2731; x_wconf 91' lang='lat' dir='ltr'>et</span> <span class='ocrx_word' id='word_1_233' title='bbox 591 2691 641 2746; x_wconf 90' lang='lat' dir='ltr'>per</span> <span class='ocrx_word' id='word_1_234' title='bbox 658 2676 787 2732; x_wconf 88' lang='lat' dir='ltr'>comitem</span> <span class='ocrx_word' id='word_1_235' title='bbox 805 2677 981 2734; x_wconf 87' lang='lat' dir='ltr'>confirmetur</span> <span class='ocrx_word' id='word_1_236' title='bbox 1016 2676 1102 2732; x_wconf 87' lang='lat' dir='ltr'>Nulla</span> <span class='ocrx_word' id='word_1_237' title='bbox 1125 2679 1240 2734; x_wconf 88' lang='lat' dir='ltr'>collecta</span> <span class='ocrx_word' id='word_1_238' title='bbox 1264 2695 1282 2733; x_wconf 91' lang='lat' dir='ltr'>a</span> <span class='ocrx_word' id='word_1_239' title='bbox 1308 2694 1357 2734; x_wconf 78' lang='lat' dir='ltr'>no</span> 
     </span>
     <span class='ocr_line' id='line_1_26' title="bbox 114 2762 1357 2836; baseline 0 -16"><span class='ocrx_word' id='word_1_240' title='bbox 114 2765 219 2820; x_wconf 85' lang='lat' dir='ltr'>bilibus</span> <span class='ocrx_word' id='word_1_241' title='bbox 237 2764 400 2835; x_wconf 89' lang='lat' dir='ltr'>requiratur.</span> <span class='ocrx_word' id='word_1_242' title='bbox 418 2763 548 2834; x_wconf 87' lang='lat' dir='ltr'>Ipsorum</span> <span class='ocrx_word' id='word_1_243' title='bbox 566 2762 678 2819; x_wconf 89' lang='lat' dir='ltr'>libertas</span> <span class='ocrx_word' id='word_1_244' title='bbox 696 2763 725 2818; x_wconf 92' lang='lat' dir='ltr'>in</span> <span class='ocrx_word' id='word_1_245' title='bbox 743 2763 872 2818; x_wconf 87' lang='lat' dir='ltr'>omnibus</span> <span class='ocrx_word' id='word_1_246' title='bbox 890 2771 1074 2820; x_wconf 85' lang='lat' dir='ltr'>conservetur.</span> <span class='ocrx_word' id='word_1_247' title='bbox 1100 2765 1172 2820; x_wconf 85' lang='lat' dir='ltr'>Oum</span> <span class='ocrx_word' id='word_1_248' title='bbox 1195 2766 1255 2836; x_wconf 83' lang='lat' dir='ltr'>regi</span> <span class='ocrx_word' id='word_1_249' title='bbox 1280 2781 1357 2820; x_wconf 89' lang='lat' dir='ltr'>exer·</span> 
     </span>
     <span class='ocr_line' id='line_1_27' title="bbox 113 2849 1356 2922; baseline -0.002 -14"><span class='ocrx_word' id='word_1_250' title='bbox 113 2853 200 2908; x_wconf 88' lang='lat' dir='ltr'>citum</span> <span class='ocrx_word' id='word_1_251' title='bbox 218 2850 308 2906; x_wconf 84' lang='lat' dir='ltr'>faeere</span> <span class='ocrx_word' id='word_1_252' title='bbox 326 2849 469 2922; x_wconf 89' lang='lat' dir='ltr'>placuerit,</span> <span class='ocrx_word' id='word_1_253' title='bbox 497 2849 604 2906; x_wconf 87' lang='lat' dir='ltr'>nobiles</span> <span class='ocrx_word' id='word_1_254' title='bbox 622 2849 657 2906; x_wconf 90' lang='lat' dir='ltr'>de</span> <span class='ocrx_word' id='word_1_255' title='bbox 675 2867 776 2922; x_wconf 79' lang='lat' dir='ltr'>genere</span> <span class='ocrx_word' id='word_1_256' title='bbox 804 2850 903 2908; x_wconf 84' lang='lat' dir='ltr'>Giviuh</span> <span class='ocrx_word' id='word_1_257' title='bbox 929 2869 993 2908; x_wconf 89' lang='lat' dir='ltr'>cum</span> <span class='ocrx_word' id='word_1_258' title='bbox 1020 2851 1130 2908; x_wconf 88' lang='lat' dir='ltr'>duabus</span> <span class='ocrx_word' id='word_1_259' title='bbox 1155 2853 1273 2920; x_wconf 84' lang='lat' dir='ltr'>barcinis,</span> <span class='ocrx_word' id='word_1_260' title='bbox 1299 2853 1356 2908; x_wconf 87' lang='lat' dir='ltr'>suis</span> 
     </span>
     <span class='ocr_line' id='line_1_28' title="bbox 109 2938 1357 3010; baseline 0 -16"><span class='ocrx_word' id='word_1_261' title='bbox 109 2939 246 3010; x_wconf 89' lang='lat' dir='ltr'>impensis</span> <span class='ocrx_word' id='word_1_262' title='bbox 264 2939 435 3010; x_wconf 86' lang='lat' dir='ltr'>praeparatis</span> <span class='ocrx_word' id='word_1_263' title='bbox 453 2943 482 2992; x_wconf 92' lang='lat' dir='ltr'>et</span> <span class='ocrx_word' id='word_1_264' title='bbox 499 2938 611 2993; x_wconf 88' lang='lat' dir='ltr'>armatis</span> <span class='ocrx_word' id='word_1_265' title='bbox 629 2955 686 2994; x_wconf 88' lang='lat' dir='ltr'>una</span> <span class='ocrx_word' id='word_1_266' title='bbox 703 2956 768 2994; x_wconf 88' lang='lat' dir='ltr'>cum</span> <span class='ocrx_word' id='word_1_267' title='bbox 787 2940 882 2994; x_wconf 88' lang='lat' dir='ltr'>nautis</span> <span class='ocrx_word' id='word_1_268' title='bbox 901 2945 930 2994; x_wconf 89' lang='lat' dir='ltr'>et</span> <span class='ocrx_word' id='word_1_269' title='bbox 941 2940 1153 3010; x_wconf 83' lang='lat' dir='ltr'>remigatoribue</span> <span class='ocrx_word' id='word_1_270' title='bbox 1167 2941 1268 2996; x_wconf 86' lang='lat' dir='ltr'>servire</span> <span class='ocrx_word' id='word_1_271' title='bbox 1281 2945 1357 2995; x_wconf 89' lang='lat' dir='ltr'>tene·</span> 
     </span>
     <span class='ocr_line' id='line_1_29' title="bbox 111 3026 1358 3098; baseline 0 -16"><span class='ocrx_word' id='word_1_272' title='bbox 111 3035 207 3094; x_wconf 87' lang='lat' dir='ltr'>antur;</span> <span class='ocrx_word' id='word_1_273' title='bbox 232 3031 399 3082; x_wconf 86' lang='lat' dir='ltr'>mercatores</span> <span class='ocrx_word' id='word_1_274' title='bbox 418 3041 467 3096; x_wconf 90' lang='lat' dir='ltr'>per</span> <span class='ocrx_word' id='word_1_275' title='bbox 484 3026 643 3081; x_wconf 80' lang='lat' dir='ltr'>universum</span> <span class='ocrx_word' id='word_1_276' title='bbox 667 3043 784 3098; x_wconf 81' lang='lat' dir='ltr'>regnum</span> <span class='ocrx_word' id='word_1_277' title='bbox 809 3028 947 3084; x_wconf 89' lang='lat' dir='ltr'>immunes</span> <span class='ocrx_word' id='word_1_278' title='bbox 965 3045 983 3082; x_wconf 90' lang='lat' dir='ltr'>a</span> <span class='ocrx_word' id='word_1_279' title='bbox 1000 3027 1138 3082; x_wconf 82' lang='lat' dir='ltr'>solutione</span> <span class='ocrx_word' id='word_1_280' title='bbox 1156 3027 1254 3082; x_wconf 89' lang='lat' dir='ltr'>tributi</span> <span class='ocrx_word' id='word_1_281' title='bbox 1271 3027 1358 3082; x_wconf 90' lang='lat' dir='ltr'>habe·</span> 
     </span>
     <span class='ocr_line' id='line_1_30' title="bbox 112 3113 1354 3186; baseline -0.002 -14"><span class='ocrx_word' id='word_1_282' title='bbox 112 3121 202 3172; x_wconf 89' lang='lat' dir='ltr'>antur.</span> <span class='ocrx_word' id='word_1_283' title='bbox 227 3113 330 3169; x_wconf 85' lang='lat' dir='ltr'>Nullus</span> <span class='ocrx_word' id='word_1_284' title='bbox 348 3113 483 3169; x_wconf 90' lang='lat' dir='ltr'>nobilium</span> <span class='ocrx_word' id='word_1_285' title='bbox 500 3130 593 3169; x_wconf 89' lang='lat' dir='ltr'>eoram</span> <span class='ocrx_word' id='word_1_286' title='bbox 614 3119 745 3170; x_wconf 81' lang='lat' dir='ltr'>extraneo</span> <span class='ocrx_word' id='word_1_287' title='bbox 761 3115 856 3186; x_wconf 87' lang='lat' dir='ltr'>judice</span> <span class='ocrx_word' id='word_1_288' title='bbox 874 3131 1034 3186; x_wconf 87' lang='lat' dir='ltr'>comparere</span> <span class='ocrx_word' id='word_1_289' title='bbox 1053 3121 1187 3182; x_wconf 86' lang='lat' dir='ltr'>teneatur,</span> <span class='ocrx_word' id='word_1_290' title='bbox 1212 3115 1265 3169; x_wconf 88' lang='lat' dir='ltr'>nisi</span> <span class='ocrx_word' id='word_1_291' title='bbox 1283 3113 1354 3170; x_wconf 86' lang='lat' dir='ltr'>forte</span> 
     </span>
     <span class='ocr_line' id='line_1_31' title="bbox 113 3200 1357 3274; baseline -0.002 -16"><span class='ocrx_word' id='word_1_292' title='bbox 113 3203 221 3274; x_wconf 82' lang='lat' dir='ltr'>regiam</span> <span class='ocrx_word' id='word_1_293' title='bbox 239 3202 411 3257; x_wconf 86' lang='lat' dir='ltr'>maiestatem</span> <span class='ocrx_word' id='word_1_294' title='bbox 426 3201 455 3256; x_wconf 93' lang='lat' dir='ltr'>in</span> <span class='ocrx_word' id='word_1_295' title='bbox 470 3201 639 3256; x_wconf 88' lang='lat' dir='ltr'>Dalmatiam</span> <span class='ocrx_word' id='word_1_296' title='bbox 653 3203 825 3272; x_wconf 81' lang='lat' dir='ltr'>contingeret</span> <span class='ocrx_word' id='word_1_297' title='bbox 839 3202 976 3258; x_wconf 88' lang='lat' dir='ltr'>advenire.</span> <span class='ocrx_word' id='word_1_298' title='bbox 996 3201 1148 3273; x_wconf 81' lang='lat' dir='ltr'>Emigratio</span> <span class='ocrx_word' id='word_1_299' title='bbox 1161 3201 1248 3256; x_wconf 90' lang='lat' dir='ltr'>libera</span> <span class='ocrx_word' id='word_1_300' title='bbox 1266 3200 1357 3256; x_wconf 88' lang='lat' dir='ltr'>decla-</span> 
     </span>
     <span class='ocr_line' id='line_1_32' title="bbox 114 3289 1356 3363; baseline -0.001 -17"><span class='ocrx_word' id='word_1_301' title='bbox 114 3296 193 3346; x_wconf 90' lang='lat' dir='ltr'>ratur</span> <span class='ocrx_word' id='word_1_302' title='bbox 213 3307 277 3346; x_wconf 89' lang='lat' dir='ltr'>eum</span> <span class='ocrx_word' id='word_1_303' title='bbox 295 3295 354 3345; x_wconf 89' lang='lat' dir='ltr'>tota</span> <span class='ocrx_word' id='word_1_304' title='bbox 370 3289 482 3344; x_wconf 84' lang='lat' dir='ltr'>familia</span> <span class='ocrx_word' id='word_1_305' title='bbox 510 3289 615 3344; x_wconf 90' lang='lat' dir='ltr'>Datum</span> <span class='ocrx_word' id='word_1_306' title='bbox 639 3307 689 3361; x_wconf 89' lang='lat' dir='ltr'>per</span> <span class='ocrx_word' id='word_1_307' title='bbox 712 3289 885 3362; x_wconf 78' lang='lat' dir='ltr'>Stephanum</span> <span class='ocrx_word' id='word_1_308' title='bbox 909 3292 1071 3363; x_wconf 88' lang='lat' dir='ltr'>episcopum</span> <span class='ocrx_word' id='word_1_309' title='bbox 1095 3290 1259 3346; x_wconf 83' lang='lat' dir='ltr'>vaciensem.</span> <span class='ocrx_word' id='word_1_310' title='bbox 1278 3290 1356 3345; x_wconf 87' lang='lat' dir='ltr'>Inter</span> 
     </span>
     <span class='ocr_line' id='line_1_33' title="bbox 119 3377 953 3449; baseline -0.001 -14"><span class='ocrx_word' id='word_1_311' title='bbox 119 3378 297 3449; x_wconf 89' lang='lat' dir='ltr'>subscriptos</span> <span class='ocrx_word' id='word_1_312' title='bbox 315 3377 458 3432; x_wconf 86' lang='lat' dir='ltr'>Dionisins</span> <span class='ocrx_word' id='word_1_313' title='bbox 477 3377 567 3432; x_wconf 91' lang='lat' dir='ltr'>banus</span> <span class='ocrx_word' id='word_1_314' title='bbox 585 3383 612 3432; x_wconf 90' lang='lat' dir='ltr'>et</span> <span class='ocrx_word' id='word_1_315' title='bbox 629 3377 687 3432; x_wconf 86' lang='lat' dir='ltr'>dux</span> <span class='ocrx_word' id='word_1_316' title='bbox 705 3383 781 3433; x_wconf 87' lang='lat' dir='ltr'>totns</span> <span class='ocrx_word' id='word_1_317' title='bbox 800 3378 953 3434; x_wconf 81' lang='lat' dir='ltr'>Slavoniaa</span> 
     </span>
    </p>

    <p class='ocr_par' dir='ltr' id='par_1_7' title="bbox 168 3465 987 3536">
     <span class='ocr_line' id='line_1_34' title="bbox 168 3465 987 3536; baseline -0.001 -15"><span class='ocrx_word' id='word_1_318' title='bbox 168 3467 289 3521; x_wconf 82' lang='lat' dir='ltr'>Lurius:</span> <span class='ocrx_word' id='word_1_319' title='bbox 308 3467 349 3520; x_wconf 84' lang='lat' dir='ltr'>De</span> <span class='ocrx_word' id='word_1_320' title='bbox 366 3481 448 3536; x_wconf 76' lang='lat' dir='ltr'>repro</span> <span class='ocrx_word' id='word_1_321' title='bbox 467 3465 558 3520; x_wconf 87' lang='lat' dir='ltr'>Dalm.</span> <span class='ocrx_word' id='word_1_322' title='bbox 578 3471 603 3522; x_wconf 84' lang='lat' dir='ltr'>et</span> <span class='ocrx_word' id='word_1_323' title='bbox 624 3465 716 3520; x_wconf 82' lang='lat' dir='ltr'>Oroot.</span> <span class='ocrx_word' id='word_1_324' title='bbox 734 3465 794 3520; x_wconf 80' lang='lat' dir='ltr'>Lib.</span> <span class='ocrx_word' id='word_1_325' title='bbox 813 3467 864 3520; x_wconf 87' lang='lat' dir='ltr'>IV.</span> <span class='ocrx_word' id='word_1_326' title='bbox 884 3482 945 3535; x_wconf 84' lang='lat' dir='ltr'>cop.</span> <span class='ocrx_word' id='word_1_327' title='bbox 963 3469 987 3521; x_wconf 79' lang='lat'>5.</span> 
     </span>
    </p>
   </div>
   <div class='ocr_carea' id='block_1_5' title="bbox 113 3588 1359 4539">
    <p class='ocr_par' dir='ltr' id='par_1_8' title="bbox 113 3588 1359 4539">
     <span class='ocr_line' id='line_1_35' title="bbox 168 3588 1357 3659; baseline -0.001 -14"><span class='ocrx_word' id='word_1_328' title='bbox 168 3589 380 3646; x_wconf 82' lang='lat' dir='ltr'>COOOXVIII.</span> <span class='ocrx_word' id='word_1_329' title='bbox 400 3591 435 3644; x_wconf 81' lang='lat' dir='ltr'>Ia</span> <span class='ocrx_word' id='word_1_330' title='bbox 453 3589 568 3659; x_wconf 83' lang='lat' dir='ltr'>clissia,</span> <span class='ocrx_word' id='word_1_331' title='bbox 588 3589 663 3644; x_wconf 86' lang='lat' dir='ltr'>circo</span> <span class='ocrx_word' id='word_1_332' title='bbox 681 3593 723 3644; x_wconf 89' lang='lat'>12.</span> <span class='ocrx_word' id='word_1_333' title='bbox 742 3589 839 3644; x_wconf 69' lang='lat' dir='ltr'>nensis</span> <span class='ocrx_word' id='word_1_334' title='bbox 857 3590 1027 3644; x_wconf 71' lang='lat' dir='ltr'>troistest.</span> <span class='ocrx_word' id='word_1_335' title='bbox 1045 3588 1114 3644; x_wconf 89' lang='lat' dir='ltr'>Bela</span> <span class='ocrx_word' id='word_1_336' title='bbox 1140 3588 1184 3644; x_wconf 91' lang='lat' dir='ltr'>IV</span> <span class='ocrx_word' id='word_1_337' title='bbox 1201 3605 1251 3644; x_wconf 82' lang='lat' dir='ltr'>rex</span> <span class='ocrx_word' id='word_1_338' title='bbox 1269 3590 1357 3644; x_wconf 91' lang='lat' dir='ltr'>mani·</span> 
     </span>
     <span class='ocr_line' id='line_1_36' title="bbox 115 3675 1354 3748; baseline -0.002 -14"><span class='ocrx_word' id='word_1_339' title='bbox 115 3681 208 3745; x_wconf 80' lang='lat' dir='ltr'>laetat,</span> <span class='ocrx_word' id='word_1_340' title='bbox 227 3678 301 3733; x_wconf 86' lang='lat' dir='ltr'>cives</span> <span class='ocrx_word' id='word_1_341' title='bbox 318 3675 468 3732; x_wconf 82' lang='lat' dir='ltr'>ledrenses</span> <span class='ocrx_word' id='word_1_342' title='bbox 481 3675 516 3730; x_wconf 90' lang='lat' dir='ltr'>ad</span> <span class='ocrx_word' id='word_1_343' title='bbox 533 3693 597 3730; x_wconf 90' lang='lat' dir='ltr'>eum</span> <span class='ocrx_word' id='word_1_344' title='bbox 614 3677 754 3732; x_wconf 83' lang='lat' dir='ltr'>communi</span> <span class='ocrx_word' id='word_1_345' title='bbox 772 3677 915 3748; x_wconf 89' lang='lat' dir='ltr'>proposito</span> <span class='ocrx_word' id='word_1_346' title='bbox 933 3676 1073 3731; x_wconf 82' lang='lat' dir='ltr'>venientes</span> <span class='ocrx_word' id='word_1_347' title='bbox 1092 3675 1260 3747; x_wconf 86' lang='lat' dir='ltr'>promisisse,</span> <span class='ocrx_word' id='word_1_348' title='bbox 1279 3676 1354 3748; x_wconf 89' lang='lat' dir='ltr'>quod</span> 
     </span>
     <span class='ocr_line' id='line_1_37' title="bbox 114 3763 1357 3836; baseline -0.003 -14"><span class='ocrx_word' id='word_1_349' title='bbox 114 3765 270 3824; x_wconf 86' lang='lat' dir='ltr'>seeundum</span> <span class='ocrx_word' id='word_1_350' title='bbox 289 3764 437 3836; x_wconf 81' lang='lat' dir='ltr'>privilegia,</span> <span class='ocrx_word' id='word_1_351' title='bbox 462 3781 480 3818; x_wconf 90' lang='lat' dir='ltr'>a</span> <span class='ocrx_word' id='word_1_352' title='bbox 497 3763 757 3835; x_wconf 83' lang='lat' dir='ltr'>praedecessoribus</span> <span class='ocrx_word' id='word_1_353' title='bbox 781 3763 841 3819; x_wconf 89' lang='lat' dir='ltr'>eius</span> <span class='ocrx_word' id='word_1_354' title='bbox 866 3764 906 3818; x_wconf 90' lang='lat' dir='ltr'>eis</span> <span class='ocrx_word' id='word_1_355' title='bbox 924 3780 1062 3832; x_wconf 88' lang='lat' dir='ltr'>concessa,</span> <span class='ocrx_word' id='word_1_356' title='bbox 1081 3763 1243 3820; x_wconf 88' lang='lat' dir='ltr'>fidelitatem</span> <span class='ocrx_word' id='word_1_357' title='bbox 1261 3763 1286 3818; x_wconf 92' lang='lat' dir='ltr'>ei</span> <span class='ocrx_word' id='word_1_358' title='bbox 1310 3763 1357 3819; x_wconf 91' lang='lat' dir='ltr'>de-</span> 
     </span>
     <span class='ocr_line' id='line_1_38' title="bbox 113 3851 1359 3923; baseline -0.002 -14"><span class='ocrx_word' id='word_1_359' title='bbox 113 3855 202 3910; x_wconf 86' lang='lat' dir='ltr'>bitam</span> <span class='ocrx_word' id='word_1_360' title='bbox 220 3853 368 3909; x_wconf 81' lang='lat' dir='ltr'>observare</span> <span class='ocrx_word' id='word_1_361' title='bbox 386 3852 477 3920; x_wconf 86' lang='lat' dir='ltr'>velint,</span> <span class='ocrx_word' id='word_1_362' title='bbox 503 3868 621 3923; x_wconf 89' lang='lat' dir='ltr'>quorum</span> <span class='ocrx_word' id='word_1_363' title='bbox 639 3867 771 3907; x_wconf 86' lang='lat' dir='ltr'>occurens</span> <span class='ocrx_word' id='word_1_364' title='bbox 790 3867 913 3918; x_wconf 76' lang='lat' dir='ltr'>smenon,</span> <span class='ocrx_word' id='word_1_365' title='bbox 938 3851 1034 3906; x_wconf 83' lang='lat' dir='ltr'>habito</span> <span class='ocrx_word' id='word_1_366' title='bbox 1066 3867 1181 3906; x_wconf 90' lang='lat' dir='ltr'>suorum</span> <span class='ocrx_word' id='word_1_367' title='bbox 1205 3851 1359 3923; x_wconf 89' lang='lat' dir='ltr'>principum</span> 
     </span>
     <span class='ocr_line' id='line_1_39' title="bbox 115 3938 1354 4012; baseline -0.006 -12"><span class='ocrx_word' id='word_1_368' title='bbox 115 3942 241 4012; x_wconf 87' lang='lat' dir='ltr'>coneilio,</span> <span class='ocrx_word' id='word_1_369' title='bbox 260 3939 386 4006; x_wconf 84' lang='lat' dir='ltr'>decrevit,</span> <span class='ocrx_word' id='word_1_370' title='bbox 413 3939 488 4012; x_wconf 89' lang='lat' dir='ltr'>qnod</span> <span class='ocrx_word' id='word_1_371' title='bbox 506 3939 725 4006; x_wconf 85' lang='lat' dir='ltr'>conventionem,</span> <span class='ocrx_word' id='word_1_372' title='bbox 749 3955 834 4010; x_wconf 89' lang='lat' dir='ltr'>quam</span> <span class='ocrx_word' id='word_1_373' title='bbox 852 3939 936 3994; x_wconf 86' lang='lat' dir='ltr'>irater</span> <span class='ocrx_word' id='word_1_374' title='bbox 953 3939 1013 3995; x_wconf 88' lang='lat' dir='ltr'>eius</span> <span class='ocrx_word' id='word_1_375' title='bbox 1032 3938 1119 3995; x_wconf 83' lang='lat' dir='ltr'>felicis</span> <span class='ocrx_word' id='word_1_376' title='bbox 1137 3939 1286 3994; x_wconf 89' lang='lat' dir='ltr'>memoriae</span> <span class='ocrx_word' id='word_1_377' title='bbox 1303 3955 1354 3994; x_wconf 83' lang='lat' dir='ltr'>rer</span> 
     </span>
     <span class='ocr_line' id='line_1_40' title="bbox 115 4026 1353 4094; baseline -0.006 -7"><span class='ocrx_word' id='word_1_378' title='bbox 115 4031 287 4087; x_wconf 85' lang='lat' dir='ltr'>Colomauns</span> <span class='ocrx_word' id='word_1_379' title='bbox 306 4044 370 4082; x_wconf 89' lang='lat' dir='ltr'>oum</span> <span class='ocrx_word' id='word_1_380' title='bbox 388 4026 492 4083; x_wconf 90' lang='lat' dir='ltr'>eisdem</span> <span class='ocrx_word' id='word_1_381' title='bbox 516 4027 650 4082; x_wconf 88' lang='lat' dir='ltr'>maturius</span> <span class='ocrx_word' id='word_1_382' title='bbox 675 4026 856 4094; x_wconf 83' lang='lat' dir='ltr'>ordinaverat,</span> <span class='ocrx_word' id='word_1_383' title='bbox 897 4032 971 4082; x_wconf 87' lang='lat' dir='ltr'>atam</span> <span class='ocrx_word' id='word_1_384' title='bbox 989 4026 1092 4082; x_wconf 89' lang='lat' dir='ltr'>habere</span> <span class='ocrx_word' id='word_1_385' title='bbox 1109 4027 1174 4081; x_wconf 89' lang='lat' dir='ltr'>velit</span> <span class='ocrx_word' id='word_1_386' title='bbox 1192 4031 1220 4081; x_wconf 91' lang='lat' dir='ltr'>et</span> <span class='ocrx_word' id='word_1_387' title='bbox 1237 4026 1353 4080; x_wconf 86' lang='lat' dir='ltr'>firmam</span> 
     </span>
     <span class='ocr_line' id='line_1_41' title="bbox 115 4113 1355 4186; baseline -0.002 -14"><span class='ocrx_word' id='word_1_388' title='bbox 115 4117 204 4174; x_wconf 83' lang='lat' dir='ltr'>Cuius</span> <span class='ocrx_word' id='word_1_389' title='bbox 222 4113 413 4172; x_wconf 81' lang='lat' dir='ltr'>conventionis</span> <span class='ocrx_word' id='word_1_390' title='bbox 431 4115 500 4170; x_wconf 89' lang='lat' dir='ltr'>serie</span> <span class='ocrx_word' id='word_1_391' title='bbox 519 4114 686 4170; x_wconf 88' lang='lat' dir='ltr'>continetur:</span> <span class='ocrx_word' id='word_1_392' title='bbox 706 4113 781 4186; x_wconf 91' lang='lat' dir='ltr'>quod</span> <span class='ocrx_word' id='word_1_393' title='bbox 800 4113 953 4170; x_wconf 89' lang='lat' dir='ltr'>secundum</span> <span class='ocrx_word' id='word_1_394' title='bbox 970 4115 1116 4170; x_wconf 87' lang='lat' dir='ltr'>consilium</span> <span class='ocrx_word' id='word_1_395' title='bbox 1134 4131 1167 4185; x_wconf 90' lang='lat' dir='ltr'>pr</span> <span class='ocrx_word' id='word_1_396' title='bbox 1186 4113 1284 4169; x_wconf 89' lang='lat' dir='ltr'>borum</span> <span class='ocrx_word' id='word_1_397' title='bbox 1306 4114 1355 4170; x_wconf 94' lang='lat' dir='ltr'>ho·</span> 
     </span>
     <span class='ocr_line' id='line_1_42' title="bbox 114 4199 1354 4272; baseline -0.002 -12"><span class='ocrx_word' id='word_1_398' title='bbox 114 4207 221 4260; x_wconf 86' lang='lat' dir='ltr'>minum</span> <span class='ocrx_word' id='word_1_399' title='bbox 240 4203 268 4258; x_wconf 90' lang='lat' dir='ltr'>in</span> <span class='ocrx_word' id='word_1_400' title='bbox 285 4203 373 4258; x_wconf 90' lang='lat' dir='ltr'>Jadra</span> <span class='ocrx_word' id='word_1_401' title='bbox 391 4201 567 4258; x_wconf 82' lang='lat' dir='ltr'>existentium</span> <span class='ocrx_word' id='word_1_402' title='bbox 583 4207 690 4257; x_wconf 89' lang='lat' dir='ltr'>tantam</span> <span class='ocrx_word' id='word_1_403' title='bbox 709 4219 845 4256; x_wconf 90' lang='lat' dir='ltr'>summam</span> <span class='ocrx_word' id='word_1_404' title='bbox 870 4201 1011 4272; x_wconf 88' lang='lat' dir='ltr'>pecuniae,</span> <span class='ocrx_word' id='word_1_405' title='bbox 1039 4219 1095 4272; x_wconf 86' lang='lat' dir='ltr'>qua</span> <span class='ocrx_word' id='word_1_406' title='bbox 1112 4199 1262 4256; x_wconf 88' lang='lat' dir='ltr'>destructio</span> <span class='ocrx_word' id='word_1_407' title='bbox 1282 4201 1354 4258; x_wconf 86' lang='lat' dir='ltr'>muri</span> 
     </span>
     <span class='ocr_line' id='line_1_43' title="bbox 116 4288 1359 4362; baseline -0.002 -13"><span class='ocrx_word' id='word_1_408' title='bbox 116 4293 159 4349; x_wconf 87' lang='lat' dir='ltr'>val</span> <span class='ocrx_word' id='word_1_409' title='bbox 176 4293 259 4348; x_wconf 89' lang='lat' dir='ltr'>ruina</span> <span class='ocrx_word' id='word_1_410' title='bbox 275 4309 311 4346; x_wconf 84' lang='lat' dir='ltr'>ex</span> <span class='ocrx_word' id='word_1_411' title='bbox 329 4295 407 4362; x_wconf 88' lang='lat' dir='ltr'>parte</span> <span class='ocrx_word' id='word_1_412' title='bbox 434 4289 517 4344; x_wconf 85' lang='lat' dir='ltr'>marie</span> <span class='ocrx_word' id='word_1_413' title='bbox 544 4288 580 4343; x_wconf 90' lang='lat' dir='ltr'>ad</span> <span class='ocrx_word' id='word_1_414' title='bbox 606 4290 680 4360; x_wconf 79' lang='lat' dir='ltr'>regis</span> <span class='ocrx_word' id='word_1_415' title='bbox 707 4289 884 4346; x_wconf 89' lang='lat' dir='ltr'>commodum</span> <span class='ocrx_word' id='word_1_416' title='bbox 902 4294 929 4344; x_wconf 93' lang='lat' dir='ltr'>et</span> <span class='ocrx_word' id='word_1_417' title='bbox 946 4288 1080 4344; x_wconf 89' lang='lat' dir='ltr'>bonorem</span> <span class='ocrx_word' id='word_1_418' title='bbox 1108 4288 1198 4344; x_wconf 88' lang='lat' dir='ltr'>veleat</span> <span class='ocrx_word' id='word_1_419' title='bbox 1223 4291 1359 4360; x_wconf 87' lang='lat' dir='ltr'>reparari,</span> 
     </span>
     <span class='ocr_line' id='line_1_44' title="bbox 115 4375 1354 4449; baseline -0.003 -13"><span class='ocrx_word' id='word_1_420' title='bbox 115 4381 182 4436; x_wconf 90' lang='lat' dir='ltr'>dare</span> <span class='ocrx_word' id='word_1_421' title='bbox 200 4383 336 4436; x_wconf 84' lang='lat' dir='ltr'>teneatur.</span> <span class='ocrx_word' id='word_1_422' title='bbox 355 4378 473 4448; x_wconf 87' lang='lat' dir='ltr'>insuper</span> <span class='ocrx_word' id='word_1_423' title='bbox 491 4383 592 4432; x_wconf 85' lang='lat' dir='ltr'>terram</span> <span class='ocrx_word' id='word_1_424' title='bbox 610 4393 627 4430; x_wconf 89' lang='lat' dir='ltr'>a</span> <span class='ocrx_word' id='word_1_425' title='bbox 645 4375 758 4449; x_wconf 87' lang='lat' dir='ltr'>Nedijni</span> <span class='ocrx_word' id='word_1_426' title='bbox 772 4375 885 4446; x_wconf 82' lang='lat' dir='ltr'>(Nedin)</span> <span class='ocrx_word' id='word_1_427' title='bbox 899 4391 988 4446; x_wconf 81' lang='lat' dir='ltr'>usque</span> <span class='ocrx_word' id='word_1_428' title='bbox 1000 4375 1125 4446; x_wconf 76' lang='lat' dir='ltr'>Regrma,</span> <span class='ocrx_word' id='word_1_429' title='bbox 1145 4381 1253 4448; x_wconf 88' lang='lat' dir='ltr'>praeter</span> <span class='ocrx_word' id='word_1_430' title='bbox 1269 4377 1354 4446; x_wconf 90' lang='lat' dir='ltr'>illam,</span> 
     </span>
     <span class='ocr_line' id='line_1_45' title="bbox 116 4461 1357 4539; baseline -0.002 -16"><span class='ocrx_word' id='word_1_431' title='bbox 116 4485 202 4539; x_wconf 89' lang='lat' dir='ltr'>quam</span> <span class='ocrx_word' id='word_1_432' title='bbox 220 4465 303 4522; x_wconf 87' lang='lat' dir='ltr'>modo</span> <span class='ocrx_word' id='word_1_433' title='bbox 322 4463 475 4536; x_wconf 89' lang='lat' dir='ltr'>possident,</span> <span class='ocrx_word' id='word_1_434' title='bbox 498 4464 564 4519; x_wconf 90' lang='lat' dir='ltr'>item</span> <span class='ocrx_word' id='word_1_435' title='bbox 587 4465 714 4535; x_wconf 89' lang='lat' dir='ltr'>superius</span> <span class='ocrx_word' id='word_1_436' title='bbox 738 4480 827 4536; x_wconf 88' lang='lat' dir='ltr'>nsque</span> <span class='ocrx_word' id='word_1_437' title='bbox 851 4461 887 4518; x_wconf 93' lang='lat' dir='ltr'>ad</span> <span class='ocrx_word' id='word_1_438' title='bbox 906 4462 1074 4518; x_wconf 88' lang='lat' dir='ltr'>Martindam</span> <span class='ocrx_word' id='word_1_439' title='bbox 1094 4464 1122 4516; x_wconf 91' lang='lat' dir='ltr'>in</span> <span class='ocrx_word' id='word_1_440' title='bbox 1140 4478 1223 4531; x_wconf 89' lang='lat' dir='ltr'>mare,</span> <span class='ocrx_word' id='word_1_441' title='bbox 1248 4469 1357 4533; x_wconf 89' lang='lat' dir='ltr'>praeter</span> 
     </span>
    </p>
   </div>
   <div class='ocr_carea' id='block_1_6' title="bbox 115 4547 1358 4800">
    <p class='ocr_par' dir='ltr' id='par_1_9' title="bbox 115 4547 1358 4800">
     <span class='ocr_line' id='line_1_46' title="bbox 115 4547 1353 4626; baseline -0.005 -14"><span class='ocrx_word' id='word_1_442' title='bbox 115 4561 218 4612; x_wconf 89' lang='lat' dir='ltr'>terram</span> <span class='ocrx_word' id='word_1_443' title='bbox 245 4553 427 4626; x_wconf 76' lang='lat' dir='ltr'>pertinentem</span> <span class='ocrx_word' id='word_1_444' title='bbox 454 4551 489 4607; x_wconf 91' lang='lat' dir='ltr'>ad</span> <span class='ocrx_word' id='word_1_445' title='bbox 516 4552 677 4608; x_wconf 90' lang='lat' dir='ltr'>comitatum</span> <span class='ocrx_word' id='word_1_446' title='bbox 703 4551 802 4608; x_wconf 87' lang='lat' dir='ltr'>Nonae</span> <span class='ocrx_word' id='word_1_447' title='bbox 820 4557 847 4608; x_wconf 91' lang='lat' dir='ltr'>et</span> <span class='ocrx_word' id='word_1_448' title='bbox 865 4557 965 4608; x_wconf 88' lang='lat' dir='ltr'>terram</span> <span class='ocrx_word' id='word_1_449' title='bbox 991 4549 1071 4606; x_wconf 89' lang='lat' dir='ltr'>Jubil</span> <span class='ocrx_word' id='word_1_450' title='bbox 1097 4547 1215 4622; x_wconf 81' lang='lat' dir='ltr'>(Ljnbel,</span> <span class='ocrx_word' id='word_1_451' title='bbox 1241 4549 1353 4620; x_wconf 89' lang='lat' dir='ltr'>Ljuba),</span> 
     </span>
     <span class='ocr_line' id='line_1_47' title="bbox 117 4634 1355 4714; baseline -0.005 -16"><span class='ocrx_word' id='word_1_452' title='bbox 117 4659 190 4714; x_wconf 86' lang='lat' dir='ltr'>quae</span> <span class='ocrx_word' id='word_1_453' title='bbox 209 4647 252 4697; x_wconf 87' lang='lat' dir='ltr'>eet</span> <span class='ocrx_word' id='word_1_454' title='bbox 268 4639 499 4712; x_wconf 84' lang='lat' dir='ltr'>Hospitaliorum,</span> <span class='ocrx_word' id='word_1_455' title='bbox 523 4655 593 4710; x_wconf 88' lang='lat' dir='ltr'>quae</span> <span class='ocrx_word' id='word_1_456' title='bbox 613 4638 666 4694; x_wconf 92' lang='lat' dir='ltr'>illis</span> <span class='ocrx_word' id='word_1_457' title='bbox 684 4656 740 4694; x_wconf 90' lang='lat' dir='ltr'>non</span> <span class='ocrx_word' id='word_1_458' title='bbox 758 4639 881 4694; x_wconf 89' lang='lat' dir='ltr'>contulit.</span> <span class='ocrx_word' id='word_1_459' title='bbox 900 4637 1038 4695; x_wconf 89' lang='lat' dir='ltr'>Praedioti</span> <span class='ocrx_word' id='word_1_460' title='bbox 1056 4655 1121 4692; x_wconf 86' lang='lat' dir='ltr'>vero</span> <span class='ocrx_word' id='word_1_461' title='bbox 1139 4634 1289 4692; x_wconf 87' lang='lat' dir='ltr'>Jadrenses</span> <span class='ocrx_word' id='word_1_462' title='bbox 1308 4636 1355 4692; x_wconf 92' lang='lat' dir='ltr'>de·</span> 
     </span>
     <span class='ocr_line' id='line_1_48' title="bbox 118 4721 1358 4800; baseline -0.006 -16"><span class='ocrx_word' id='word_1_463' title='bbox 118 4728 225 4786; x_wconf 89' lang='lat' dir='ltr'>bebunt</span> <span class='ocrx_word' id='word_1_464' title='bbox 241 4728 300 4800; x_wconf 76' lang='lat' dir='ltr'>regi</span> <span class='ocrx_word' id='word_1_465' title='bbox 318 4733 346 4784; x_wconf 91' lang='lat' dir='ltr'>et</span> <span class='ocrx_word' id='word_1_466' title='bbox 363 4725 570 4784; x_wconf 86' lang='lat' dir='ltr'>suecessoribus</span> <span class='ocrx_word' id='word_1_467' title='bbox 589 4725 648 4782; x_wconf 88' lang='lat' dir='ltr'>eius</span> <span class='ocrx_word' id='word_1_468' title='bbox 662 4725 772 4782; x_wconf 82' lang='lat' dir='ltr'>servitia</span> <span class='ocrx_word' id='word_1_469' title='bbox 784 4741 909 4782; x_wconf 88' lang='lat' dir='ltr'>camerae</span> <span class='ocrx_word' id='word_1_470' title='bbox 920 4725 1012 4795; x_wconf 80' lang='lat' dir='ltr'>regiae</span> <span class='ocrx_word' id='word_1_471' title='bbox 1024 4721 1206 4781; x_wconf 86' lang='lat' dir='ltr'>communiter</span> <span class='ocrx_word' id='word_1_472' title='bbox 1219 4721 1358 4792; x_wconf 81' lang='lat' dir='ltr'>exhibere,</span> 
     </span>
    </p>
   </div>
   <div class='ocr_carea' id='block_1_7' title="bbox 0 0 1744 5382">
    <p class='ocr_par' dir='ltr' id='par_1_10' title="bbox 0 0 1744 5382">
     <span class='ocr_line' id='line_1_49' title="bbox 0 0 1744 5382; baseline 0 0"><span class='ocrx_word' id='word_1_473' title='bbox 0 0 1744 5382; x_wconf 95' lang='lat' dir='ltr'> </span> 
     </span>
    </p>
   </div>
  </div>
 </body>
</html>
