3480 5356
727 433 871 475 anema.
1355 407 1419 472 305

173 597 209 653 ad
228 599 343 656 fluvium
361 601 464 660 Velika
483 610 510 660 et
529 603 717 676 pereundam
738 605 853 662 iuferius
877 622 967 678 usque
985 605 1021 668 ad
1039 609 1141 676 locum,
1160 607 1209 662 uhi
1227 607 1301 664 idem
1319 603 1420 661 durius

172 685 248 742 cadit
265 689 293 743 in
311 689 427 746 fluvium
440 689 611 758 Ololrouach‚
624 691 673 746 uhi
686 697 753 748 sunt
764 695 947 750 commetanei
960 693 1008 750 filii
1021 693 1126 766 Randay
1133 712 1141 762 ;
1154 709 1251 750 versus
1272 692 1416 748 meridiem

173 775 248 830 cadit
265 777 293 831 iu
311 777 426 832 fluvium
444 777 585 834 Grauicha
598 784 626 834 et
638 795 688 850 per
699 779 820 835 eundem
838 779 875 835 ad
893 780 1008 836 fluvium
1026 781 1182 852 Nagachyu
1195 787 1223 838 et
1236 797 1285 854 per
1298 778 1418 836 eundem

173 862 210 918 ιιι
228 863 340 930 huam,
359 863 469 919 etinde
488 880 537 936 per
555 865 671 936 longum
695 867 818 937 spatium
836 866 873 922 ad
891 868 984 923 locum
997 867 1046 924 ubi
1064 868 1165 924 fluvius
1184 869 1281 940 Ispras
1299 866 1373 922 cadit
1390 867 1418 921 in

172 949 292 1017 Zawam,
312 950 361 1005 uhi
380 957 445 1005 sunt
463 950 536 1006 duae
554 957 646 1006 metae
670 967 743 1024 quae
767 953 905 1024 incipiunt
922 955 1056 1024 stringere
1074 959 1176 1010 terram
1193 955 1229 1010 de
1247 953 1385 1026 Dobycha
1402 969 1420 1008 a

174 1037 254 1092 terris
272 1035 307 1092 de
327 1037 437 1093 Wrbar.
456 1037 493 1092 Et
512 1054 561 1108 per
579 1039 699 1094 eundem
718 1039 834 1095 flurium
852 1041 949 1112 Ispras
967 1057 1064 1096 veram
1082 1041 1232 1109 meridiem,
1251 1041 1300 1096 ubi
1318 1040 1419 1095 fluvius

174 1123 316 1179 Liscorich
343 1123 418 1180 cadit
435 1125 464 1180 in
483 1125 587 1196 Ispras.
609 1125 679 1182 Inde
697 1127 776 1182 iuxta
795 1128 888 1198 sylvas
906 1126 942 1183 ιιι
961 1129 1054 1184 locum
1071 1129 1194 1186 Preselrs
1211 1133 1240 1184 et
1258 1145 1307 1200 per
1331 1126 1419 1182 Berch

173 1210 209 1266 ad
227 1215 349 1266 montem
367 1211 478 1267 Rahfeu
496 1217 524 1267 et
537 1214 662 1284 pervenit
679 1212 714 1268 ad
733 1213 826 1270 locum
844 1213 957 1286 Rasoy;
976 1231 1073 1272 sersus
1091 1215 1233 1272 meridiem
1246 1213 1282 1270 ad
1295 1219 1419 1271 montem

173 1297 323 1354 Kohnm‘eu
342 1305 369 1353 et
386 1298 451 1353 inde
470 1315 519 1370 per
537 1299 627 1354 varias
645 1305 734 1355 metas
753 1300 789 1355 ad
808 1301 899 1356 locum
918 1301 1030 1358 Kalista
1045 1301 1110 1358 inde
1123 1301 1159 1358 ad
1174 1303 1302 1358 verticem
1314 1301 1417 1357 montis

174 1383 210 1440 ad
229 1401 358 1456 magnam
377 1387 451 1440 viam
469 1402 541 1456 qnae
559 1385 637 1442 ducit
654 1387 683 1441 in
702 1385 805 1454 Vrbes,
823 1404 920 1442 versus
947 1388 1089 1444 meridiem
1116 1388 1153 1444 ad
1180 1395 1303 1445 montem
1330 1389 1418 1443 altum

174 1473 221 1543 qui
240 1477 283 1528 est
299 1473 370 1528 inter
394 1473 551 1529 Rakouech
576 1479 604 1529 et
626 1473 807 1530 Jastrobicha
826 1481 854 1531 et
871 1475 1050 1532 ascendendo
1068 1467 1143 1532 ueni't
1161 1475 1196 1532 sd
1215 1481 1340 1532 montem
1358 1475 1419 1530 alti·

173 1575 250 1614 orem
268 1560 296 1614 in
314 1559 394 1614 cuius
412 1561 513 1616 vertice
531 1565 597 1616 sunt
614 1559 687 1616 duae
707 1565 806 1617 metae.
825 1561 894 1618 Inde
913 1579 962 1634 per
980 1567 1090 1619 montes
1103 1570 1131 1618 et
1143 1563 1229 1620 vallas
1242 1562 1279 1618 ad
1290 1567 1416 1618 montem

174 1645 285 1702 Fudina
303 1647 358 1701 seu.
378 1645 448 1702 Inde
467 1645 569 1704 directe
587 1647 662 1703 cedit
680 1649 709 1702 in
727 1647 805 1704 Gosd
825 1653 852 1704 et
869 1665 920 1722 per
936 1650 1030 1722 ipsum
1042 1651 1070 1706 in
1087 1649 1200 1706 fluvium
1219 1649 1417 1706 Moschenicha

173 1739 202 1788 et
218 1733 263 1788 hic
285 1735 466 1790 terminantur
483 1741 573 1790 metae
591 1735 627 1790 de
642 1735 754 1793 thaa.
772 1737 816 1792 De
835 1736 1032 1793 Moschenicha
1045 1742 1140 1794 autem
1158 1737 1233 1793 cadit
1252 1739 1282 1792 in
1301 1737 1419 1808 'lempni

173 1819 219 1876 teu
238 1837 311 1891 quae
330 1828 373 1876 est
391 1823 479 1894 prima
496 1827 571 1878 meta
593 1823 664 1878 inter
689 1822 845 1878 Dobicham
864 1829 892 1878 et
909 1825 1022 1880 Zavam.
1045 1823 1170 1880 Indead
1188 1824 1371 1879 monticulum
1390 1829 1419 1878 et

174 1907 294 1962 rivulum
312 1909 491 1965 Mescenicha
509 1925 558 1980 per
576 1925 710 1980 magnum
732 1910 854 1982 spatium
872 1909 921 1964 ubi
939 1911 1074 1966 Jelauech
1097 1910 1184 1982 potolr
1207 1910 1282 1966 cadit
1305 1911 1333 1964 in
1358 1909 1417 1964 Me·

174 1995 310 2050 sccuicha
329 1995 366 2050 Et
385 2013 434 2068 per
451 1995 584 2051 Jelsvech
608 1995 643 2050 ad
667 1997 760 2054 locum
785 1995 888 2052 Predol
912 2001 940 2052 et
963 1997 1000 2052 ad
1025 2002 1156 2054 montena
1179 1995 1250 2052 lude
1274 1995 1311 2052 ad
1333 2000 1419 2070 capnt

173 2080 347 2138 Kcztonicha
365 2083 412 2139 teu
430 2089 458 2138 et
476 2099 526 2154 per
538 2099 668 2154 magnam
681 2083 783 2138 vallem
795 2084 823 2138 in
835 2084 956 2138 rivulum
969 2083 1202 2155 Kastaynauicha
1216 2084 1415 2155 Permagnam

173 2159 295 2238 spatium
312 2169 348 2226 sd
366 2176 489 2226 montem
509 2175 537 2226 et
554 2171 590 2226 ad
608 2171 701 2226 locum
719 2169 840 2226 Wracha
857 2186 955 2226 versus
981 2169 1153 2226 occidentem
1172 2187 1221 2242 per
1232 2171 1414 2241 iugamentis

118 2283 124 2290 ·
173 2255 255 2312 Brist.
273 2255 426 2312 Descendit
443 2258 478 2313 ad
498 2257 613 2312 fluuium
631 2257 800 2328 Strlgouina.
825 2258 880 2314 Per
905 2258 996 2312 varias
1020 2263 1109 2314 metas
1133 2251 1326 2328 ad'magnam
1343 2257 1417 2312 riam

174 2341 221 2396 uhi
240 2349 282 2398 est
301 2343 483 2414 quadrivium.
512 2343 583 2400 Inde
607 2343 643 2398 ad
670 2343 841 2400 occidentem
869 2349 897 2400 et
923 2343 959 2400 ad
983 2344 1099 2400 fluvium
1125 2343 1287 2400 Jalaeuioha
1313 2348 1342 2400 et
1368 2361 1418 2415 por

173 2430 322 2499 quemdam
341 2431 469 2486 semitam
487 2430 523 2486 ad
541 2447 676 2486 cacumen
695 2432 797 2488 montis
819 2430 962 2502 usquead
982 2431 1125 2502 Wysenilr.
1152 2431 1190 2486 Et
1212 2447 1261 2502 per
1286 2431 1416 2486 verticem

173 2516 276 2571 montis
295 2517 330 2571 ad
350 2517 424 2572 viam
442 2523 470 2573 et
487 2534 537 2589 per
556 2517 673 2574 eundem
692 2518 728 2574 ad
747 2518 840 2574 locum
857 2517 997 2585 Pachuch
1010 2517 1075 2573 inde
1087 2516 1124 2573 ad
1136 2518 1274 2574 fossatum
1286 2517 1417 2574 Jamnich

174 2608 202 2658 et
219 2619 269 2673 per
287 2619 418 2674 magnam
436 2606 510 2660 viam
528 2604 564 2660 ad
583 2605 713 2675 Wrachr,
734 2605 799 2660 inde
822 2604 859 2660 ad
882 2605 998 2661 fluvium
1013 2603 1176 2661 Jelsouicha
1197 2610 1226 2660 et
1250 2604 1417 2675 Strigovina

173 2689 211 2744 Et
227 2690 256 2744 in
274 2691 375 2748 vertice
394 2692 497 2746 montis
515 2691 669 2748 incedendo
687 2691 831 2748 descendit
850 2692 887 2748 ad
904 2709 1035 2762 magnam
1048 2691 1120 2748 viam
1132 2697 1160 2748 et
1172 2691 1237 2748 inde
1255 2691 1283 2746 in
1301 2691 1416 2766 fluvium

173 2776 309 2834 thodoi.
328 2777 365 2832 Et
384 2779 541 2848 pervarias
566 2783 655 2834 metas
679 2779 715 2834 ad
740 2780 813 2834 viam
835 2795 909 2850 quae
933 2785 1045 2850 separat
1066 2785 1154 2834 terras
1177 2778 1213 2834 de
1236 2777 1374 2848 Dobycha
1399 2793 1417 2832 ι

174 2865 252 2920 terris
270 2863 305 2920 de
323 2865 479 2920 Waudicha
497 2871 526 2921 et
543 2867 621 2922 iuxta
639 2865 755 2921 eandem
774 2865 847 2922 viam
865 2867 1002 2938 incipiunt
1020 2865 1129 2920 termini
1146 2871 1284 2920 terramm
1301 2864 1337 2920 de
1350 2865 1417 2920 Wo-

174 2950 262 3007 dicha.
281 2951 335 3007 Per
353 2953 444 3008 varias
462 2957 551 3008 metas
570 2951 605 3007 ad
625 2953 745 3008 rivulum
770 2953 930 3023 Strigovina
948 2958 976 3008 et
993 2952 1107 3007 inferius
1135 2953 1163 3006 iu
1190 2951 1304 3006 fluvium
1323 2949 1370 3006 Vn
1389 2957 1417 3006 et

173 3038 221 3094 uhi
247 3039 348 3094 fluvius
374 3037 542 3095 castanicha
569 3039 644 3094 cudit
668 3039 696 3094 in
722 3040 824 3112 ipsum.
851 3039 922 3096 Inde
950 3039 985 3094 ad
1014 3037 1163 3110 quemdam
1181 3038 1347 3094 fonticulum
1366 3053 1415 3110 per

173 3141 303 3196 magnam
321 3125 395 3182 viam
414 3127 449 3182 ad
468 3126 573 3182 iontem
592 3128 640 3199 qui
659 3133 702 3182 est
720 3127 773 3183 snh
792 3127 910 3183 ecclesia
928 3143 951 3182 s.
969 3126 1123 3182 Michaelis.
1151 3123 1201 3182 De'
1213 3141 1270 3196 quo
1291 3124 1416 3181 escendit

173 3211 209 3266 ad
227 3211 298 3268 duaa
317 3213 522 3285 musquetum
541 3229 598 3269 una
615 3231 633 3269 a
651 3213 755 3270 deruis
778 3213 855 3270 vadit
878 3215 908 3268 in
931 3213 1134 3284 longitudinem
1149 3211 1252 3268 montis
1277 3211 1330 3266 auh
1358 3227 1414 3282 quo

173 3305 239 3354 aunt
256 3301 335 3356 vinee
354 3307 382 3356 et
400 3318 450 3372 per
468 3301 589 3357 eundem
603 3307 727 3358 montem
745 3301 822 3358 vadit
839 3303 867 3356 iu
886 3301 1014 3368 Wracha‚
1033 3307 1061 3355 et
1079 3315 1129 3371 per
1146 3315 1279 3370 magnum
1293 3299 1416 3371 spatium

173 3385 315 3442 descendit
333 3389 361 3442 in
379 3389 501 3442 rivulum
526 3389 646 3445 Turioha
669 3394 697 3444 et
717 3388 791 3446 cadit
808 3390 836 3443 in
854 3388 975 3444 rivulum
999 3389 1085 3442 Turia
1108 3403 1158 3458 per
1179 3403 1262 3457 quem
1282 3387 1357 3442 venit
1379 3385 1415 3444 ad

173 3489 274 3544 aquam
292 3475 408 3530 l’nlinha
427 3491 477 3546 per
495 3492 580 3546 quam
596 3476 708 3531 ducitur
725 3477 754 3532 in
773 3477 891 3544 Zamam,
911 3475 959 3530 uhi
977 3476 1119 3546 inceperat
1137 3474 1227 3546 prima
1245 3478 1327 3530 meta
1418 3476 1425 3484 '

227 3560 358 3617 maner:
376 3563 453 3620 Mon.
476 3569 526 3620 oet.
544 3565 638 3634 Hunc.
656 3565 680 3618 1.
698 3581 727 3634 p.
746 3567 804 3620 311.

224 3699 370 3756 Mxvm.
389 3705 467 3757 1270.
486 3707 529 3758 19.
550 3703 711 3759 Decembris.
731 3703 893 3775 Capitulum
912 3703 1044 3758 ecclesiae
1062 3701 1144 3760 Ζιιι.
1162 3699 1340 3756 commendat
1359 3716 1415 3756 me·

172 3788 284 3854 moriae,
303 3788 379 3858 quod
398 3788 556 3846 constitutis
581 3790 618 3846 ab
642 3806 697 3845 una
722 3797 801 3862 parte
825 3790 959 3860 magistro
983 3787 1113 3860 Philippo
1128 3787 1236 3844 notario
1258 3785 1416 3844 Pemichuli

172 3875 290 3942 comitia,
308 3875 368 3931 vioe
386 3875 491 3933 domini
515 3878 558 3931 sui
582 3883 610 3931 et
633 3877 670 3932 ab
693 3877 780 3932 altera
796 3877 940 3949 Stephano
958 3881 986 3931 et
1003 3875 1108 3947 Mykus
1126 3873 1191 3929 filiis
1210 3873 1319 3929 Nicolai
1336 3874 1415 3943 joba·

171 3960 302 4032 gionibm
320 3963 403 4018 cosmi
421 3961 625 4034 Zagrahiensis,
640 3963 714 4020 idem
729 3964 889 4037 Stephanus
908 3969 936 4020 et
954 3962 1059 4034 Mykus
1071 3961 1191 4018 confessi
1210 3967 1275 4016 sunt
1294 3977 1323 4016 se
1341 3977 1415 4016 rece·

173 4048 247 4119 pisse
265 4049 378 4119 triginta
396 4066 504 4105 marcas
521 4045 614 4107 minus
634 4067 690 4106 una
709 4051 737 4106 in
756 4051 877 4107 denariis
902 4049 1138 4120 Zagrabiensihus
1155 4066 1173 4104 a
1190 4047 1332 4120 praedicto
1351 4047 1415 4104 Per·

172 4135 280 4192 nicolao
298 4137 398 4192 comite
425 4154 476 4208 pro
502 4143 576 4193 terra
601 4154 698 4194 eorum
721 4138 749 4192 in
776 4137 924 4210 Sepnicha,
952 4153 1037 4207 quam
1061 4137 1086 4192 ei
1113 4135 1223 4208 pignori
1249 4134 1416 4206 obligarunt.

172 4224 268 4278 Astitit
286 4224 429 4280 Mirialaus
448 4226 496 4294 qui
515 4241 600 4296 super
616 4225 670 4280 hoc
687 4241 833 4280 assensum
853 4223 989 4296 praebuit.

227 4311 353 4367 Tknldt'o':
372 4314 447 4366 Mon.
465 4311 528 4368 hiat.
551 4313 579 4368 Τ.
599 4315 622 4368 Ι.
638 4329 668 4382 p.
686 4315 747 4367 155.

225 4451 340 4506 MXIX.
359 4455 439 4507 1270.
458 4450 619 4523 Stephanus
638 4451 673 4507 V.
691 4467 741 4508 rex
762 4451 893 4514 declarat,
914 4449 990 4520 quod
1014 4450 1139 4521 hospites
1162 4449 1199 4506 de
1222 4463 1295 4504 novo
1319 4453 1416 4505 monte

162 4538 306 4594 tironensi
324 4539 402 4594 iuxta
419 4539 585 4609 Zagrsbiam
604 4539 795 4595 exhibuissent
812 4539 838 4592 ei
856 4542 983 4608 patentes
1002 4536 1107 4592 litteras
1124 4536 1209 4591 Belae
1232 4537 1305 4606 regis
1329 4535 1365 4592 de
1389 4551 1413 4590 a

174 4626 248 4681 1258.
269 4629 393 4696 petentes
413 4631 443 4680 ut
461 4625 575 4682 easdem
592 4627 756 4682 confirmare
773 4625 942 4698 dignaretur,
960 4639 1079 4694 quorum
1097 4623 1223 4696 petitioni
1242 4639 1291 4680 rex
1307 4625 1413 4680 anuuit.

227 4712 351 4770 maiae:
369 4715 444 4769 Mon.
463 4714 537 4770 eicit.
555 4713 677 4783 Zopruh.
695 4713 748 4769 oui.
766 4713 790 4769 L
809 4713 878 4769 Dae.
895 4699 939 4768 os.
