3376 5350
658 399 804 443 crosent.
1294 390 1357 455 379

107 577 240 632 Gradinin
270 577 344 648 quod
364 579 450 634 currit
470 579 504 634 de
525 578 607 634 lirrvio
622 579 784 648 Morchuna,
798 581 862 636 inde
881 579 916 634 ad
935 579 1048 636 flrrvium
1062 581 1143 636 Zaira
1156 589 1183 636 et
1198 599 1245 652 per
1258 582 1354 638 silvam

107 667 182 720 venit
200 667 300 721 iterum
319 667 353 720 ad
374 667 487 721 fluvium
507 669 654 734 Murrum,
668 670 839 738 transitoque
855 669 915 738 ipso
934 669 969 723 ad
988 669 1086 723 sallem
1107 671 1135 723 in
1154 676 1270 740 quaest
1289 671 1357 724 Grn-

106 753 235 808 machnilr
255 755 349 826 potolr,
368 756 432 810 inde
450 755 486 809 ad
505 757 592 812 Berch
613 763 640 811 et
658 757 693 811 ad
713 759 830 827 priorem
853 757 997 812 Kalistam.

162 841 286 896 ll'errzel:
308 843 373 898 Ged.
392 843 461 912 dipl.
481 845 549 912 zlrp.
569 845 623 898 IX.
642 849 703 900 285.

160 1002 347 1058 blCCOVlll.
368 1007 443 1058 1280.
464 1005 626 1076 Capitulum
640 1006 736 1060 eccles.
752 1005 786 1060 de
805 1005 915 1074 Posaga
928 1009 1024 1058 notum
1039 1003 1113 1070 lacit,
1127 1005 1201 1076 quod
1220 1003 1355 1060 Ybrnhun

106 1090 180 1142 lilius
200 1089 286 1156 Altae,
305 1093 368 1161 Apa
387 1093 460 1146 lilius
479 1093 615 1164 Ezbeusy,
634 1093 761 1147 llutimir
786 1093 859 1146 lilius
884 1093 1000 1162 Negant
1021 1091 1152 1146 Gurdnse
1177 1093 1250 1146 filius
1275 1091 1355 1144 Zian-

105 1179 179 1232 meni
199 1177 233 1232 de
253 1177 435 1250 Chrrrkunylr,
450 1181 618 1251 jobagiones
642 1184 734 1250 castri,
758 1181 959 1252 postulaverint
983 1198 1068 1234 unum
1092 1199 1109 1234 a
1127 1180 1250 1251 capitulo
1269 1187 1355 1234 trans-

104 1266 186 1330 mitti,
206 1266 253 1334 qui
272 1273 372 1320 terram
393 1268 515 1338 ipsorum
536 1269 570 1322 de
590 1269 770 1340 Churlruuylr,
791 1286 873 1338 quam
896 1267 1002 1322 dudum
1026 1267 1161 1338 perditam
1180 1277 1208 1322 et
1225 1267 1355 1322 amissam

102 1369 153 1422 per
171 1351 370 1408 humanitatem
390 1363 418 1409 et
436 1373 571 1426 expensas
590 1355 736 1410 Ybrahimi
755 1363 961 1426 recuperarunt,
981 1356 1062 1410 certis
1075 1349 1156 1410 melis
1170 1356 1354 1425 distingueret

101 1447 131 1494 et
151 1442 304 1510 portionem
326 1443 470 1497 Ybrshimi
484 1449 630 1514 separaret.
646 1445 732 1498 (iuius
756 1450 844 1498 terrae
858 1443 1013 1510 Ybrahimi,
1026 1444 1080 1497 eia
1098 1449 1157 1498 tota
1175 1442 1353 1514 generatione

101 1545 259 1596 concessae,
279 1531 367 1599 prima
396 1539 469 1586 meta
496 1532 592 1602 incipit
618 1534 696 1586 iuxta
719 1533 832 1586 flauum
861 1531 1042 1601 Churdunyk,
1067 1530 1133 1586 inde
1158 1532 1247 1586 tendit
1274 1532 1353 1584 iuxta

101 1623 204 1671 terram
232 1619 319 1672 Batus
347 1619 463 1684 comitis,
488 1635 536 1690 per
563 1619 652 1674 sarias
680 1627 767 1674 metas
796 1619 888 1674 eundo
913 1623 1096 1673 commetatur
1125 1627 1213 1673 terrae
1232 1618 1353 1672 filiorum

102 1705 213 1774 Negan,
232 1705 371 1759 Muoirniri
392 1713 419 1760 et
438 1706 565 1762 Andreae
584 1716 611 1761 et
636 1708 735 1762 Jacobi
755 1707 803 1762 tilii
822 1707 925 1762 Nerati.
950 1707 1020 1760 lnde
1044 1706 1080 1760 ad
1107 1723 1235 1776 magnam
1255 1706 1353 1760 vallem

101 1793 131 1844 iu
151 1809 205 1862 qua
226 1794 310 1846 currit
329 1793 498 1863 Seryzennilr
518 1795 632 1864 potholr‚
652 1795 829 1865 pervenitad
849 1795 922 1849 latus
935 1794 1079 1848 cuiusdam
1100 1794 1200 1866 lapidis
1218 1801 1246 1849 et
1265 1793 1353 1848 tendit

99 1879 137 1933 ad
157 1888 279 1936 montem
299 1882 459 1948 marimum,
480 1882 623 1936 descendit
640 1883 675 1936 ad
695 1883 836 1952 quoddam
856 1882 959 1953 potholr
973 1888 1000 1937 et
1014 1883 1129 1936 transito
1148 1883 1209 1954 ipso
1228 1881 1353 1937 aseendit

99 1967 137 2020 ad
157 1974 278 2021 montem
299 1969 373 2024 Oetri
392 1969 447 2038 hig,
468 1970 611 2024 descendit
630 1970 665 2024 ad
685 1971 783 2024 vallem
803 1977 831 2024 et
849 1969 974 2024 ascendit
991 1969 1027 2022 ad
1047 1971 1117 2024 viam
1143 1987 1215 2040 quae
1239 1975 1352 2024 vocatur

100 2056 218 2122 Banuta,
236 2055 336 2109 deinde
355 2056 429 2110 cadit
446 2057 481 2110 ad
501 2057 614 2112 fluvium
629 2057 825 2112 Prezelroulich
845 2063 873 2110 ot
892 2073 940 2126 per
958 2057 1048 2126 ipsum
1062 2057 1138 2111 vadit
1156 2056 1192 2111 ad
1210 2057 1348 2124 Zelemen,

100 2142 246 2196 descendit
264 2141 299 2196 ad
320 2142 432 2196 ilurium
452 2143 625 2214 Oburkunylr
645 2145 690 2198 ubi
710 2145 737 2198 in
758 2161 821 2200 euin
842 2143 915 2198 eadit
928 2143 1126 2212 Prezelrovech,
1141 2143 1262 2198 venitad
1277 2145 1348 2198 viam

99 2238 130 2284 et
149 2230 223 2284 cadit
241 2231 269 2282 in
288 2236 417 2300 stagnum
438 2231 551 2302 Truglo.

159 2317 284 2372 Weueel:
306 2318 370 2371 (lod.
391 2318 459 2386 dipl.
478 2319 585 2387 Arpacl.
608 2320 679 2374 XII.
698 2323 757 2375 314.

156 2478 314 2532 MOCCIX.
332 2479 449 2536 tetros
472 2484 547 2532 12⁸1.
569 2485 609 2533 13.
630 2481 774 2535 Jorruurii.
794 2481 978 2550 Temporibus
996 2479 1112 2534 loannis
1126 2477 1258 2542 Danduli,
1273 2475 1350 2530 ducis

101 2566 292 2632 venetiarum,
316 2568 439 2637 magistri
463 2568 612 2635 Laurentii,
640 2569 840 2638 archiepiscopi
867 2568 1020 2633 ledrensis,
1048 2565 1184 2622 Gabrielis
1213 2562 1350 2628 llicbaeli,

100 2654 218 2718 comitis,
238 2653 353 2708 Petasca
372 2655 428 2708 filia
447 2655 587 2725 quondam
607 2655 742 2709 Brntellae
762 2656 895 2725 promittit
914 2655 1019 2708 solvere
1039 2653 1124 2708 nobili
1139 2654 1197 2706 viro
1210 2652 1349 2705 Drmiano

101 2742 134 2794 de
155 2741 250 2810 Begns
265 2741 404 2811 jadertino
423 2751 529 2811 septem
549 2742 632 2796 libras
652 2743 824 2796 denariorum
845 2743 1043 2796 veneticorum
1063 2755 1210 2812 parvorum
1230 2738 1294 2792 hine
1313 2738 1349 2792 ad

99 2831 201 2882 festum
220 2847 241 2882 s.
260 2829 406 2884 Michaelis
424 2830 476 2883 sub
495 2847 584 2899 poena
604 2830 681 2899 dupli
700 2839 728 2884 et
746 2830 799 2883 hoc
818 2847 867 2899 pro
885 2829 968 2882 blado
985 2830 1049 2882 ovili
1072 2827 1168 2882 habito
1185 2827 1220 2880 ab
1240 2826 1346 2880 eodem.

99 2919 202 2970 doram
222 2918 339 2971 testibus
359 2917 490 2971 Slavosco
516 2919 652 2987 piscatore
671 2927 698 2972 et
717 2916 848 2971 Mathaco
861 2917 919 2970 filio
931 2915 1049 2970 loannis
1065 2915 1207 2986 pelliparii.
1228 2915 1348 2968 Ceratae

102 3005 274 3058 exaurinator
293 3021 406 3058 uranum
425 3005 506 3059 misit.
526 3004 693 3058 Vincentius
711 3005 842 3058 ccclesiae
867 3021 888 3058 s.
908 3003 1040 3073 Stephani
1067 3003 1200 3057 diaconus
1224 3003 1348 3056 notarius

95 3091 214 3162 scripsit.

152 3180 183 3232 Ε
200 3181 265 3232 aneis
284 3179 466 3234 rrrisccllcncis
484 3181 655 3234 Dalmaticis
673 3180 807 3248 [tertianae
826 3178 1001 3232 collectionis.
1073 3179 1076 3184 ’

152 3336 294 3394 blGCOX.
313 3339 447 3392 venetiis
476 3341 549 3391 1281.
569 3341 612 3390 221.
633 3337 778 3390 Jorruorii.
798 3337 888 3406 Capta
906 3333 959 3390 luit
978 3352 1040 3404 pars
1058 3336 1086 3387 in
1106 3333 1201 3388 maiori
1221 3331 1346 3398 oonsilio,

98 3424 175 3495 quod
194 3432 266 3479 terra
284 3425 399 3480 Aimesii
418 3431 544 3480 teneatur
566 3425 716 3479 secuudum
735 3424 814 3477 illurn
834 3422 948 3476 modum
972 3427 999 3476 et
1024 3421 1147 3475 ordinem
1172 3418 1247 3489 quod
1272 3420 1346 3474 vide-

99 3515 175 3568 bitur
200 3511 225 3566 d.
251 3513 313 3566 duci
340 3520 366 3567 et
390 3515 561 3583 sapientibus
586 3511 620 3566 de
645 3511 768 3566 consilio.
794 3510 937 3579 Capitanei
962 3515 1054 3562 autern
1079 3507 1193 3562 Almesii
1218 3513 1274 3561 tarn
1299 3507 1345 3561 ille

96 3603 143 3670 qui
165 3601 248 3654 modo
267 3601 392 3670 eligetur,
412 3617 495 3670 quam
512 3601 566 3666 alii,
586 3601 634 3670 qni
654 3599 687 3653 de
707 3605 814 3652 caetero
832 3598 968 3667 eligentur
986 3596 1014 3650 in
1034 3596 1128 3649 maiori
1143 3595 1258 3649 consilio
1272 3594 1344 3648 sicot

94 3689 237 3758 eliguntur
254 3695 381 3742 rectores.

149 3775 266 3844 Ljoti't:
285 3777 364 3830 Mun.
384 3777 407 3830 I.
427 3779 486 3828 129.

149 3917 306 3971 MCCOXI.
326 3896 443 3988 Spalali
475 3921 548 3970 12⁸1.
567 3923 609 3970 25).
630 3915 741 3970 Martii.
765 3913 909 3982 ltegnantc
929 3911 1058 3966 Ladislso
1078 3910 1129 3964 lV.
1149 3926 1219 3976 rege,
1240 3917 1343 3979 tempo-

95 4009 172 4059 ribus
190 4005 327 4060 lobannis
346 4007 544 4075 archiepiscopi
565 4003 744 4074 §palestensis
769 4001 892 4054 Mladeni
913 4001 1029 4064 (inuritis,
1048 3998 1096 4051 filii
1120 3998 1273 4066 Stepeonis,
1298 4013 1343 4049 oo-

93 4095 169 4146 uritis
183 4093 361 4162 spalatensis,
376 4093 456 4146 Vitae
467 4092 572 4156 Ozcrni,
583 4092 678 4158 Merge
689 4091 722 4144 de
732 4091 749 4144 J
752 4089 843 4154 adera,
852 4088 1005 4158 potestatis,
1015 4087 1183 4148 Garumnae,
1196 4086 1343 4144 llusazzae.

92 4182 205 4246 Leonis,
223 4181 332 4246 Rszeui,
345 4181 440 4244 loseb,
453 4181 528 4234 Petri
544 4179 673 4246 iudicum.
689 4177 824 4231 Rarlesins
838 4175 998 4245 pelliparius
1011 4171 1136 4226 condidit
1148 4177 1342 4226 testamentum

96 4269 192 4332 (salvis
210 4269 338 4322 omnibus
357 4268 455 4337 legatis
480 4270 508 4321 in
533 4267 588 4320 alio
613 4284 663 4320 suo
687 4271 850 4319 testamento
881 4279 964 4316 uranu
991 4260 1130 4314 Francisci
1156 4257 1254 4311 notarii
1279 4274 1343 4310 con·

90 4359 182 4422 lecto),
205 4356 292 4410 voluit
309 4357 385 4425 quod
405 4355 497 4409 statim
517 4361 581 4424 post
600 4372 681 4407 suurn
701 4353 845 4406 decessum
858 4349 1011 4418 capitulum
1031 4347 1161 4401 eccelesine
1181 4346 1205 4398 b.
1226 4345 1339 4398 Domnii

91 4445 208 4497 haberet
226 4449 325 4496 terram
351 4445 437 4512 ipsius
463 4442 496 4496 de
520 4443 637 4495 Zurrano
663 4457 747 4510 prope
770 4445 869 4492 terram
895 4435 1008 4488 llerlule
1031 4436 1109 4487 iuxta
1133 4441 1231 4486 terram
1254 4432 1341 4500 Dragi

91 4531 227 4599 Stephani
246 4539 273 4584 et
292 4530 366 4600 qrrod
387 4530 420 4582 de
440 4531 527 4599 ipsius
555 4528 645 4582 frrrctu
670 4528 812 4580 nuntiatirn
832 4527 856 4579 ei
876 4525 1006 4594 exequias
1032 4523 1134 4576 faciant
1159 4527 1189 4572 ut
1212 4527 1254 4574 est
1278 4537 1341 4574 con·

91 4629 210 4673 eretum.
230 4617 322 4671 Aliam
342 4623 441 4672 terram
462 4617 495 4670 de
516 4617 593 4670 Balio
613 4615 722 4684 reliquit
741 4615 768 4666 in
789 4621 924 4683 potestate
949 4628 1062 4668 suorum
1082 4609 1341 4674 commissariorum,

91 4707 140 4777 qui
162 4706 281 4760 debeant
300 4705 365 4760 dare
384 4708 418 4758 nc
437 4705 570 4758 sextarios
585 4703 618 4758 de
631 4704 692 4758 oleo
706 4719 756 4772 pro
769 4699 976 4756 accomodando
994 4715 1075 4753 cruce
1088 4713 1189 4766 magna
1208 4697 1294 4752 serres
1311 4697 1340 4750 in
