3488 5380
344 385 409 452 262
845 411 865 453 1.
888 397 1085 464 unumunurn,

344 581 450 632 terram
468 574 676 632 Dubiebeuaem
701 591 786 648 quam
809 579 904 632 tenore
928 575 971 632 sut
996 575 1130 647 privilegii
1154 575 1194 632 eis
1218 575 1433 632 irrevocabiliter
1453 575 1595 648 stabilivit,

345 663 498 736 liberaliter
517 663 637 720 luissent
654 665 824 735 cougregati.
841 662 921 720 Idem
933 663 991 718 dux
1004 661 1176 722 Oolomauus
1193 663 1295 720 duetus
1312 663 1501 720 misericordia
1515 665 1596 736 apiri-
1642 703 1647 714 .

343 751 422 820 tuali,
441 765 490 806 eos
508 750 624 820 rogavit,
642 756 674 806 ut
690 750 842 808 Heremitis
859 751 926 806 viris
944 751 1079 822 religiosis
1090 751 1183 808 locum
1201 752 1230 806 in
1247 751 1327 808 terrie
1339 752 1398 806 auia
1409 750 1594 808 muoederent

341 837 540 910 congregandi,
558 837 632 894 unde
651 837 687 894 ad
705 839 866 894 instantiam
890 843 918 894 et
942 845 1122 910 praeceptum
1146 838 1225 894 dunis
1249 839 1427 896 coutulerunt
1450 838 1593 909 quandam

342 927 506 998 particulam
525 926 553 980 in
571 931 645 982 terra
664 942 723 993 sua,
741 925 789 982 ubi
808 925 899 980 vivere
918 925 1036 993 valeam,
1060 925 1142 982 cuius
1160 931 1249 982 terrae
1266 941 1365 982 euraua
1383 926 1447 982 talia
1472 933 1530 982 eet:
1554 927 1593 982 ab

342 1015 448 1070 oriente
466 1011 563 1084 incipit
591 1029 675 1083 auper
701 1019 786 1084 ponte
813 1011 943 1083 Byehcba
970 1013 997 1066 iu
1025 1013 1070 1068 via
1097 1029 1200 1083 magua
1227 1029 1276 1084 per
1304 1029 1388 1084 quam
1415 1012 1593 1070 moeudendo

342 1100 420 1156 iuxta
439 1099 537 1156 silvam
560 1100 637 1158 vadit
662 1101 691 1154 in
714 1101 859 1156 ecelesiam
884 1115 907 1156 s.
934 1099 1074 1156 Dominici
1098 1101 1126 1154 in
1150 1115 1207 1172 qus
1231 1115 1297 1156 suas
1321 1101 1460 1156 orationes
1484 1101 1593 1158 solvere

342 1185 396 1244 deo
421 1193 633 1258 consueverunt,
651 1187 753 1244 abhinc
771 1205 856 1260 supra
872 1193 995 1244 montem
1014 1187 1062 1242 ubi
1081 1187 1151 1244 silva
1168 1189 1271 1259 finitur,
1289 1195 1318 1244 et
1336 1205 1385 1260 per
1403 1189 1476 1244 viam
1494 1205 1593 1245 versus

343 1274 515 1331 occidentem
540 1281 568 1331 at
595 1276 754 1347 aquilonem
779 1275 816 1330 ad
840 1280 925 1348 caput
949 1275 1094 1332 cuiusdam
1117 1291 1209 1346 aquae
1231 1276 1393 1347 eruptionis,
1416 1274 1518 1332 deiude
1542 1293 1593 1350 per

342 1379 455 1419 cursum
474 1379 565 1435 aquae
582 1364 718 1419 currentis
736 1364 764 1418 in
784 1363 899 1431 fossato,
917 1364 993 1420 venit
1011 1379 1101 1434 usque
1120 1379 1218 1420 uemua
1237 1363 1359 1419 Charetlr
1376 1369 1405 1420 et
1422 1365 1538 1422 recrrrrit
1555 1367 1592 1421 ad

342 1455 456 1523 pontem
475 1449 623 1522 Boyoheba
641 1451 702 1520 (eie)
721 1451 1005 1522 supranominatum.

393 1540 476 1594 Hono
500 1539 678 1594 donationem
696 1539 871 1610 consternauit
893 1539 1054 1610 Stephanae
1074 1555 1124 1594 rec
1146 1542 1227 1596 1270.
1251 1544 1277 1596 et
1300 1539 1462 1598 Ludooieaa
1485 1541 1510 1598 1.
1533 1555 1592 1596 rem

343 1625 430 1682 Anno
448 1629 521 1680 1311
539 1632 565 1682 et
583 1631 664 1684 1362.
681 1627 731 1683 uu
748 1628 820 1682 actia
840 1627 1003 1683 moaoaterii
1028 1627 1213 1683 Ponticorum
1230 1627 1264 1684 de
1283 1628 1400 1698 1111111,
1415 1644 1468 1700 per
1485 1627 1593 1684 tanum

346 1714 628 1786 Κλειὼ-1111111111
646 1731 660 1770 1
677 1717 756 1786 regni
774 1715 887 1771 archivo
905 1713 1018 1772 cbiotia
1037 1717 1118 1772 Fore.
1138 1720 1162 1770 6.
1182 1717 1216 1772 N.
1236 1720 1260 1769 1.

395 1855 668 1912 uueouxxxru.
691 1859 768 1914 reor.
790 1861 829 1912 rr.
847 1858 993 1914 rannone.
1018 1856 1087 1912 mu
1104 1855 1156 1912 1v.
1175 1873 1223 1912 rex
1241 1857 1392 1913 memorre
1406 1859 1592 1928 omnmo-r,
1638 1815 1643 1825 ⁸

343 1943 420 2014 quod
438 1959 503 2000 eum
520 1944 591 2012 inter
610 1943 700 2010 llari,
718 1943 854 2001 dumsam
871 1951 899 2000 et
917 1944 1090 2015 Myrorlaum
1109 1946 1224 2000 comites
1251 1945 1287 2002 de
1312 1945 1429 2016 Ryncire
1450 1945 1593 2017 (Boviite)

343 2029 379 2086 ab
396 2046 453 2086 una
480 2037 566 2102 parte,
585 2037 612 2088 et
631 2029 786 2102 praedialea
808 2031 910 2088 liberos
938 2031 1092 2104 Huugaros
1116 2031 1244 2087 videlicet
1268 2037 1296 2088 et
1316 2033 1482 2104 jobagiones
1508 2035 1593 2089 casui

341 2116 377 2172 tle
396 2117 510 2186 Byucbe
529 2135 563 2174 ex
582 2119 668 2174 altera
687 2135 771 2189 super
791 2119 911 2175 denariis
923 2119 1153 2175 descensunlibua
1165 2120 1258 2176 comiti
1277 2120 1428 2191 parochiali
1443 2119 1591 2186 debendis,

342 2203 473 2274 frequens
491 2205 630 2260 discordis
650 2207 782 2262 ruseitata
800 2207 906 2275 fuisset,
925 2223 973 2262 rex
992 2207 1075 2263 finem
1093 2207 1189 2264 litibua
1208 2209 1349 2279 imponere
1367 2207 1592 2280 1111111111ᾱί-

342 2297 407 2346 ante
426 2297 504 2362 patre
524 2293 657 2364 Philippo
675 2293 885 2366 archiepiscopo
910 2295 1104 2364 strigoniensi,
1128 2296 1210 2351 aulae
1233 2295 1406 2364 cancellario,
1431 2296 1477 2352 cui
1501 2301 1592 2352 etatua

342 2385 371 2436 et
389 2379 501 2434 libertas
519 2387 608 2436 terrae
628 2383 741 2450 Ryncle
767 2383 877 2452 plenius
900 2383 1047 2438 eonatabat
1071 2383 1252 2454 abantiquo,
1277 2385 1368 2440 taliter
1392 2385 1593 2442 renuntiarunt

345 2465 500 2524 ordinavit:
520 2473 551 2522 ut
569 2469 791 2540 vigintiquinque
810 2469 964 2541 praedialea
983 2470 1136 2542 supradicti
1155 2471 1318 2527 tantundem
1337 2472 1444 2529 solvere
1461 2477 1594 2530 tenentur

343 2555 450 2610 ratione
467 2553 618 2610 descensus
637 2556 704 2626 ipsis
726 2557 874 2612 comitibus
900 2558 936 2612 de
958 2557 1080 2628 Ryunbe,
1106 2565 1240 2630 quantum
1265 2564 1332 2615 tunc
1357 2560 1503 2616 solvebant
1526 2577 1592 2618 cum

344 2643 455 2696 luerunt
473 2643 618 2713 sexaginta
636 2642 799 2714 praediales,
826 2643 954 2700 videlicet
978 2649 1085 2716 reptem
1109 2661 1225 2715 marcas,
1252 2647 1333 2702 sicuti
1355 2649 1383 2702 iu
1409 2649 1493 2719 priori
1517 2649 1592 2720 regis

345 2729 490 2802 privilegio
502 2731 666 2798 continetur,
684 2747 736 2786 nee
753 2731 929 2802 aliquatenus
947 2731 983 2788 ad
1003 2733 1134 2789 maiorem
1148 2733 1313 2789 solutionem
1326 2749 1375 2806 par
1387 2735 1504 2792 comites
1516 2751 1591 2792 com·

346 2816 486 2888 pellantur
513 2834 569 2874 non
593 2817 770 2874 obstamibus
796 2819 893 2874 litteris
912 2821 1023 2890 siquas
1051 2819 1155 2876 eisdem
1173 2819 1322 2876 comitibus
1348 2821 1441 2878 medio
1465 2827 1592 2895 tempore

335 2903 495 2960 secundum
513 2909 637 2960 tenorem
656 2905 815 2960 libertatum
834 2905 1016 2977 praedialium
1033 2906 1069 2962 de
1088 2907 1173 2979 Garig
1198 2909 1335 2965 concessit
1357 2926 1415 2966 rem
1440 2909 1592 2968 Caeterum

345 3007 429 3062 super
446 2991 576 3048 indebitis
594 2993 772 3048 citationibus
790 3000 817 3048 et
834 2993 952 3063 iudiciis,
965 2994 1067 3065 quibua
1080 3012 1110 3050 ee
1128 2995 1257 3050 dicebaut
1274 2997 1428 3068 aggravari,
1439 2997 1531 3054 taliter
1542 2997 1591 3054 de·

341 3079 479 3134 oravimus
496 3085 528 3134 ut
547 3079 679 3150 praedicti
698 3081 813 3136 comites
832 3081 875 3136 vel
896 3081 938 3136 sui
958 3082 1099 3150 officiales,
1123 3088 1292 3141 memoratae
1317 3083 1472 3156 praediales
1496 3091 1525 3142 et
1545 3086 1591 3158 jo·

340 3163 475 3235 bagiouea
498 3167 579 3220 eastrt
604 3183 655 3222 uec
673 3183 728 3222 nou
747 3169 868 3240 populor
893 3167 1044 3224 eorundem
1063 3171 1091 3224 iu
1109 3170 1164 3224 illis
1187 3171 1300 3227 casibus
1325 3172 1353 3226 in
1378 3173 1482 3244 quibua
1504 3172 1590 3230 iidem

340 3267 435 3307 coram
454 3251 602 3308 comidbus
620 3253 826 3324 parochialibus
843 3260 934 3310 estare
955 3293 1059 3312 ......
1077 3273 1133 3312 uon
1151 3255 1281 3328 debeant,
1305 3275 1357 3316 nec
1381 3259 1491 3316 valeant
1517 3260 1590 3316 iudi·

340 3353 403 3392 care
421 3338 474 3392 uiei
493 3341 631 3394 associato
650 3341 702 3394 eibi
721 3357 777 3396 uno
804 3341 839 3396 de
863 3343 953 3398 tribus
980 3341 1119 3400 nobilibus
1145 3345 1302 3415 slavonice,
1329 3347 1434 3402 Iunone
1461 3347 1592 3404 videlieet

336 3425 439 3480 comite
458 3423 515 3482 tilio
544 3425 637 3494 Isaak,
656 3429 698 3482 vet
719 3429 849 3484 Fareasio
868 3431 925 3484 tilio
943 3429 1083 3486 Tolomeri
1100 3437 1150 3488 aut
1168 3433 1312 3505 Stephano
1333 3434 1391 3490 filio
1409 3434 1493 3490 Bnlua
1512 3435 1591 3504 bani,

338 3527 390 3568 nec
409 3511 644 3570 sineteatimonio
671 3515 786 3586 capituli
805 3517 847 3570 vel
866 3517 919 3572 loci
938 3519 1128 3575 conventualis
1152 3521 1236 3577 iidem
1260 3521 1415 3594 praediaIes
1439 3527 1467 3578 et
1489 3538 1589 3580 eorum

338 3597 437 3670 populi
455 3599 532 3654 citari
551 3599 661 3656 valeant
679 3601 714 3656 ad
733 3604 917 3674 praesentiam
930 3605 1063 3662 comitum
1075 3607 1288 3678 praedictorum.
1307 3610 1413 3666 Datum
1425 3625 1475 3681 par
1485 3625 1590 3668 manus

338 3685 463 3756 magistri
481 3685 606 3742 Farcaaii
623 3687 702 3744 electi
721 3690 749 3744 in
768 3693 959 3763 praepositum
978 3692 1149 3750 Albeueemi
1167 3700 1195 3752 et
1212 3695 1295 3754 aulae
1312 3696 1539 3754 vicecancellarii

387 3771 437 3827 En
455 3777 631 3842 transumpto
649 3775 787 3831 Ludoviei
805 3779 832 3834 1.
848 3780 920 3849 regie
938 3781 972 3835 de
989 3798 1016 3838 c.
1035 3787 1113 3838 1880.
1131 3787 1176 3840 26.
1194 3783 1280 3840 Jaaii
1297 3785 1474 3842 eutrudutast
1486 3785 1526 3842 cd
1540 3802 1589 3857 pe·

337 3859 419 3915 1111111
437 3861 568 3917 murm
580 3861 640 3930 fitia·
657 3864 788 3933 Drapoob
801 3865 918 3936 jupani,
939 3869 1015 3924 Petri
1032 3869 1087 3937 filii
1111 3871 1198 3939 que,
1221 3871 1357 3929 Patrialaa'
1372 3871 1432 3944 filii
1454 3873 1538 3929 11111
1560 3879 1589 3932 et

339 3945 471 4017 01191111
481 3947 542 4018 filii
559 3949 685 4006 Fabiani
702 3951 842 4008 Nobilium
866 3953 1047 4024 jotcpiooum
1071 3957 1159 4012 111111·
1181 3957 1215 4014 de
1237 3959 1359 4031 Byuetc
1389 3959 1508 4017 Wsoaei:
1535 3961 1587 4018 mn

338 4034 451 4091 arction
471 4035 605 4092 camuli
621 4035 757 4094 Budeaai.
778 4039 843 4098 Ood.
862 4041 930 4111 dipl.
949 4043 1052 4113 Arpad
1074 4043 1156 4100 7111.
1175 4048 1236 4101 121.

388 4155 658 4216 DOOOLXXXIV.
675 4162 812 4220 dederas.
830 4166 907 4220 1265.
925 4168 963 4221 11.
983 4165 1142 4222 Februarii.
1159 4167 1345 4240 Temporibus
1361 4169 1484 4226 Baioarii
1501 4167 1586 4226 Genii

336 4244 416 4300 ducis
440 4243 622 4302 venetiarum
651 4253 678 4304 et
702 4249 826 4320 magistri
853 4252 997 4310 Laurentii
1023 4253 1169 4310 Jadrensis
1195 4255 1398 4327 archiepiscopi
1423 4273 1456 4312 aa
1481 4255 1584 4312 Jacobl

335 4332 445 4402 Quirini
463 4333 581 4390 comitis.
599 4333 687 4390 Vitha
711 4351 783 4392 uxor
807 4338 949 4407 quondam
966 4339 1104 4410 Versiuge
1126 4342 1256 4398 babitans
1277 4341 1382 4398 Jadrae
1408 4343 1474 4398 iacit
1496 4345 1584 4400 mani·

334 4419 447 4486 festum,
466 4419 542 4491 quod
562 4438 613 4493 pro
631 4423 822 4495 redemptione
839 4427 948 4482 animae
967 4443 1044 4496 suae,
1063 4430 1152 4484 mariti
1171 4436 1199 4486 et
1217 4431 1266 4486 lilii
1284 4432 1328 4486 sui
1340 4431 1485 4488 donaverit
1495 4431 1581 4486 eccle·

335 4506 432 4561 11111.
452 4507 561 4564 Nicolai
586 4507 621 4564 de
644 4509 733 4566 Jadra
756 4511 829 4568 duas
853 4529 919 4568 suas
943 4514 1038 4570 vineas
1065 4517 1169 4587 positae
1193 4518 1221 4572 in
1245 4517 1343 4573 Monte
1367 4517 1469 4576 Ferrea
1493 4517 1608 4606 etQ·
1721 4531 1722 4600 l

335 4593 425 4648 rivum
444 4609 528 4666 super
546 4601 646 4651 terram
665 4599 824 4672 archiepisc.
842 4617 907 4656 cum
919 4601 1049 4658 omnibus
1068 4604 1130 4660 aliie
1149 4605 1206 4662 euis
1225 4605 1306 4662 bonis
1317 4601 1467 4660 moturum
1485 4609 1514 4662 et
1532 4611 1593 4672 im.

333 4678 492 4736 mobilibus.
511 4681 608 4740 uestes
630 4684 742 4742 fuerunt
767 4687 962 4745 1111111ίὶ11111
981 4689 1123 4762 quondam
1140 4689 1272 4750 Jurlslavi
1286 4691 1321 4750 de
1339 4691 1424 4762 Stepe
1442 4694 1470 4745 oi
1488 4693 1592 4760 Prode

1599 4912 1610 4967 i
