3480 5356
696 451 840 496 nnuusra.
1323 415 1389 498 319

146 615 252 688 dmm,
277 615 362 686 lvvan,
380 615 553 686 Weliulanm,
579 617 683 688 Badeo,
708 617 811 686 llitua,
835 617 937 686 Endre,
964 617 1137 688 Moloyuam,
1157 617 1316 690 Weysuam,
1341 619 1393 674 La·

146 703 276 772 dislaum,
304 704 441 772 Eudrech,
467 704 636 776 Obulgauid,
663 703 834 774 hodienum,
860 705 995 773 Waratln,
1022 705 1113 774 Mart,
1138 705 1257 774 Prodan,
1286 707 1393 778 Myreu,

147 791 298 864 Wydevch,
316 793 435 848 Paulum
455 792 542 848 filium
561 793 701 864 Oporych,
720 792 871 862 Wlkotam‚
889 793 990 860 Deece,
1004 793 1114 862 Mosen,
1126 793 1245 848 Paulum
1264 795 1392 850 comitem

147 883 311 947 terrestrem,
329 878 415 946 Laek,
434 879 538 948 Petrea,
557 880 716 936 Petrisaum
733 880 849 936 stallos
864 878 1031 950 jobagiones
1056 881 1140 936 castri
1158 881 1282 952 Zagrab.
1307 897 1392 951 quam

147 967 250 1040 plures.
283 966 356 1024 Item
381 967 477 1024 Petrae
502 968 631 1024 comitem
659 967 747 1022 filium
774 967 894 1038 Petryla,
918 967 1048 1040 Moysen,
1076 967 1209 1040 Ohornog
1233 973 1261 1024 et
1287 967 1395 1040 Radu'y,

147 1053 284 1110 lvaukam
301 1055 424 1122 comites,
443 1059 577 1134 utrosque
589 1053 691 1122 dem‚
710 1053 819 1122 Dauus,
838 1053 922 1108 Merk
939 1059 969 1110 et
986 1045 1180 1112 Radovanum.
1198 1055 1270 1110 ltem
1288 1056 1393 1124 Petres,

147 1141 231 1197 hlark
248 1146 276 1197 et
294 1140 385 1208 hlorlr,
399 1139 568 1211 jobagiones
586 1141 670 1196 castri
694 1139 813 1197 Okluch.
837 1139 910 1194 Item
935 1141 1037 1212 Ellam,
1058 1142 1203 1212 Zloynnm,
1228 1141 1393 1200 anadiuum

142 1229 310 1300 jobagiones
328 1227 410 1283 castri
431 1225 465 1282 de
491 1225 654 1298 Podgorya3
680 1226 753 1282 Jurh
777 1231 805 1282 et
829 1228 1036 1296 generationem
1060 1244 1141 1284 suam
1158 1228 1194 1284 de
1215 1229 1317 1300 Blyna;
1340 1231 1394 1288 Po·

147 1333 230 1372 ursen
254 1321 283 1370 et
306 1313 513 1384 generationem
538 1329 631 1381 suam,
657 1313 791 1383 Babuneg
814 1313 957 1381 comitem,
983 1313 1144 1370 Furcasium
1169 1317 1258 1372 filium
1282 1318 1393 1386 Jeleuk,

146 1404 230 1460 Huec
247 1401 384 1468 comitem,
409 1399 516 1456 Jordan
541 1401 678 1468 comitem,
705 1397 847 1472 Bodouey,
870 1399 1042 1458 Steuislaum
1064 1407 1092 1458 et
1114 1401 1187 1459 Jaan
1211 1404 1333 1460 villicum
1359 1405 1395 1462 de

147 1491 234 1561 Gora,
263 1506 296 1545 ac
323 1488 467 1543 universos
495 1487 603 1562 nobiles
628 1488 714 1558 regui,
742 1493 825 1558 prout
851 1488 983 1544 constitit.
1009 1487 1081 1544 Item
1109 1488 1224 1560 Stenyk,
1249 1491 1393 1559 Wolthulr,

147 1577 224 1636 Bosk
249 1576 322 1632 tilios
340 1572 490 1641 Waretisk,
515 1574 593 1629 Benh
618 1573 707 1628 filium
731 1573 813 1642 Proh,
837 1573 1026 1644 Dragoalaum
1045 1575 1135 1630 tilium
1152 1575 1290 1648 Gudialai,
1308 1578 1395 1633 hicat

147 1667 235 1724 filium
253 1661 421 1733 Dragavani,
440 1660 594 1716 Gordinsm
612 1661 700 1716 lilium
718 1661 846 1734 Drasyle‚
860 1661 967 1718 Pornos
986 1661 1073 1716 tilium
1093 1662 1191 1730 Stauk,
1209 1664 1307 1728 zlobb,
1327 1665 1395 1722 Vol·

146 1761 217 1816 10⁸2
234 1768 268 1810 ao
284 1755 373 1818 toum
397 1748 603 1820 generationem
627 1764 733 1818 eorum,
755 1749 803 1818 qui
821 1760 918 1804 omues
942 1751 1116 1816 attestarunt,
1139 1749 1215 1820 quod
1240 1749 1324 1806 iidem
1347 1768 1395 1823 pe·

146 1832 243 1888 titorea
270 1847 379 1906 semper
400 1835 502 1890 luerint
523 1834 689 1906 jehagiunes
711 1837 795 1891 castri
819 1835 1013 1906 ingrebieusis
1038 1853 1056 1892 a
1078 1837 1136 1891 suis
1161 1837 1395 1908 progenitoribus·

147 1919 258 1988 Quibus
285 1921 388 1978 auditis
414 1922 552 1978 concessit
578 1922 669 1978 banus
692 1927 724 1978 ut
746 1923 799 1993 ipsi
828 1928 856 1980 et
881 1939 978 1980 eurum
1002 1939 1180 1980 successores
1206 1925 1288 1980 titulo
1312 1926 1412 1996 j0ba·-

146 2007 277 2080 gieuatus
303 2009 386 2066 castri
413 2007 607 2079 zagrahieusls
636 2008 750 2079 pacifice
779 2015 807 2063 et
834 2015 969 2080 perpetuo
997 2010 1069 2066 dont
1095 2015 1178 2066 autea
1204 2011 1390 2082 pertruantur.

145 2095 253 2152 Datum
274 2096 380 2166 Bisnag
398 2097 441 2152 et.
460 2096 581 2166 Augusti
600 2096 677 2150 1271.
704 2095 797 2164 Quam
822 2097 988 2152 sententiam
1016 2113 1064 2151 rex
1088 2097 1234 2152 confirmat
1267 2098 1394 2154 Existeu·

146 2182 223 2238 tibae
242 2182 372 2239 Johaune
391 2181 549 2254 Spalateusi
567 2181 784 2252 archiepiscopo,
803 2182 958 2254 Tymotheo
976 2183 1156 2254 Zugrabieusi
1175 2186 1315 2256 episcopo,
1327 2185 1394 2240 Joa·

147 2269 239 2325 chime
257 2269 331 2326 bano
349 2270 435 2326 totius
453 2267 608 2336 Slevoniae,
630 2269 714 2324 Petro
738 2269 872 2339 magistro
895 2268 1085 2340 dapiferatum
1109 2272 1210 2327 comite
1231 2271 1267 2328 de
1288 2271 1394 2342 Gecke,

146 2356 238 2414 Paulo
255 2355 330 2413 bano
347 2357 447 2414 comite
464 2355 621 2426 Bachieusi,
639 2355 744 2410 Ponich
762 2355 837 2411 bauo
854 2357 956 2413 comite
974 2356 1140 2414 Zaladienai.

200 2460 297 2530 ree.-
318 2459 382 2518 God·
401 2459 470 2530 dipl.
490 2461 521 2515 T.
545 2459 574 2516 V.
592 2459 645 2514 col.
665 2461 704 2515 11.
724 2475 752 2529 p.
772 2465 831 2516 196.

201 2619 371 2676 MLXXIV.
390 2623 464 2676 12⁷2.
484 2617 645 2689 Stepheuus
667 2617 701 2671 V.
721 2633 769 2672 rex
787 2618 920 2685 notificet,
940 2619 1016 2689 qnod
1034 2635 1097 2674 cum
1116 2621 1225 2676 nobiles
1237 2622 1286 2676 viri
1299 2637 1394 2678 comes

147 2707 318 2763 Dominieus
337 2711 365 2761 et
382 2706 514 2776 magister
532 2705 652 2760 Michael
671 2705 720 2760 tilii
737 2706 846 2761 comitis
864 2705 939 2760 Petri
957 2705 993 2761 de
1011 2723 1112 2776 genere
1125 2707 1214 2776 Chat,
1228 2709 1317 2779 primo
1329 2725 1393 2764 cum

152 2799 227 2851 esset
249 2795 277 2848 in
302 2793 494 2864 persecutione
512 2809 626 2848 suorum
645 2791 798 2847 infidelium
816 2793 845 2846 iu
864 2792 969 2847 Felrete
993 2793 1082 2848 Helm
1107 2793 1213 2850 fortiter
1236 2793 1393 2850 dimicando

147 2881 362 2938 contrahentes
389 2881 450 2952 ipae
475 2879 593 2936 Michael
617 2879 733 2935 mortele
757 2879 859 2934 vulnus
883 2880 1000 2951 excepit.
1024 2880 1097 2936 Item
1121 2881 1244 2936 secundo
1270 2883 1297 2936 iu
1323 2881 1403 2958 Ileu·¹

147 2967 250 3040 eeeegd
272 2967 346 3023 idem
364 2967 486 3023 Michael
504 2967 585 3038 plura
603 2971 631 3022 et
648 2967 813 3037 gravissima
831 2967 946 3022 maluere
965 2968 1126 3038 accepisset.
1144 2969 1216 3023 ltem
1234 2970 1315 3023 tertio
1329 2970 1393 3039 post

148 3055 256 3112 obitum
275 3054 361 3126 patris
379 3053 463 3110 Belee
485 3054 567 3124 regia,
585 3054 614 3108 iu
632 3053 762 3110 conflictu
781 3055 854 3123 regis
873 3053 1004 3109 Boemiae
1031 3054 1110 3110 iuxta
1133 3055 1248 3110 fluvium
1278 3054 1394 3110 ltabcha

146 3141 240 3198 dictus
258 3141 379 3198 Michael
392 3141 420 3196 in
432 3155 497 3196 eree
514 3141 672 3196 certeminis
689 3139 858 3211 multiplices
875 3140 975 3211 plagas
992 3140 1112 3218 sustulit.
1130 3141 1191 3196 Nec
1208 3141 1262 3198 hoc
1274 3147 1393 3212 praeter-

147 3229 296 3296 mittendo,
314 3228 389 3300 quud
408 3245 473 3284 oum
491 3227 566 3284 Vros
589 3243 638 3283 rex
662 3227 775 3284 Serviae
800 3243 851 3300 pro
874 3229 1050 3283 coutumacia
1074 3244 1141 3283 suas
1167 3228 1340 3298 ignorantiae
1367 3233 1395 3284 et

147 3322 263 3389 prepter
281 3316 501 3372 devastationem
521 3321 611 3370 terrae
634 3315 669 3370 de
697 3315 801 3372 Mache
825 3321 922 3372 contra
949 3315 1045 3371 Belem
1071 3331 1164 3385 regem
1192 3315 1339 3385 insurgens
1366 3316 1394 3370 in

147 3419 202 3460 suc
219 3403 349 3462 conflictu
367 3402 459 3460 suerat
475 3402 609 3470 devictus,
622 3403 713 3458 extitit
731 3407 759 3457 et
776 3403 941 3476 captivatus.
960 3403 994 3458 Iu
1013 3418 1069 3473 quc
1087 3402 1163 3458 bello
1181 3402 1254 3458 idem
1273 3401 1395 3458 Micheel

147 3489 283 3548 honestos
300 3491 427 3561 captivos
444 3491 621 3562 captivasset,
640 3495 668 3544 et
686 3489 809 3546 diversas
827 3489 954 3546 crudeles
980 3489 1078 3560 plagea
1106 3505 1190 3561 super
1213 3504 1243 3544 se
1267 3505 1394 3559 aasump

148 3576 240 3634 sisset.
258 3576 321 3633 Rex
339 3577 424 3648 igitur
441 3575 549 3632 confert
565 3575 648 3630 dictis
666 3575 799 3631 iratribus
817 3575 911 3630 villum
925 3574 1048 3631 Kerusd.
1060 3575 1254 3630 Existeutihua
1265 3574 1396 3631 Johannc

146 3663 358 3735 archiepiscopo
385 3661 501 3735 Spalat,
525 3662 671 3720 Timotheo
696 3663 829 3736 episcopo
854 3661 982 3734 Zagrab,
1007 3663 1092 3732 Moys
1118 3662 1193 3718 bano
1219 3663 1305 3717 totius
1335 3661 1394 3717 Sla-

146 3751 255 3820 voniae,
273 3751 374 3808 comite
392 3749 573 3822 Soproususi,
591 3749 697 3806 Pouich
717 3749 791 3806 hano
809 3750 911 3806 comite
930 3747 1097 3804 Zaladieusi.

200 3855 301 3925 Fetere
323 3857 388 3914 God.
407 3855 477 3926 dipl.
499 3857 528 3910 Τ.
550 3853 581 3910 V.
599 3854 652 3911 aot.
671 3855 711 3911 11.
729 3871 759 3924 p.
775 3857 836 3913 238.

201 4015 353 4072 mLxxv.
371 4018 449 4070 1272.
468 4013 629 4086 Stephanus
647 4013 683 4070 V.
701 4029 751 4070 rex
769 4014 902 4079 notificat,
922 4012 998 4085 quod
1017 4013 1117 4079 Lucas,
1135 4011 1217 4084 wyd,
1241 4012 1391 4068 Mathnene
1421 4012 1423 4018 '

146 4107 177 4161 et
188 4103 289 4160 Petrus
302 4103 352 4158 lilii
364 4101 458 4158 Endre
475 4102 567 4158 comit
581 4101 607 4157 ei
619 4099 815 4172 conquerendo
827 4101 979 4169 retulerint,
991 4099 1067 4171 quod
1080 4100 1239 4170 Stephanus
1252 4099 1393 4170 quondam

146 4191 239 4247 banus
267 4191 429 4256 Slevoniae,
456 4189 622 4262 particulam
649 4193 739 4244 terrae
766 4204 862 4244 eorum
890 4186 1090 4243 haereditariae
1117 4186 1331 4244 odra-vocatae
1357 4185 1392 4241 ed

31 4279 33 4366 ζ
147 4279 233 4336 unius
250 4279 333 4334 aratri
352 4283 379 4334 et
396 4275 542 4332 dimidium
561 4275 733 4347 deputatam,
759 4281 787 4332 et
811 4274 951 4348 quandam
975 4275 1096 4329 insulam
1121 4274 1157 4330 de
1181 4274 1303 4346 quadam
1322 4280 1394 4329 terra

32 4375 33 4405 l
146 4381 246 4422 eorum
264 4364 401 4432 falcatam,
421 4363 569 4420 Conuehau
587 4369 722 4430 vocatam,
742 4362 777 4416 ed
796 4377 884 4417 uuum
899 4366 1021 4417 aratrum
1039 4361 1230 4428 sufficientem,
1249 4359 1393 4415 Prelocam

145 4455 346 4522 nuncupatam,
359 4449 396 4505 ab
410 4451 450 4505 eis
468 4449 642 4517 allienaaset;
662 4449 802 4521 petierunt
819 4450 913 4519 itaque
932 4453 963 4504 ut
981 4448 1021 4503 eis
1039 4448 1150 4503 easdem
1164 4445 1279 4502 reddere
1293 4446 1392 4516 digna·

34 4539 36 4580 ἱ
145 4543 231 4594 retur.
256 4537 317 4592 Rex
342 4551 460 4592 umacus
486 4537 649 4607 petitionem
675 4535 748 4591 hanc
774 4535 928 4606 legitimam
954 4539 1039 4604 atque
1063 4534 1169 4604 justam
1196 4533 1264 4600 fore,
1286 4532 1390 4588 eisdem

35 4657 44 4732 t

144 4623 212 4679 tiliis
231 4623 324 4680 Endre
343 4625 454 4680 comitis
471 4623 599 4680 restituit
617 4624 723 4679 Datum
744 4639 794 4695 per
811 4637 913 4678 manus
930 4621 1055 4692 magistri
1073 4619 1217 4677 Benedicti
1230 4619 1392 4678 Orodieusie

142 4711 299 4785 immiti
316 4711 398 4768 aulae
422 4708 648 4794 vicecancellarii
678 4709 871 4767 Existuntthua
897 4707 1029 4766 Jchanue
1057 4707 1268 4780 archiepiscopo
1295 4706 1393 4778 Spale-
