3544 5344
361 361 403 425 72
861 385 881 422 1.
906 371 1104 438 uusunravrd,

360 550 512 605 Prevlacha
530 565 592 604 cum
612 549 790 603 concessione
808 547 1038 603 reaedificationis
1057 549 1188 604 ecclesiae
1205 565 1226 602 s.
1240 548 1405 618 Archangeli
1417 557 1445 604 ct
1457 549 1610 606 donatione

359 639 484 695 locorum
501 637 616 692 Lustiaa
631 643 658 691 et
670 635 799 707 Pasiglav
812 643 916 692 etcum
927 641 987 692 tota
999 636 1112 708 planitie
1125 653 1214 707 usque
1227 635 1262 690 ad
1281 637 1432 692 confinium
1444 637 1479 692 de
1497 637 1608 696 Gasral.

413 727 486 782 aas.
499 723 693 794 ataujapoet
706 725 731 792 Ι,
742 741 771 794 p.
782 729 841 779 130.
856 726 945 780 Noni:
959 725 1114 780 Deductus
1126 725 1331 796 nummismais
1342 727 1467 794 Bastiae,
1475 743 1504 796 p.
1514 727 1610 782 XLV.

397 865 617 922 OGXXXXIX.
629 867 663 921 A.
680 864 1051 920 1230.Nemilusvicebanus
1061 871 1090 920 et
1099 881 1191 921 comes
1201 865 1521 936 zagrabiensistestatnr,
1532 869 1611 938 quod

360 971 423 1010 oum
442 955 562 1010 venisset
585 954 620 1008 ad
645 969 710 1008 eum
734 952 850 1023 j0bagio
876 954 962 1007 Terea
989 970 1053 1008 cum
1080 953 1176 1008 litteris
1196 953 1349 1020 Oolomani,
1377 961 1409 1010 ut
1427 961 1611 1026 praeceptum

360 1042 531 1114 adimpleret,
556 1041 631 1096 venit
657 1040 692 1096 ad
720 1047 822 1096 terram
850 1041 992 1095 Zlatenich
1019 1041 1173 1106 (Slatinitlt
1200 1040 1235 1096 ad
1264 1041 1511 1112 perambulandum
1537 1059 1611 1098 eam.

360 1130 489 1186 monachi
507 1135 601 1184 autem
619 1129 821 1200 prohibuerunt
839 1129 863 1182 ei
882 1134 986 1184 terram
1003 1128 1078 1182 illam
1098 1128 1290 1200 perambulare
1302 1128 1432 1195 dieentes,
1446 1128 1521 1199 quod
1534 1135 1613 1184 esset

360 1217 426 1274 data
445 1217 575 1272 ecclesiae
592 1216 629 1272 de
646 1217 763 1288 Toplica
787 1233 837 1288 per
860 1216 1034 1286 privilegium
1058 1217 1130 1285 regis
1154 1214 1292 1283 Andreae,
1315 1216 1390 1285 quod
1415 1217 1498 1270 etiam
1517 1225 1612 1272 osten-

360 1305 467 1360 derunt.
488 1305 551 1372 Quo
570 1305 692 1376 perlecto
710 1321 803 1358 coram
829 1303 951 1358 Martino
975 1303 1147 1358 corbaviensi
1175 1303 1307 1374 episcopo
1333 1311 1360 1358 et
1381 1321 1475 1358 coram
1493 1321 1543 1358 sex
1562 1321 1611 1373 ge-

360 1392 557 1458 nerationibus,
576 1393 680 1448 invenit
698 1391 848 1446 vioehanus
860 1390 964 1445 dictam
984 1399 1085 1446 terram
1100 1391 1185 1446 'Perse
1197 1392 1225 1445 in
1238 1391 1382 1463 privilegio
1394 1391 1612 1458 monachorum

360 1481 497 1536 Martinus
525 1487 617 1536 tamen
645 1479 792 1550 episcopus
828 1478 988 1544 affirmavit,
1017 1477 1093 1548 quod
1119 1478 1194 1534 dicta
1220 1484 1293 1533 terra
1320 1485 1394 1534 esset
1418 1479 1611 1534 castrensium.

360 1569 468 1624 Habito
487 1567 605 1624 consilio
623 1585 687 1622 cum
702 1567 901 1638 j0bagionibus
924 1564 1082 1620 adiudicata
1106 1574 1148 1621 est
1165 1573 1239 1620 terra
1256 1566 1407 1622 monachis.
1426 1565 1470 1620 Ad
1488 1567 1542 1622 hoc
1561 1585 1613 1622 no-

360 1657 457 1712 minati
476 1661 541 1710 sunt
559 1654 616 1710 duo
635 1653 768 1726 pristaldi,
788 1671 861 1710 unus
882 1655 1020 1723 terrigena
1043 1653 1196 1708 Yaresclav
1214 1659 1242 1710 et
1260 1653 1329 1708 alter
1347 1654 1478 1724 Ungarus
1496 1655 1613 1710 nomine

360 1745 478 1800 Kesseu

416 1849 542 1904 masau
561 1849 640 1904 Mon.
659 1847 741 1917 episc.
760 1863 834 1918 supr.
855 1850 877 1916 Ι,
892 1864 924 1918 p.
943 1853 986 1902 68.

415 1998 496 2053 CCL.
516 2000 548 2053 A.
571 2001 649 2054 1230.
668 1997 831 2070 Capitulum
854 1997 988 2053 ecclesiae
1011 1997 1196 2068 aagrabiensis
1217 1997 1349 2065 notificat,
1369 1995 1511 2068 quomodo
1536 1997 1612 2052 ziti-

363 2086 456 2142 sclaus
475 2086 549 2141 filins
568 2085 657 2156 Oojan
676 2103 739 2142 cum
758 2103 810 2142 suo
828 2085 912 2140 fratre
936 2087 1032 2140 Marco
1057 2092 1165 2140 etcum
1184 2085 1346 2156 parentibus
1364 2086 1422 2139 auis
1441 2085 1611 2154 agnovisset,

363 2173 439 2244 quod
457 2179 560 2228 terram
578 2174 727 2240 Slatennic,
747 2173 781 2229 ad
805 2173 1004 2229 monasterium
1027 2172 1062 2227 de
1079 2173 1195 2244 Toplica
1220 2174 1410 2244 pertinentem,
1431 2189 1479 2243 per
1497 2173 1613 2242 aliquod

362 2267 473 2332 tempus
500 2261 622 2316 indebite
650 2267 821 2333 occupasset
849 2261 1005 2332 Impetcnte
1031 2277 1096 2316 vero
1123 2261 1216 2331 ipsum
1244 2260 1352 2327 abbate,
1380 2267 1614 2330 recognoscentes

363 2348 480 2420 praefati
498 2356 599 2403 terram
617 2367 673 2403 non
699 2349 829 2419 suijuris
854 2365 923 2415 esse,
948 2365 1042 2403 coram
1065 2347 1187 2419 capitulo
1210 2347 1284 2403 dicto
1303 2348 1397 2402 abbati
1415 2348 1613 2418 resignassent

363 2435 456 2491 Motae
482 2443 571 2491 terrae
599 2443 676 2491 sunt:
702 2437 790 2506 prima
816 2435 863 2490 ubi
887 2435 1041 2490 Dramonin
1067 2435 1141 2490 cadit
1169 2437 1197 2490 in
1223 2434 1343 2502 Glinam,
1374 2433 1438 2490 inde
1468 2434 1616 2490 descendit

363 2523 398 2578 ad
417 2531 502 2594 caput
520 2525 599 2579 rivuli
627 2531 654 2578 ct
675 2523 752 2578 vadit
777 2523 811 2578 ad
836 2525 927 2578 fossas
951 2523 1152 2590 Grenichisoha,
1178 2523 1277 2578 deinde
1301 2523 1336 2578 ad
1362 2523 1480 2578 rivulum
1498 2521 1612 2586 Vulehi,

362 2611 428 2666 inde
446 2628 531 2682 supra
549 2611 664 2666 domum
688 2611 775 2666 Torse
800 2610 836 2664 ad
860 2611 952 2665 locum
977 2609 1096 2677 Onliehe,
1120 2611 1185 2666 inde
1210 2610 1245 2666 ad
1264 2611 1356 2666 locum
1379 2609 1613 2680 Zlobinocancep,

362 2697 428 2752 inde
447 2715 497 2768 per
514 2699 587 2752 viam
605 2698 632 2751 in
652 2703 753 2765 monte,
772 2715 844 2768 quae
861 2697 938 2752 vadit
955 2697 1080 2768 aBayne
1092 2715 1109 2752 a
1121 2698 1256 2764 Bachuse,
1269 2697 1333 2752 inde
1346 2715 1396 2769 per
1408 2697 1525 2752 eandem
1537 2697 1613 2750 viam

363 2784 399 2838 ad
418 2784 509 2840 locum
527 2785 648 2851 thod,
666 2785 731 2840 inde
749 2802 835 2856 supra
852 2803 982 2855 magnam
994 2786 1104 2840 vineam
1115 2785 1247 2840 ecclesiae
1259 2785 1420 2856 toplioensis
1433 2783 1468 2838 ad
1487 2791 1613 2838 montem

363 2870 455 2938 Vruit‚
474 2870 538 2926 iude
556 2871 591 2926 ad
610 2872 737 2928 arborem
753 2871 853 2938 olenii,
866 2873 914 2927 ubi
926 2874 1095 2927 terminatur.
1109 2873 1312 2928 Existentibus:
1326 2871 1438 2926 Andrea
1450 2888 1515 2940 rege
1527 2871 1614 2926 Belne

363 2957 421 3012 tilio
440 2957 500 3013 eius
517 2976 635 3028 regnum
647 2959 811 3028 Hungariae
824 2959 1004 3029 gubernante,
1019 2959 1191 3014 Colomanno
1205 2961 1289 3015 totius
1302 2959 1466 3015 sclavoniae
1478 2957 1614 3013 ducatum

363 3051 482 3112 tenente,
502 3046 645 3117 Stephano
664 3047 787 3102 secundo
812 3048 944 3118 episcopo
968 3048 1146 3116 zagrabiensi,
1166 3047 1275 3102 Mathia
1302 3048 1468 3118 praeposito,
1488 3046 1613 3116 Pugrino

363 3139 484 3198 cantore,
503 3133 633 3188 Gabriele
651 3134 774 3201 custode,
794 3135 924 3190 Simeone
942 3133 1047 3189 decano
1066 3141 1094 3189 et
1111 3135 1234 3190 caeteris.

417 3237 543 3294 staldie:
561 3241 635 3293 Mon.
656 3255 699 3307 ep.
716 3255 790 3308 supr.
810 3239 835 3309 I,
852 3255 881 3308 p.
903 3243 946 3293 6⁶.

417 3377 512 3432 cont.
531 3380 623 3432 Hense
641 3379 718 3434 Maio
741 3384 792 3434 uui
814 3379 902 3434 Iunio
926 3383 1003 3433 1231.
1028 3379 1198 3436 Golomanus
1221 3379 1414 3434 Ruthenorum
1438 3397 1487 3434 rex
1506 3387 1535 3434 et
1552 3379 1613 3434 Sla-

365 3466 464 3520 voniae
481 3466 540 3520 dux
558 3465 736 3521 considerans
754 3466 871 3522 fratrum
889 3466 1002 3522 militiae
1019 3468 1115 3538 templi
1133 3466 1290 3536 religiosam
1308 3467 1486 3522 devotionem
1499 3473 1527 3520 et
1544 3467 1613 3520 assi-

363 3551 436 3607 duos
454 3551 562 3608 labores
581 3569 653 3622 quos
678 3553 713 3608 ab
737 3553 864 3610 hostibus
889 3555 978 3609 crucis
1003 3555 1104 3608 Christi
1128 3555 1297 3610 incessanter
1323 3554 1471 3624 perierunt,
1496 3554 1612 3624 dignum

364 3639 446 3694 duxit
464 3656 559 3694 omnes
583 3641 752 3710 templarios,
777 3643 826 3711 qui
850 3641 922 3696 iufra
940 3641 1073 3696 ducatum
1097 3642 1244 3698 Slavoniae
1263 3648 1335 3708 sunt,
1354 3649 1382 3696 et
1400 3658 1498 3696 omnes
1517 3659 1613 3696 eorum

364 3727 498 3782 terminos
516 3733 572 3782 tarn
591 3727 619 3781 in
638 3729 778 3784 Dalmatia
800 3747 885 3802 quam
909 3731 937 3784 in
957 3730 1068 3785 Oroatia
1086 3737 1114 3784 et
1132 3730 1225 3784 omnia
1242 3747 1339 3786 eorum
1361 3731 1436 3786 bona
1453 3729 1569 3785 mobdia
1586 3736 1614 3786 et

363 3814 517 3870 immobilia
534 3819 631 3870 oontm
649 3815 800 3884 quemlibet
817 3817 956 3874 hominem
976 3823 1126 3888 protegere.
1146 3817 1309 3874 Concedens
1327 3819 1380 3872 illis
1399 3817 1520 3887 insignia
1532 3818 1613 3888 privi-

365 3903 438 3972 legia
457 3907 485 3956 et
502 3901 651 3957 libertates.

420 4006 555 4060 maner:
572 4007 651 4062 Mon.
673 4008 766 4078 Hesp.
785 4013 876 4063 uetera
888 4011 911 4076 1,
922 4025 950 4078 p.
966 4013 1009 4064 9⁷.
1023 4013 1068 4063 Ec
1081 4010 1295 4079 confirmator-iia
1307 4009 1409 4066 litteris
1422 4010 1554 4080 &aporii
1566 4009 1612 4063 IX

364 4110 468 4163 papae.

419 4223 531 4278 GCLII.
550 4227 652 4296 Reate,
674 4232 697 4280 8.
717 4226 791 4281 Juttt
815 4231 890 4282 1231.
916 4227 1066 4298 Gregorius
1091 4227 1135 4282 IX
1160 4245 1234 4298 papa
1258 4227 1294 4282 ad
1313 4227 1475 4299 petitionem
1496 4227 1613 4282 fratrum

366 4311 479 4366 militiae
497 4313 591 4383 templi
611 4313 756 4368 confirmat
773 4314 1001 4384 compositionem
1019 4315 1090 4369 inter
1108 4332 1155 4369 eos
1174 4332 1209 4369 ex
1227 4333 1283 4369 una
1296 4320 1374 4385 parte
1387 4321 1415 4370 et
1428 4313 1614 4369 Colomanum

366 4397 559 4452 Ruthenorum
577 4417 670 4468 regem
689 4417 723 4454 ex
741 4401 826 4455 altera
846 4417 929 4472 super
947 4401 1114 4472 quibusdam
1126 4402 1204 4468 villis,
1226 4401 1364 4468 domibus,
1378 4404 1614 4472 possessionibus,

367 4485 532 4539 animalibus
551 4493 579 4540 et
596 4487 680 4541 rebus
699 4487 766 4554 aliis,
786 4488 887 4558 quihus
906 4487 943 4541 illi
962 4487 997 4542 ab
1015 4489 1077 4558 ipso
1101 4488 1295 4556 causabantur,
1311 4489 1413 4545 factam
1432 4492 1615 4549 amicabiliter

369 4571 467 4626 eodem
485 4589 558 4626 anno
584 4575 651 4628 1231
685 4573 719 4627 In
744 4575 885 4644 productis
909 4575 1072 4629 Colomanni
1096 4576 1168 4644 regis
1194 4583 1220 4630 et
1245 4576 1393 4631 Slavoniae
1417 4577 1497 4633 ducis
1516 4580 1615 4636 litteris

368 4665 567 4714 commemorat
585 4659 665 4726 idem,
684 4659 760 4730 quod
779 4660 955 4716 considerans
974 4663 1090 4717 fratrum
1108 4663 1220 4719 militiae
1238 4664 1335 4735 templi
1353 4664 1513 4737 religiosam
1531 4667 1616 4725 devo·
