3464 5382
666 401 814 447 smnus.
1299 387 1359 452 130

119 569 147 622 et
165 565 243 636 quod
261 565 352 622 vivent
369 565 398 620 iu
417 581 486 638 pace
505 583 570 622 cum
590 585 623 626 eo
642 569 714 624 sicut
729 569 859 626 rixmunt
876 575 1064 626 antecessores
1082 587 1178 628 eorum
1191 573 1284 645 stipsi
1296 590 1361 630 cum

119 659 199 724 patre
217 653 296 720 eius;
314 659 341 708 et
359 653 472 724 quando
490 655 625 726 placuerit
643 656 668 712 ei
686 656 729 712 vel
756 657 816 712 sius
834 657 992 714 bominibus
1010 659 1103 714 venire
1121 660 1164 714 vel
1182 677 1282 716 causas
1301 662 1362 716 mit

118 747 177 796 tera
195 739 224 796 in
242 757 338 796 sorum
356 741 501 808 civitatem,
526 742 622 798 cintus
650 760 746 799 eorum
768 745 819 800 erit
842 745 897 800 illis
921 751 1026 817 operta
1045 751 1074 802 st
1091 746 1205 802 stobrmt
1223 748 1283 804 sani
1301 748 1361 804 sine

118 829 176 883 nlla
194 828 329 896 molestia,
348 829 420 884 sicut
436 835 480 884 est
496 829 611 900 antiqua
628 831 817 898 consuetud05
836 839 863 888 et
881 833 905 886 si
923 833 1022 903 aliquis
1040 833 1167 890 inimicus
1186 835 1245 890 eius
1258 835 1361 906 ingerit

117 913 154 970 ad
174 915 233 970 eius
251 915 397 982 civitatem,
416 916 549 987 recipient
566 933 639 986 eum,
658 919 729 974 sicut
746 925 910 991 receperunt
927 936 1105 976 cumeorum
1123 927 1312 978 antecessores
1330 923 1359 978 in

116 1001 317 1058 consuetudine
343 1003 388 1058 ari
410 1009 438 1058 et
461 1004 547 1074 patris
573 1005 651 1074 eius3
677 1011 705 1060 et
731 1023 794 1062 cum
812 1007 852 1062 sis
870 1006 970 1063 stando
988 1023 1045 1062 non
1062 1007 1175 1064 nocebit
1192 1013 1281 1065 terras
1300 1009 1360 1064 eius

117 1091 176 1146 ullo
195 1090 288 1158 modo,
305 1091 330 1146 si
348 1097 443 1146 autem
460 1091 565 1164 aliquid
588 1094 724 1162 nocnerit,
747 1099 897 1164 componet
914 1093 999 1162 illud;
1018 1095 1041 1150 ai
1059 1113 1123 1162 non,
1141 1094 1250 1152 dabunt
1267 1096 1360 1168 ipsum

118 1179 144 1232 ei
162 1178 297 1248 ligatum
316 1179 339 1234 si
357 1197 414 1236 non
432 1176 565 1248 dederint,
584 1187 752 1252 component
770 1181 922 1254 dampnum
940 1198 1004 1238 cum
1023 1197 1074 1238 suo
1092 1181 1208 1250 haberem
1227 1200 1361 1239 commer-

117 1267 268 1322 meraarius
292 1282 361 1322 suus
386 1269 491 1324 stetin
515 1269 625 1324 civitate
648 1268 741 1336 libere,
764 1269 836 1325 sicut
859 1270 936 1326 stetit
958 1269 1056 1326 diebus
1074 1271 1119 1324 avi
1136 1275 1164 1326 et
1182 1271 1268 1340 patris
1286 1272 1360 1338 eius;

116 1354 207 1410 cuivis
224 1371 320 1410 sorum
337 1355 443 1410 bomini
460 1354 561 1410 facient
579 1356 690 1427 plenam
704 1357 841 1427 justitiam
847 1375 854 1424 ;
873 1363 901 1412 st
918 1362 1013 1414 stanec
1030 1357 1067 1412 sit
1083 1357 1155 1412 inter
1172 1373 1221 1414 eos
1242 1375 1293 1412 as.
1307 1359 1361 1412 Mi-

116 1441 214 1497 chaele
232 1458 321 1512 nsque
338 1441 374 1496 sd
393 1458 414 1496 s.
428 1441 588 1514 Georgium,
600 1444 672 1499 sicut
683 1450 765 1500 antea
776 1444 837 1510 istit,
850 1444 878 1500 in
891 1445 1005 1516 antiquo
1017 1444 1093 1512 loco;
1107 1443 1216 1515 judices
1228 1445 1361 1502 iurabant

116 1534 232 1596 rectum,
253 1529 330 1586 'siem
353 1535 396 1586 est
419 1530 590 1593 consvetudo
613 1530 760 1586 iudicandi.
787 1531 956 1588 iuravenmt
979 1531 1033 1588 boc
1055 1539 1182 1603 pactum:
1200 1549 1294 1588 comes
1311 1532 1360 1589 Jo-

116 1615 226 1672 hannes
245 1617 389 1673 Michaelis
422 1617 521 1673 Petrus
545 1617 721 1688 Ballislaras,
748 1617 891 1686 Bubanns,
909 1617 1052 1674 Grubessa
1070 1618 1226 1687 Gundulse,
1245 1619 1361 1676 Velcius

116 1703 269 1771 Blsdimiri,
297 1704 411 1760 Glemen
438 1704 531 1774 Sersii,
559 1705 722 1760 Theodorus
751 1704 897 1772 Maniae,
923 1703 1066 1760 Johannes
1085 1705 1242 1773 Catarinus,
1259 1707 1359 1762 Petrus

117 1789 225 1858 Sretae,
242 1791 366 1846 Jacobus
385 1791 534 1862 Negamiri,
554 1792 644 1846 Cerne
662 1791 758 1850 Simon
771 1791 917 1854 Benessae,
932 1791 1056 1848 Galenda
1067 1791 1217 1864 Lamprini,
1233 1793 1358 1848 Marinus

116 1878 266 1950 Zuynizae‚
284 1877 427 1934 Jobannes
446 1878 540 1947 Sersii,
558 1879 671 1935 Boenus
689 1879 795 1948 Bobali,
816 1879 959 1936 Niciforus
972 1879 1089 1951 Srettee,
1101 1881 1274 1951 Peregrinus,
1288 1881 1360 1952 Bog-

116 1965 208 2022 danus
227 1967 330 2034 Pinimi,
348 1965 472 2022 Jacobus
489 1967 670 2038 Vulpicellae,
682 1967 782 2023 Petrus
796 1967 904 2034 Marini,
917 1967 1108 2022 Dobroslavus
1120 1968 1217 2036 Raetii,
1231 1967 1359 2024 Clemens

115 2054 280 2120 monachus,
305 2055 431 2110 Marinus
455 2054 603 2122 Barbarae,
630 2053 763 2126 Nycoliaa
786 2055 950 2126 Pecinagae,
967 2053 1131 2110 Theodorus
1149 2053 1251 2124 Gizlae,
1270 2055 1360 2112 Theo·

115 2141 204 2196 dorus
222 2139 311 2196 Rastii
330 2141 449 2212 Gnegae,
468 2139 617 2196 Goislavus
634 2141 770 2212 Peganae,
790 2147 818 2197 et
835 2141 981 2198 Deodstus
998 2143 1116 2198 vicarius
1134 2143 1314 2199 confirmavit

172 2231 208 2284 Ia
224 2243 400 2299 perpotasse.
418 2229 467 2283 Ee
485 2229 597 2284 arctico
616 2229 709 2284 aulico
728 2229 933 2299 vindobonensi,
951 2231 1075 2300 Rogata,
1097 2229 1217 2284 Subita

170 2333 360 2390 GCGGXLV.
384 2331 789 2406 Regusii,12t3.Jobannes
813 2334 933 2390 Michael
954 2351 1047 2390 comes
1065 2334 1182 2404 Ragusii
1208 2352 1273 2390 cum
1299 2341 1359 2392 tota

114 2423 315 2480 communitate
333 2421 450 2477 civitatis
468 2422 602 2493 promittit
620 2421 655 2476 ad
674 2421 883 2492 requisitionem
900 2421 1042 2490 Jurkonis,
1061 2423 1138 2477 missi
1156 2423 1228 2494 regis
1241 2423 1357 2479 Rassiae

115 2519 144 2567 et
163 2511 327 2578 Maritimae,
346 2509 481 2580 Stephani
493 2510 575 2576 Uros,
594 2510 753 2580 Ragnsinos
772 2527 828 2566 non
841 2525 981 2582 passuros,
997 2515 1029 2566 ut
1040 2510 1125 2565 vidua
1135 2511 1208 2580 regis
1220 2509 1357 2566 Vlsdislai

114 2599 144 2652 in
163 2597 297 2654 ditionem
314 2599 373 2654 eius
392 2598 486 2654 autin
504 2597 636 2653 Bosniam
653 2597 758 2653 litteras
777 2598 820 2653 vel
838 2599 951 2654 nnados
969 2598 1068 2654 mittat

169 2687 312 2742 naues:
333 2687 516 2741 Monammto
533 2686 640 2741 tertius
655 2703 685 2754 p.
703 2690 748 2740 30.

170 2789 375 2846 GGGGXLVI.
403 2793 436 2844 Δ.
464 2793 542 2842 1243.
569 2805 658 2844 meare
677 2790 808 2858 Octobris,
836 2793 877 2842 21.
906 2789 1009 2844 Martii
1036 2793 1114 2844 1244.
1142 2789 1209 2846 lea
1239 2789 1282 2846 IV
1308 2808 1358 2846 rex

116 2878 152 2934 ad
172 2879 333 2950 petitionem
348 2877 494 2934 vencentii
506 2877 613 2933 comitis
625 2877 816 2948 strigoniensis
828 2877 973 2932 confirmat
984 2876 1089 2932 litteras
1101 2877 1214 2949 capituli
1227 2879 1361 2950 quinque-

116 2966 299 3034 ecclesiensis,
318 2964 420 3036 quibus
437 2964 687 3032 demonstrabatur,
712 2964 787 3036 quod
811 2964 987 3020 medietatem
1006 2970 1094 3020 terrae
1112 2964 1211 3035 Orywa
1228 2966 1257 3020 in
1275 2967 1360 3022 comi-

115 3059 177 3110 tatu
195 3053 314 3124 Posegs,
331 3053 426 3109 relicta
445 3051 516 3108 Oleti
533 3052 676 3123 quondam
693 3053 808 3119 comitis,
828 3053 919 3108 socrui
937 3068 1013 3120 suas,
1032 3057 1060 3108 et
1072 3051 1135 3106 filiis
1149 3052 1207 3106 suis
1218 3052 1359 3121 Ladislav,

116 3142 210 3213 Filipo
229 3147 257 3197 et
281 3140 415 3212 Gregorio
442 3158 493 3212 pro
518 3142 554 3196 60
576 3141 675 3198 marcis
699 3141 835 3211 emptorio
857 3139 942 3194 modo
965 3144 1161 3211 comparasset,
1188 3155 1260 3210 qnae
1277 3145 1358 3210 terra,

117 3230 210 3302 Filipo
228 3230 329 3286 comite
346 3227 497 3284 decedente
524 3229 583 3284 sine
606 3227 710 3296 liberis,
735 3244 904 3298 quamquam
929 3227 965 3282 ad
990 3243 1056 3282 suas
1081 3225 1240 3296 (vincentii)
1258 3244 1359 3284 manus

115 3317 226 3374 devolvi
243 3315 394 3385 debuisset,
411 3333 461 3372 rex
480 3315 555 3370 illam
573 3315 650 3370 fratri
668 3331 720 3372 suo
733 3315 812 3370 Gleto
825 3315 918 3370 comiti
930 3315 959 3370 in
970 3315 1255 3386 recompensationem
1267 3315 1358 3370 multi·

116 3405 231 3476 plinium
249 3405 423 3460 servitiorum
447 3414 568 3472 suorum,
593 3402 711 3458 duxerat
733 3402 937 3460 conferendam.
966 3402 1054 3474 Gujus
1075 3409 1163 3458 terras
1181 3402 1357 3458 medietatem

115 3492 190 3548 idem
210 3491 307 3548 Gletus
325 3509 427 3563 genero
446 3509 497 3548 suo
509 3489 635 3562 praefato
647 3491 741 3546 comiti
754 3491 903 3546 Bencentio
915 3489 1128 3546 condonaverat
1143 3490 1252 3546 Literse
1265 3497 1359 3546 autem

115 3580 230 3651 capituli
248 3581 397 3646 continent,
416 3579 557 3649 quomodo
574 3578 687 3633 domina
705 3578 813 3645 Mache,
832 3597 903 3634 uxor
921 3577 1063 3648 quondam
1082 3577 1154 3633 Gleti
1173 3578 1288 3644 comitis,
1302 3594 1359 3633 una

115 3685 180 3722 carn
199 3667 261 3722 filiis
280 3669 338 3723 suis
356 3667 494 3736 Iadislao,
513 3665 624 3738 Filippo
643 3672 670 3722 et
689 3663 823 3734 Gregorio
841 3671 995 3737 protestata
1006 3671 1087 3732 esset,
1099 3665 1254 3736 praefatum
1266 3665 1378 3744 virum¹

116 3771 199 3812 soum
217 3753 338 3812 donasse
356 3755 422 3812 olim
445 3771 547 3825 genero
572 3771 623 3809 suo
647 3753 779 3822 magistro
797 3753 955 3820 Bencentio,
979 3753 1038 3810 filio
1055 3752 1150 3810 Vrbes
1167 3753 1283 3820 comitis,
1302 3770 1360 3808 me·

116 3842 249 3898 dietatem
267 3841 373 3916 praedii
391 3843 490 3914 Orywa
507 3843 536 3896 in
554 3841 678 3912 Posega;
696 3839 745 3896 sed
758 3847 856 3912 postea
868 3847 981 3914 propter
993 3847 1107 3914 quartas
1119 3841 1239 3896 filiarum
1258 3841 1360 3914 Filippi

116 3932 226 3987 comitis
245 3935 357 3986 coactus
376 3929 494 3988 eandem
511 3928 688 3986 medictatem
704 3929 855 4000 recepisset
872 3934 900 3983 et
916 3928 997 3984 dictis
1010 3929 1110 4000 puellis
1123 3929 1286 3984 contulisset
1307 3927 1360 3984 sub

116 4019 283 4084 conditione,
308 4025 339 4074 ut
363 4019 512 4075 Bencemio
536 4017 645 4073 solvant
670 4018 721 4071 100
744 4032 866 4082 marcas;
884 4015 933 4070 sed
952 4017 1114 4088 priusquam
1142 4015 1216 4070 idem
1234 4015 1359 4071 debitum

116 4108 294 4174 emisissent,
312 4112 370 4161 tam
388 4107 448 4176 ipss
467 4105 569 4176 (quisi)
587 4121 670 4176 quern
689 4102 780 4158 dictae
792 4103 866 4159 filiae
881 4103 963 4175 Filipi
981 4104 1089 4159 comitis
1102 4120 1119 4158 a
1130 4103 1252 4158 Tartaris
1265 4120 1361 4174 super-

117 4193 292 4250 venientibus
310 4193 446 4249 interiecti
464 4199 544 4260 sunt;
563 4193 648 4248 etsie
666 4189 811 4264 praedium
829 4190 865 4246 ad
883 4191 954 4246 filios
976 4191 1041 4246 dicti
1060 4191 1131 4246 Gleti
1148 4190 1256 4246 comitis
1274 4190 1357 4245 devo-

115 4283 208 4338 lutum
226 4287 282 4348 est;
299 4287 360 4336 tum
385 4281 446 4336 istis
472 4279 577 4352 placuit
603 4279 705 4335 dictam
732 4278 909 4335 medietatem
937 4277 1026 4334 eidem
1053 4279 1203 4334 Bencentio
1230 4295 1281 4348 pro
1307 4279 1359 4333 100

116 4372 218 4426 marcis
237 4369 387 4435 restituere,
407 4369 490 4424 aliam
508 4383 573 4424 vero
597 4366 773 4422 medietatem
797 4383 848 4438 pro
866 4368 901 4421 60
918 4366 1017 4420 marcis
1041 4365 1166 4434 vendere,
1184 4381 1269 4436 quam
1287 4364 1357 4420 Ben-

116 4459 226 4515 centius
249 4458 301 4513 rite
326 4457 465 4528 persolvit,
489 4455 582 4512 dando
606 4455 642 4511 to
664 4471 772 4510 marcas
794 4453 942 4510 Joscbirno
966 4453 1059 4508 comiti
1082 4470 1133 4524 pro
1157 4452 1259 4520 debito,
1278 4457 1306 4507 et
1323 4453 1358 4508 20

115 4547 187 4618 ipsis
206 4547 306 4618 pueris.
327 4543 409 4612 Quod
433 4545 586 4616 capitulum
603 4543 749 4599 coufirmat
766 4559 839 4596 anno
867 4542 934 4598 1243
951 4557 1047 4598 mense
1065 4540 1178 4607 octobri,
1196 4555 1245 4595 rex
1263 4545 1357 4594 autem

116 4651 192 4689 anno
212 4634 288 4689 1244.
307 4631 613 4704 remandaremus.

171 4723 218 4778 Ere
238 4721 310 4778 actis
327 4721 406 4792 regni
425 4720 533 4776 arctici
551 4719 662 4774 Badara
680 4717 835 4788 deportatis
853 4721 885 4772 N.
905 4717 939 4773 R
957 4717 991 4772 A.
1010 4719 1087 4771 1501.
1105 4715 1143 4772 N.
1161 4717 1199 4769 11.
