3376 5350
379 361 444 427 446
880 375 898 416 1.
913 361 1123 428 sessanum,

380 553 416 608 ad
434 569 509 608 mare
529 553 635 610 confert
654 551 786 624 magistro
799 553 919 610 Coraldo
932 554 990 610 lilio
1004 555 1137 625 Stephani
1152 555 1186 610 de
1199 553 1273 610 Ovar
1285 555 1490 626 possessionem
1505 556 1631 612 Gneresl

381 659 464 712 quam
483 643 644 712 possederat
663 643 764 697 iniuste
781 642 949 698 Benedictus
966 645 1115 728 episcopus
1133 645 1222 698 Albae
1240 643 1411 713 Bulgaricae.

438 729 561 782 Weueel:
583 729 823 798 Cod.di1rl.rlrp.
844 730 879 784 X.
900 735 959 784 186.

433 873 597 928 MDLXIX.
615 873 757 930 venetiis.
784 877 859 928 1295.
885 877 925 928 10.
952 875 1118 928 Nouembris.
1145 871 1244 929 Petrus
1270 874 1428 928 Gredonico
1453 875 1515 928 dux
1544 877 1632 930 Vena

379 961 480 1016 tiarum
494 962 589 1016 scribit
602 964 731 1033 potestati
745 971 772 1018 et
785 963 899 1017 consilio
912 963 1030 1016 civitatis
1042 963 1245 1032 Traguriensis:
1260 979 1323 1017 cum
1338 963 1472 1016 Diambra
1486 963 1630 1032 quondam

380 1066 450 1104 uxor
468 1055 496 1102 et
514 1067 588 1104 nunc
607 1051 666 1104 sola
684 1051 872 1104 commissaris
890 1051 1026 1120 Totigliae
1044 1049 1145 1113 Vitari,
1159 1050 1207 1104 lilii
1227 1049 1366 1120 quondam
1388 1049 1510 1104 trecium
1537 1053 1630 1104 uxoris

380 1137 446 1190 olim
464 1137 611 1192 Drusimiri
631 1137 731 1206 Vituri,
751 1137 785 1192 de
804 1139 923 1192 confinio
942 1157 962 1192 s.
982 1138 1087 1191 Mariae
1107 1138 1263 1201 Formosae,
1283 1139 1349 1190 civis
1362 1137 1498 1202 Venetae,
1521 1141 1628 1192 rarione
1682 1197 1683 1212 χ

380 1227 562 1294 repromissae
589 1225 745 1296 praedictae
768 1227 888 1281 Ceeilise
913 1227 1062 1296 spectantis
1087 1227 1150 1296 jure
1173 1225 1356 1279 successionis
1379 1224 1414 1278 sd
1443 1225 1557 1280 dictum
1584 1227 1633 1280 Tu

384 1313 499 1381 tigliam,
519 1332 568 1385 pro
587 1323 664 1384 parte
683 1317 706 1368 ei
727 1314 761 1368 de
780 1315 938 1384 supradicta
956 1317 1121 1385 repromisse
1134 1315 1292 1384 contigente
1306 1313 1436 1368 librarum
1450 1313 1515 1366 den.
1532 1314 1632 1368 Vener.

382 1403 604 1472 octingentarum
624 1403 757 1457 debonis
782 1403 846 1457 dicti
872 1403 1026 1458 Drusimiri'
1045 1403 1144 1458 debeat
1168 1405 1317 1473 percipere,
1343 1401 1498 1456 secundum
1527 1411 1633 1456 carnus

385 1490 613 1545 adiudicaiorium
634 1491 668 1545 de
686 1508 710 1544 a.
730 1493 805 1546 1271.
825 1491 870 1546 die
888 1492 928 1544 28.
949 1491 1019 1544 Nor.
1038 1491 1113 1546 Petit
1131 1507 1196 1561 ergo
1216 1489 1272 1544 dux
1300 1495 1437 1560 quatenus
1462 1497 1581 1544 tentum
1603 1492 1634 1542 rir-

383 1579 463 1634 dictis
478 1580 558 1634 bonis
567 1579 717 1634 Drusinriri
731 1597 780 1650 per
792 1597 857 1634 suos
870 1578 1002 1634 officiales
1016 1579 1141 1632 extimari
1152 1577 1242 1632 facere
1253 1577 1345 1643 velint,
1355 1584 1493 1646 quantum
1504 1579 1634 1632 ascendi:

383 1669 500 1738 pecunia
519 1665 686 1737 supradicta,
706 1673 733 1722 et
752 1667 815 1721 duci
834 1667 952 1736 pretium
972 1673 999 1720 et
1017 1665 1139 1719 confines
1157 1667 1242 1719 totius
1261 1664 1335 1735 quod
1360 1665 1444 1718 fuerit
1462 1665 1634 1719 extimarum

385 1772 516 1826 persnas
535 1755 640 1810 litteras
665 1755 813 1820 declarant,
838 1762 869 1808 ut
893 1753 994 1808 Veneti
1019 1753 1128 1824 judices
1151 1753 1217 1807 inde
1242 1752 1352 1806 valeant
1379 1751 1534 1821 procedere
1562 1755 1634 1806 sicut

384 1843 506 1914 postulat
525 1843 592 1898 ordo
608 1843 687 1913 juris.

433 1931 554 1984 Lucius:
572 1931 654 1984 Merra.
674 1929 705 1982 di
726 1929 802 1982 Trou
821 1947 847 1999 p.
868 1932 925 1981 141.

415 2071 564 2128 MDLXX.
582 2071 725 2127 venetiis.
752 2073 826 2124 1295,
852 2073 876 2124 3.
903 2069 1065 2123 Decembris.
1091 2070 1180 2140 Capta
1206 2069 1259 2123 fuit
1282 2085 1346 2139 pars
1372 2067 1487 2123 maioris
1511 2073 1637 2126 consilii.

381 2161 455 2230 qrrod
474 2159 575 2214 nobilis
594 2161 634 2213 vir
652 2159 777 2212 Marinus
797 2158 919 2226 Georgio
932 2175 1024 2212 comes
1038 2157 1171 2212 Curzolse
1185 2159 1220 2210 sit
1232 2157 1266 2210 de
1279 2156 1374 2210 maiori
1389 2155 1506 2211 consilio
1521 2175 1637 2230 semper

381 2249 493 2318 qrrando
512 2247 588 2301 venit
608 2245 739 2300 Venetiae
758 2255 786 2300 et
804 2253 859 2299 stat
877 2245 997 2300 iuvando
1016 2247 1107 2315 ipsum
1127 2245 1281 2300 consilium.

432 2336 548 2404 Ljubie‘:
566 2335 645 2388 rison.
664 2335 760 2388 11811.

426 2477 590 2534 MDLXXl.
604 2479 641 2532 lu
654 2475 987 2532 conventrensem.
1001 2479 1078 2530 1295.
1091 2474 1259 2529 Thomasiua
1275 2475 1377 2542 regina,
1391 2479 1480 2528 mater
1500 2474 1638 2530 Andreae

381 2565 432 2620 111.
452 2568 533 2636 regis,
551 2566 671 2620 Ducissa
690 2567 775 2619 totius
794 2563 941 2619 Slavoniae
960 2581 976 2618 s
995 2563 1126 2616 Danubio
1145 2579 1234 2632 usque
1252 2579 1327 2616 mere
1346 2569 1443 2615 notum
1461 2561 1546 2629 fecit,¹
1560 2565 1638 2633 quud

379 2654 545 2709 Laurentius
563 2654 694 2723 magister
712 2652 898 2722 dapiferorum
924 2651 1013 2705 diotse
1032 2651 1142 2720 reginae
1156 2657 1188 2720 let
1207 2651 1338 2719 magister
1357 2647 1506 2719 Philippus
1527 2669 1564 2704 ac
1586 2653 1638 2706 Lu-

381 2742 486 2796 dislaus
504 2741 553 2796 lilii
573 2742 697 2812 magistri
717 2739 839 2810 Philippi
859 2740 1060 2808 possessionem
1085 2739 1209 2806 ipsorum
1227 2735 1438 2792 haereditariam
1458 2737 1572 2810 Wruzy
1593 2759 1638 2794 vo·

381 2835 443 2884 cata
461 2829 488 2882 in
508 2830 639 2884 comitatu
658 2828 693 2882 de
711 2827 839 2892 il'allrov,
858 2845 906 2896 per
929 2826 1042 2880 modum
1069 2825 1210 2879 divisionis
1228 2841 1245 2878 a
1263 2825 1394 2894 maglano
1412 2822 1558 2887 Johanne,
1572 2827 1638 2880 Phi-

380 2917 464 2987 lippo,
478 2917 620 2970 Demetrio
634 2923 660 2970 et
673 2915 813 2980 Ladislao,
825 2915 889 2968 filiis
902 2913 1010 2968 comitis
1023 2913 1153 2978 Ladislai,
1164 2913 1331 2977 distinctam,
1342 2912 1509 2980 promeritis
1521 2917 1638 2968 comiti-

380 3003 531 3058 rllexendri
550 3003 672 3074 pugillis,
692 3021 726 3058 err
745 3004 925 3073 permissione
943 3001 1062 3056 filiorum
1082 3001 1204 3054 Ludislai
1229 2998 1346 3053 confessi
1372 3005 1438 3052 sunt
1462 3015 1492 3052 se
1519 3000 1638 3055 decise

380 3095 469 3148 eidem
489 3093 581 3146 comiti
601 3089 760 3146 Alexandro
774 3092 801 3144 in
815 3097 980 3160 perpetuum
1000 3089 1047 3142 tali
1061 3088 1151 3154 modo,
1165 3095 1195 3140 ut
1208 3087 1291 3141 iidem
1304 3085 1353 3139 filii
1367 3085 1490 3154 magistri
1505 3085 1638 3159 Philippi

380 3183 486 3236 ratione
504 3182 629 3236 eiusdem
648 3189 736 3234 terrae
760 3179 960 3248 qninquaginta
984 3191 1090 3230 marcus
1109 3175 1137 3228 in
1156 3175 1284 3240 denariis,
1303 3190 1332 3227 se
1350 3171 1385 3226 ab
1404 3173 1576 3230 Alexandro
1599 3193 1639 3231 re·
1685 3249 1686 3252 Ἴ

381 3271 489 3340 cepisse
508 3268 625 3322 confessi
645 3269 706 3321 sint.

439 3355 563 3410 ll⁷cueel.·
584 3354 649 3408 Cod.
668 3353 737 3424 dipl.
757 3355 826 3423 Arp.
846 3352 883 3406 X.
903 3354 960 3406 183.

436 3513 614 3568 MDLXXII.
636 3515 710 3564 12115.
734 3512 902 3566 Thomasina
924 3518 1012 3564 mater
1035 3509 1162 3564 Andreae
1186 3508 1237 3562 Ill.
1263 3510 1344 3577 regis,
1368 3515 1512 3562 enumerat
1538 3511 1639 3565 fidelia

378 3602 488 3656 servitia
507 3601 615 3654 comitis
634 3599 754 3652 Ladislai
774 3599 822 3652 filii
842 3598 949 3652 Nicolai
968 3605 996 3652 et
1015 3598 1126 3667 quidem
1146 3598 1248 3666 prinro:
1269 3595 1339 3650 Cum
1359 3594 1486 3648 Andreas
1506 3614 1560 3651 rex
1583 3599 1639 3652 La-

379 3689 467 3744 dislao
485 3689 543 3757 regi
563 3688 738 3740 successisset
751 3688 780 3740 in
793 3687 870 3755 regni
889 3687 997 3753 solium,
1017 3685 1089 3738 idern
1103 3702 1195 3738 comes
1208 3683 1295 3738 eidem
1310 3683 1487 3736 fidelissimos
1501 3683 1639 3740 exhibuit

380 3779 538 3832 famulatus.
559 3775 705 3828 Praeterea
724 3792 786 3828 cum
799 3774 942 3828 lohannes
956 3774 1070 3826 Henrici
1084 3773 1148 3826 bani
1161 3774 1253 3841 ipsum
1266 3787 1358 3840 regern
1378 3769 1520 3823 Andream
1545 3778 1638 3844 eapu-

378 3873 476 3930 vassei,
496 3863 570 3918 idem
584 3879 676 3917 comes
689 3862 835 3916 Lsdislaus
847 3862 988 3931 praedicto
1000 3861 1018 3914 J
1021 3861 1121 3915 ohauni
1134 3861 1203 3914 liber
1221 3865 1248 3913 et
1267 3865 1436 3928 spontaneus
1455 3874 1485 3910 se
1506 3857 1591 3914 dedit
1609 3865 1637 3914 in

379 3953 511 4018 obsidem,
530 3957 562 4005 ut
580 3952 677 4018 iugum
692 3949 856 4004 detentionis
869 3949 945 4017 regia
957 3949 1043 4017 possit
1057 3945 1338 4018 evadereCelsitudo,
1357 3961 1408 3998 nec
1425 3943 1508 3999 aliter
1520 3963 1541 4000 a
1556 3965 1639 4017 prae

379 4039 453 4092 dicto
471 4039 581 4094 Joanne
600 4038 690 4092 dictus
710 4053 802 4091 comes
821 4053 850 4088 se
869 4036 984 4088 liberare
1003 4035 1100 4103 potuit,
1125 4035 1176 4087 nisi
1203 4033 1328 4087 ducentis
1352 4032 1452 4086 marcis
1478 4037 1639 4102 persolutis

380 4127 512 4181 etlilium
533 4143 613 4180 suum
633 4127 695 4180 loco
715 4126 756 4178 sui
776 4125 803 4178 iu
823 4123 947 4176 obsidem
967 4123 1155 4190 relinquendo,
1174 4122 1221 4174 ubi
1242 4121 1331 4174 dietus
1350 4137 1418 4190 puer
1437 4129 1558 4191 propter
1578 4143 1638 4179 rua·
1685 4123 1686 4130 ’

379 4216 466 4269 litium
486 4215 556 4268 seris
575 4216 602 4267 in
622 4212 820 4281 aegritudinem
840 4211 965 4264 incidens
985 4219 1108 4262 mortuus
1127 4218 1177 4262 est,
1196 4209 1345 4262 Dimicavit
1357 4209 1441 4262 etiam
1454 4209 1491 4263 ad
1505 4224 1636 4266 casrrrru.

382 4302 510 4356 Zeclrchu
530 4309 626 4354 contra
645 4300 717 4353 illine
736 4299 888 4368 palatinum
902 4315 957 4350 una
971 4314 1033 4350 eum
1047 4296 1162 4350 Nicolao
1177 4296 1307 4365 palatino.
1321 4295 1376 4351 Pro
1390 4296 1493 4365 quibus
1510 4303 1639 4354 seruitiis
1685 4347 1686 4368 ,

380 4391 403 4444 ei
424 4391 542 4443 Ducisss
560 4397 667 4442 terranr'
680 4388 739 4440 Zub
758 4386 793 4440 ad
812 4385 955 4455 praedium
975 4384 1083 4454 Segusd
1103 4385 1286 4454 pertinentem
1306 4385 1430 4439 eontulit

437 4477 560 4529 libaret:
582 4475 646 4528 coe.
668 4474 736 4540 dipl.
757 4475 825 4540 Arp.
847 4471 882 4524 X.
899 4487 928 4538 p.
949 4475 1006 4524 185.

430 4613 621 4669 llDLXXlll.
643 4611 903 4667 reu.3.Th‹›1nasirra
923 4613 1099 4678 ruuterregis
1124 4611 1296 4680 Hungariae,
1322 4611 1441 4664 Ducissa
1459 4614 1553 4669 totius
1574 4615 1636 4668 Slu-

378 4704 475 4756 uoniae
494 4709 521 4756 et
545 4701 722 4771 gubernatrix
749 4701 869 4770 partium
895 4700 966 4754 circa
992 4699 1190 4753 Dauubialium
1214 4715 1303 4767 usque
1323 4698 1470 4766 Maritima,
1493 4704 1635 4761 notificat,
