<?xml version="1.0" encoding="UTF-8"?>
<!DOCTYPE html PUBLIC "-//W3C//DTD XHTML 1.0 Transitional//EN"
    "http://www.w3.org/TR/xhtml1/DTD/xhtml1-transitional.dtd">
<html xmlns="http://www.w3.org/1999/xhtml" xml:lang="en" lang="en">
 <head>
  <title>
</title>
<meta http-equiv="Content-Type" content="text/html;charset=utf-8" />
  <meta name='ocr-system' content='tesseract 3.04.00' />
  <meta name='ocr-capabilities' content='ocr_page ocr_carea ocr_par ocr_line ocrx_word'/>
</head>
<body>
  <div class='ocr_page' id='page_1' title='image "./regestadocument00sakcgoog_0042.png"; bbox 0 0 3544 5344; ppageno 0'>
   <div class='ocr_carea' id='block_1_1' title="bbox 374 417 1112 496">
    <p class='ocr_par' dir='ltr' id='par_1_1' title="bbox 374 417 1112 496">
     <span class='ocr_line' id='line_1_1' title="bbox 374 417 1112 496; baseline 0 -14"><span class='ocrx_word' id='word_1_1' title='bbox 374 417 416 482; x_wconf 82' lang='lat'>36</span> <span class='ocrx_word' id='word_1_2' title='bbox 869 441 890 480; x_wconf 93' lang='lat'>1.</span> <span class='ocrx_word' id='word_1_3' title='bbox 914 425 1112 496; x_wconf 74' lang='lat' dir='ltr'>aerumnam,</span> 
     </span>
    </p>
   </div>
   <div class='ocr_carea' id='block_1_2' title="bbox 375 602 1619 3102">
    <p class='ocr_par' dir='ltr' id='par_1_2' title="bbox 375 602 1619 3102">
     <span class='ocr_line' id='line_1_2' title="bbox 375 602 1611 674; baseline -0.002 -16"><span class='ocrx_word' id='word_1_4' title='bbox 375 611 447 658; x_wconf 90' lang='lat' dir='ltr'>terra</span> <span class='ocrx_word' id='word_1_5' title='bbox 466 604 569 659; x_wconf 83' lang='lat' dir='ltr'>Cocani</span> <span class='ocrx_word' id='word_1_6' title='bbox 582 609 609 658; x_wconf 90' lang='lat' dir='ltr'>ct</span> <span class='ocrx_word' id='word_1_7' title='bbox 620 619 705 673; x_wconf 89' lang='lat' dir='ltr'>qnam</span> <span class='ocrx_word' id='word_1_8' title='bbox 716 602 795 657; x_wconf 87' lang='lat' dir='ltr'>Nues</span> <span class='ocrx_word' id='word_1_9' title='bbox 808 603 962 658; x_wconf 75' lang='lat' dir='ltr'><strong>bachiensis</strong></span> <span class='ocrx_word' id='word_1_10' title='bbox 974 603 1149 674; x_wconf 89' lang='lat' dir='ltr'>praepositus</span> <span class='ocrx_word' id='word_1_11' title='bbox 1162 602 1293 657; x_wconf 86' lang='lat' dir='ltr'>ecclesiae</span> <span class='ocrx_word' id='word_1_12' title='bbox 1305 603 1429 668; x_wconf 88' lang='lat' dir='ltr'>contulit,</span> <span class='ocrx_word' id='word_1_13' title='bbox 1442 619 1506 656; x_wconf 92' lang='lat' dir='ltr'>cum</span> <span class='ocrx_word' id='word_1_14' title='bbox 1518 603 1611 656; x_wconf 87' lang='lat' dir='ltr'>insula</span> 
     </span>
     <span class='ocr_line' id='line_1_3' title="bbox 375 687 1614 759; baseline -0.002 -15"><span class='ocrx_word' id='word_1_15' title='bbox 375 690 509 744; x_wconf 89' lang='lat' dir='ltr'>Preulaos</span> <span class='ocrx_word' id='word_1_16' title='bbox 527 695 555 744; x_wconf 92' lang='lat' dir='ltr'>et</span> <span class='ocrx_word' id='word_1_17' title='bbox 568 690 657 744; x_wconf 88' lang='lat' dir='ltr'>tribus</span> <span class='ocrx_word' id='word_1_18' title='bbox 668 690 804 744; x_wconf 89' lang='lat' dir='ltr'>clausuris</span> <span class='ocrx_word' id='word_1_19' title='bbox 816 689 973 759; x_wconf 76' lang='lat' dir='ltr'>piscaturae</span> <span class='ocrx_word' id='word_1_20' title='bbox 985 706 1002 742; x_wconf 93' lang='lat' dir='ltr'>a</span> <span class='ocrx_word' id='word_1_21' title='bbox 1014 689 1124 743; x_wconf 89' lang='lat' dir='ltr'>Barano</span> <span class='ocrx_word' id='word_1_22' title='bbox 1136 688 1241 744; x_wconf 88' lang='lat' dir='ltr'>decano</span> <span class='ocrx_word' id='word_1_23' title='bbox 1254 687 1368 742; x_wconf 86' lang='lat' dir='ltr'>collatis.</span> <span class='ocrx_word' id='word_1_24' title='bbox 1382 688 1416 742; x_wconf 93' lang='lat' dir='ltr'>In</span> <span class='ocrx_word' id='word_1_25' title='bbox 1427 688 1472 742; x_wconf 88' lang='lat' dir='ltr'>his</span> <span class='ocrx_word' id='word_1_26' title='bbox 1485 687 1614 744; x_wconf 89' lang='lat' dir='ltr'>omnibus</span> 
     </span>
     <span class='ocr_line' id='line_1_4' title="bbox 377 773 1614 846; baseline 0 -18"><span class='ocrx_word' id='word_1_27' title='bbox 377 781 524 845; x_wconf 90' lang='lat' dir='ltr'>praecepto</span> <span class='ocrx_word' id='word_1_28' title='bbox 542 776 619 844; x_wconf 78' lang='lat' dir='ltr'>regio</span> <span class='ocrx_word' id='word_1_29' title='bbox 631 783 838 846; x_wconf 88' lang='lat' dir='ltr'>procuratorem</span> <span class='ocrx_word' id='word_1_30' title='bbox 850 775 906 844; x_wconf 85' lang='lat' dir='ltr'>egit</span> <span class='ocrx_word' id='word_1_31' title='bbox 917 773 1012 828; x_wconf 84' lang='lat' dir='ltr'>Buaad</span> <span class='ocrx_word' id='word_1_32' title='bbox 1024 790 1123 828; x_wconf 90' lang='lat' dir='ltr'>comes.</span> <span class='ocrx_word' id='word_1_33' title='bbox 1137 775 1256 845; x_wconf 77' lang='lat' dir='ltr'>Insuper</span> <span class='ocrx_word' id='word_1_34' title='bbox 1268 775 1416 844; x_wconf 83' lang='lat' dir='ltr'>episcopus</span> <span class='ocrx_word' id='word_1_35' title='bbox 1428 773 1614 844; x_wconf 78' lang='lat' dir='ltr'>zagrabiensis</span> 
     </span>
     <span class='ocr_line' id='line_1_5' title="bbox 376 859 1616 931; baseline -0.002 -15"><span class='ocrx_word' id='word_1_36' title='bbox 376 859 535 931; x_wconf 74' lang='lat' dir='ltr'>Stephanus</span> <span class='ocrx_word' id='word_1_37' title='bbox 554 861 670 916; x_wconf 90' lang='lat' dir='ltr'>contulit</span> <span class='ocrx_word' id='word_1_38' title='bbox 687 861 819 916; x_wconf 87' lang='lat' dir='ltr'>ecclesiae</span> <span class='ocrx_word' id='word_1_39' title='bbox 837 866 924 914; x_wconf 87' lang='lat' dir='ltr'>terras</span> <span class='ocrx_word' id='word_1_40' title='bbox 941 860 1091 926; x_wconf 87' lang='lat' dir='ltr'>Pribisceu,</span> <span class='ocrx_word' id='word_1_41' title='bbox 1109 861 1256 928; x_wconf 89' lang='lat' dir='ltr'>Drencins,</span> <span class='ocrx_word' id='word_1_42' title='bbox 1276 859 1359 927; x_wconf 86' lang='lat' dir='ltr'>Odre,</span> <span class='ocrx_word' id='word_1_43' title='bbox 1379 859 1501 915; x_wconf 87' lang='lat' dir='ltr'>Sciseeh.</span> <span class='ocrx_word' id='word_1_44' title='bbox 1520 859 1616 914; x_wconf 84' lang='lat' dir='ltr'>Refert</span> 
     </span>
     <span class='ocr_line' id='line_1_6' title="bbox 376 945 1615 1018; baseline 0.001 -17"><span class='ocrx_word' id='word_1_45' title='bbox 376 952 519 1018; x_wconf 88' lang='lat' dir='ltr'>praeterea</span> <span class='ocrx_word' id='word_1_46' title='bbox 536 965 586 1003; x_wconf 87' lang='lat' dir='ltr'>rex</span> <span class='ocrx_word' id='word_1_47' title='bbox 603 947 744 1003; x_wconf 86' lang='lat' dir='ltr'>Andreas:</span> <span class='ocrx_word' id='word_1_48' title='bbox 765 947 852 1004; x_wconf 75' lang='lat' dir='ltr'>»cum</span> <span class='ocrx_word' id='word_1_49' title='bbox 877 947 1021 1004; x_wconf 88' lang='lat' dir='ltr'>ecclesiam</span> <span class='ocrx_word' id='word_1_50' title='bbox 1044 947 1258 1017; x_wconf 80' lang='lat' dir='ltr'>zagrabiensem,</span> <span class='ocrx_word' id='word_1_51' title='bbox 1277 947 1352 1016; x_wconf 92' lang='lat' dir='ltr'>quod</span> <span class='ocrx_word' id='word_1_52' title='bbox 1371 947 1427 1002; x_wconf 91' lang='lat' dir='ltr'>iam</span> <span class='ocrx_word' id='word_1_53' title='bbox 1445 945 1551 1002; x_wconf 91' lang='lat' dir='ltr'>dudum</span> <span class='ocrx_word' id='word_1_54' title='bbox 1569 945 1615 1002; x_wconf 89' lang='lat' dir='ltr'>de·</span> 
     </span>
     <span class='ocr_line' id='line_1_7' title="bbox 376 1035 1615 1106; baseline 0 -18"><span class='ocrx_word' id='word_1_55' title='bbox 376 1035 564 1103; x_wconf 84' lang='lat' dir='ltr'>sideravimus,</span> <span class='ocrx_word' id='word_1_56' title='bbox 583 1036 704 1091; x_wconf 86' lang='lat' dir='ltr'>dedicari</span> <span class='ocrx_word' id='word_1_57' title='bbox 721 1037 844 1104; x_wconf 80' lang='lat' dir='ltr'>fecimus,</span> <span class='ocrx_word' id='word_1_58' title='bbox 863 1041 891 1090; x_wconf 88' lang='lat' dir='ltr'>et</span> <span class='ocrx_word' id='word_1_59' title='bbox 909 1053 969 1091; x_wconf 88' lang='lat' dir='ltr'>eam</span> <span class='ocrx_word' id='word_1_60' title='bbox 987 1037 1015 1090; x_wconf 91' lang='lat' dir='ltr'>in</span> <span class='ocrx_word' id='word_1_61' title='bbox 1033 1036 1132 1106; x_wconf 87' lang='lat' dir='ltr'>majori</span> <span class='ocrx_word' id='word_1_62' title='bbox 1149 1035 1245 1090; x_wconf 87' lang='lat' dir='ltr'>dotare</span> <span class='ocrx_word' id='word_1_63' title='bbox 1263 1053 1319 1091; x_wconf 90' lang='lat' dir='ltr'>non</span> <span class='ocrx_word' id='word_1_64' title='bbox 1338 1051 1493 1106; x_wconf 82' lang='lat' dir='ltr'>possemus,</span> <span class='ocrx_word' id='word_1_65' title='bbox 1506 1051 1615 1105; x_wconf 89' lang='lat' dir='ltr'>compa·</span> 
     </span>
     <span class='ocr_line' id='line_1_8' title="bbox 376 1121 1615 1192; baseline -0.002 -14"><span class='ocrx_word' id='word_1_66' title='bbox 376 1123 479 1178; x_wconf 89' lang='lat' dir='ltr'>cientes</span> <span class='ocrx_word' id='word_1_67' title='bbox 498 1124 555 1178; x_wconf 90' lang='lat' dir='ltr'>suis</span> <span class='ocrx_word' id='word_1_68' title='bbox 574 1124 794 1188; x_wconf 89' lang='lat' dir='ltr'>necessitatibus,</span> <span class='ocrx_word' id='word_1_69' title='bbox 822 1130 849 1178; x_wconf 86' lang='lat' dir='ltr'>et</span> <span class='ocrx_word' id='word_1_70' title='bbox 867 1124 993 1190; x_wconf 84' lang='lat' dir='ltr'>maxime,</span> <span class='ocrx_word' id='word_1_71' title='bbox 1021 1122 1097 1192; x_wconf 93' lang='lat' dir='ltr'>quod</span> <span class='ocrx_word' id='word_1_72' title='bbox 1116 1123 1169 1178; x_wconf 88' lang='lat' dir='ltr'>sita</span> <span class='ocrx_word' id='word_1_73' title='bbox 1187 1123 1267 1178; x_wconf 88' lang='lat' dir='ltr'>sitin</span> <span class='ocrx_word' id='word_1_74' title='bbox 1285 1123 1364 1192; x_wconf 84' lang='lat' dir='ltr'>regni</span> <span class='ocrx_word' id='word_1_75' title='bbox 1381 1123 1469 1176; x_wconf 90' lang='lat' dir='ltr'>nostri</span> <span class='ocrx_word' id='word_1_76' title='bbox 1487 1121 1615 1188; x_wconf 89' lang='lat' dir='ltr'>confinio,</span> 
     </span>
     <span class='ocr_line' id='line_1_9' title="bbox 375 1209 1615 1280; baseline -0.002 -17"><span class='ocrx_word' id='word_1_77' title='bbox 375 1209 427 1264; x_wconf 88' lang='lat' dir='ltr'>has</span> <span class='ocrx_word' id='word_1_78' title='bbox 444 1209 484 1264; x_wconf 90' lang='lat' dir='ltr'>illi</span> <span class='ocrx_word' id='word_1_79' title='bbox 501 1209 641 1264; x_wconf 76' lang='lat' dir='ltr'>libertates</span> <span class='ocrx_word' id='word_1_80' title='bbox 668 1212 868 1266; x_wconf 80' lang='lat' dir='ltr'>concessimus:</span> <span class='ocrx_word' id='word_1_81' title='bbox 896 1216 1033 1280; x_wconf 88' lang='lat' dir='ltr'>quatenus</span> <span class='ocrx_word' id='word_1_82' title='bbox 1061 1210 1180 1264; x_wconf 84' lang='lat' dir='ltr'>universi</span> <span class='ocrx_word' id='word_1_83' title='bbox 1198 1209 1295 1280; x_wconf 91' lang='lat' dir='ltr'>populi</span> <span class='ocrx_word' id='word_1_84' title='bbox 1314 1209 1349 1263; x_wconf 86' lang='lat' dir='ltr'>ad</span> <span class='ocrx_word' id='word_1_85' title='bbox 1368 1225 1429 1263; x_wconf 88' lang='lat' dir='ltr'>eam</span> <span class='ocrx_word' id='word_1_86' title='bbox 1447 1209 1615 1279; x_wconf 81' lang='lat' dir='ltr'>pertinentes</span> 
     </span>
     <span class='ocr_line' id='line_1_10' title="bbox 376 1295 1616 1365; baseline 0.001 -16"><span class='ocrx_word' id='word_1_87' title='bbox 376 1312 427 1350; x_wconf 91' lang='lat' dir='ltr'>nec</span> <span class='ocrx_word' id='word_1_88' title='bbox 446 1296 526 1364; x_wconf 87' lang='lat' dir='ltr'>bano,</span> <span class='ocrx_word' id='word_1_89' title='bbox 545 1314 596 1352; x_wconf 91' lang='lat' dir='ltr'>nec</span> <span class='ocrx_word' id='word_1_90' title='bbox 614 1297 766 1365; x_wconf 78' lang='lat' dir='ltr'>vicebano,</span> <span class='ocrx_word' id='word_1_91' title='bbox 786 1315 836 1353; x_wconf 90' lang='lat' dir='ltr'>uec</span> <span class='ocrx_word' id='word_1_92' title='bbox 854 1298 936 1352; x_wconf 87' lang='lat' dir='ltr'>alicui</span> <span class='ocrx_word' id='word_1_93' title='bbox 953 1298 981 1352; x_wconf 92' lang='lat' dir='ltr'>iu</span> <span class='ocrx_word' id='word_1_94' title='bbox 1000 1296 1164 1352; x_wconf 73' lang='lat' dir='ltr'>victualibus</span> <span class='ocrx_word' id='word_1_95' title='bbox 1183 1297 1225 1350; x_wconf 89' lang='lat' dir='ltr'>vel</span> <span class='ocrx_word' id='word_1_96' title='bbox 1238 1296 1426 1363; x_wconf 84' lang='lat' dir='ltr'>descensibus,</span> <span class='ocrx_word' id='word_1_97' title='bbox 1445 1295 1474 1349; x_wconf 92' lang='lat' dir='ltr'>in</span> <span class='ocrx_word' id='word_1_98' title='bbox 1491 1296 1616 1350; x_wconf 86' lang='lat' dir='ltr'>marturi-</span> 
     </span>
     <span class='ocr_line' id='line_1_11' title="bbox 376 1381 1617 1454; baseline 0 -19"><span class='ocrx_word' id='word_1_99' title='bbox 376 1381 428 1449; x_wconf 87' lang='lat' dir='ltr'>nis,</span> <span class='ocrx_word' id='word_1_100' title='bbox 447 1383 491 1437; x_wconf 84' lang='lat' dir='ltr'>rel</span> <span class='ocrx_word' id='word_1_101' title='bbox 502 1383 531 1438; x_wconf 90' lang='lat' dir='ltr'>in</span> <span class='ocrx_word' id='word_1_102' title='bbox 543 1383 651 1439; x_wconf 89' lang='lat' dir='ltr'>iudiciis</span> <span class='ocrx_word' id='word_1_103' title='bbox 667 1386 711 1440; x_wconf 87' lang='lat' dir='ltr'>vel</span> <span class='ocrx_word' id='word_1_104' title='bbox 723 1386 780 1440; x_wconf 91' lang='lat' dir='ltr'>ulla</span> <span class='ocrx_word' id='word_1_105' title='bbox 792 1401 916 1454; x_wconf 88' lang='lat' dir='ltr'>unquam</span> <span class='ocrx_word' id='word_1_106' title='bbox 928 1384 1072 1439; x_wconf 87' lang='lat' dir='ltr'>occasione</span> <span class='ocrx_word' id='word_1_107' title='bbox 1084 1384 1122 1438; x_wconf 91' lang='lat' dir='ltr'>rei</span> <span class='ocrx_word' id='word_1_108' title='bbox 1135 1382 1303 1454; x_wconf 88' lang='lat' dir='ltr'>respondere</span> <span class='ocrx_word' id='word_1_109' title='bbox 1315 1387 1483 1437; x_wconf 76' lang='lat' dir='ltr'>teneantur.‹</span> <span class='ocrx_word' id='word_1_110' title='bbox 1498 1381 1617 1452; x_wconf 88' lang='lat' dir='ltr'>Insuper</span> 
     </span>
     <span class='ocr_line' id='line_1_12' title="bbox 376 1469 1617 1544; baseline -0.002 -21"><span class='ocrx_word' id='word_1_111' title='bbox 376 1477 545 1526; x_wconf 87' lang='lat' dir='ltr'>memoratus</span> <span class='ocrx_word' id='word_1_112' title='bbox 565 1471 689 1526; x_wconf 84' lang='lat' dir='ltr'>Ciriacus</span> <span class='ocrx_word' id='word_1_113' title='bbox 708 1474 883 1544; x_wconf 86' lang='lat' dir='ltr'>praepositus</span> <span class='ocrx_word' id='word_1_114' title='bbox 900 1479 987 1526; x_wconf 88' lang='lat' dir='ltr'>terras</span> <span class='ocrx_word' id='word_1_115' title='bbox 1006 1487 1071 1526; x_wconf 85' lang='lat' dir='ltr'>sues</span> <span class='ocrx_word' id='word_1_116' title='bbox 1090 1477 1118 1526; x_wconf 89' lang='lat' dir='ltr'>et</span> <span class='ocrx_word' id='word_1_117' title='bbox 1136 1487 1251 1526; x_wconf 90' lang='lat' dir='ltr'>suorum</span> <span class='ocrx_word' id='word_1_118' title='bbox 1268 1469 1416 1524; x_wconf 76' lang='lat' dir='ltr'>fratrorum</span> <span class='ocrx_word' id='word_1_119' title='bbox 1429 1469 1577 1536; x_wconf 81' lang='lat' dir='ltr'>Quinciani</span> <span class='ocrx_word' id='word_1_120' title='bbox 1589 1473 1617 1522; x_wconf 96' lang='lat' dir='ltr'>et</span> 
     </span>
     <span class='ocr_line' id='line_1_13' title="bbox 376 1555 1616 1630; baseline -0.001 -19"><span class='ocrx_word' id='word_1_121' title='bbox 376 1556 480 1612; x_wconf 90' lang='lat' dir='ltr'>Bocani</span> <span class='ocrx_word' id='word_1_122' title='bbox 500 1557 603 1612; x_wconf 81' lang='lat' dir='ltr'>Casina</span> <span class='ocrx_word' id='word_1_123' title='bbox 620 1576 684 1614; x_wconf 90' lang='lat' dir='ltr'>cum</span> <span class='ocrx_word' id='word_1_124' title='bbox 710 1559 833 1630; x_wconf 79' lang='lat' dir='ltr'>Blagusa</span> <span class='ocrx_word' id='word_1_125' title='bbox 860 1565 888 1615; x_wconf 91' lang='lat' dir='ltr'>et</span> <span class='ocrx_word' id='word_1_126' title='bbox 913 1559 1005 1614; x_wconf 87' lang='lat' dir='ltr'>insula</span> <span class='ocrx_word' id='word_1_127' title='bbox 1031 1559 1109 1613; x_wconf 83' lang='lat' dir='ltr'>iuxta</span> <span class='ocrx_word' id='word_1_128' title='bbox 1126 1557 1241 1612; x_wconf 84' lang='lat' dir='ltr'>flurium</span> <span class='ocrx_word' id='word_1_129' title='bbox 1253 1558 1335 1612; x_wconf 82' lang='lat' dir='ltr'>Zawa</span> <span class='ocrx_word' id='word_1_130' title='bbox 1353 1573 1416 1611; x_wconf 92' lang='lat' dir='ltr'>cum</span> <span class='ocrx_word' id='word_1_131' title='bbox 1433 1563 1506 1611; x_wconf 90' lang='lat' dir='ltr'>terra</span> <span class='ocrx_word' id='word_1_132' title='bbox 1524 1555 1616 1626; x_wconf 85' lang='lat' dir='ltr'>Tupal</span> 
     </span>
     <span class='ocr_line' id='line_1_14' title="bbox 376 1642 1616 1717; baseline -0.002 -19"><span class='ocrx_word' id='word_1_133' title='bbox 376 1644 437 1712; x_wconf 86' lang='lat' dir='ltr'>(seu</span> <span class='ocrx_word' id='word_1_134' title='bbox 455 1644 564 1715; x_wconf 85' lang='lat' dir='ltr'>Cupal),</span> <span class='ocrx_word' id='word_1_135' title='bbox 583 1663 667 1715; x_wconf 89' lang='lat' dir='ltr'>quam</span> <span class='ocrx_word' id='word_1_136' title='bbox 685 1659 734 1700; x_wconf 89' lang='lat' dir='ltr'>rex</span> <span class='ocrx_word' id='word_1_137' title='bbox 752 1646 791 1700; x_wconf 90' lang='lat' dir='ltr'>eis</span> <span class='ocrx_word' id='word_1_138' title='bbox 810 1645 894 1714; x_wconf 87' lang='lat' dir='ltr'>dedit,</span> <span class='ocrx_word' id='word_1_139' title='bbox 912 1653 940 1701; x_wconf 94' lang='lat' dir='ltr'>et</span> <span class='ocrx_word' id='word_1_140' title='bbox 957 1663 1021 1700; x_wconf 89' lang='lat' dir='ltr'>cum</span> <span class='ocrx_word' id='word_1_141' title='bbox 1033 1646 1147 1717; x_wconf 89' lang='lat' dir='ltr'>praedio</span> <span class='ocrx_word' id='word_1_142' title='bbox 1158 1645 1271 1700; x_wconf 85' lang='lat' dir='ltr'>Dolsiza</span> <span class='ocrx_word' id='word_1_143' title='bbox 1283 1661 1347 1700; x_wconf 89' lang='lat' dir='ltr'>cum</span> <span class='ocrx_word' id='word_1_144' title='bbox 1358 1644 1495 1700; x_wconf 90' lang='lat' dir='ltr'>territorio</span> <span class='ocrx_word' id='word_1_145' title='bbox 1506 1642 1616 1698; x_wconf 82' lang='lat' dir='ltr'>Boebeh</span> 
     </span>
     <span class='ocr_line' id='line_1_15' title="bbox 376 1729 1616 1802; baseline -0.002 -17"><span class='ocrx_word' id='word_1_146' title='bbox 376 1732 498 1802; x_wconf 91' lang='lat' dir='ltr'>capitulo</span> <span class='ocrx_word' id='word_1_147' title='bbox 516 1733 688 1802; x_wconf 81' lang='lat' dir='ltr'>aagrsbieusi</span> <span class='ocrx_word' id='word_1_148' title='bbox 705 1733 829 1787; x_wconf 88' lang='lat' dir='ltr'>contulit.</span> <span class='ocrx_word' id='word_1_149' title='bbox 848 1733 941 1788; x_wconf 89' lang='lat' dir='ltr'>Metac</span> <span class='ocrx_word' id='word_1_150' title='bbox 959 1739 1053 1788; x_wconf 90' lang='lat' dir='ltr'>autem</span> <span class='ocrx_word' id='word_1_151' title='bbox 1070 1737 1159 1786; x_wconf 90' lang='lat' dir='ltr'>terrae</span> <span class='ocrx_word' id='word_1_152' title='bbox 1178 1731 1281 1786; x_wconf 82' lang='lat' dir='ltr'>Casina</span> <span class='ocrx_word' id='word_1_153' title='bbox 1298 1737 1377 1786; x_wconf 90' lang='lat' dir='ltr'>sunt:</span> <span class='ocrx_word' id='word_1_154' title='bbox 1396 1731 1433 1784; x_wconf 89' lang='lat' dir='ltr'>ab</span> <span class='ocrx_word' id='word_1_155' title='bbox 1445 1729 1616 1785; x_wconf 81' lang='lat' dir='ltr'>occidentes</span> 
     </span>
     <span class='ocr_line' id='line_1_16' title="bbox 376 1817 1617 1890; baseline -0.002 -19"><span class='ocrx_word' id='word_1_156' title='bbox 376 1818 460 1874; x_wconf 87' lang='lat' dir='ltr'>fluvio</span> <span class='ocrx_word' id='word_1_157' title='bbox 479 1819 571 1886; x_wconf 88' lang='lat' dir='ltr'>Liseu,</span> <span class='ocrx_word' id='word_1_158' title='bbox 590 1819 690 1874; x_wconf 87' lang='lat' dir='ltr'>deiude</span> <span class='ocrx_word' id='word_1_159' title='bbox 718 1837 735 1873; x_wconf 91' lang='lat' dir='ltr'>a</span> <span class='ocrx_word' id='word_1_160' title='bbox 761 1821 861 1874; x_wconf 85' lang='lat' dir='ltr'>vertice</span> <span class='ocrx_word' id='word_1_161' title='bbox 880 1821 981 1874; x_wconf 89' lang='lat' dir='ltr'>montis</span> <span class='ocrx_word' id='word_1_162' title='bbox 999 1819 1034 1874; x_wconf 88' lang='lat' dir='ltr'>ad</span> <span class='ocrx_word' id='word_1_163' title='bbox 1059 1836 1200 1889; x_wconf 88' lang='lat' dir='ltr'>quercum,</span> <span class='ocrx_word' id='word_1_164' title='bbox 1218 1835 1291 1890; x_wconf 89' lang='lat' dir='ltr'>quae</span> <span class='ocrx_word' id='word_1_165' title='bbox 1309 1823 1352 1873; x_wconf 90' lang='lat' dir='ltr'>est</span> <span class='ocrx_word' id='word_1_166' title='bbox 1370 1835 1455 1889; x_wconf 86' lang='lat' dir='ltr'>supra</span> <span class='ocrx_word' id='word_1_167' title='bbox 1473 1817 1617 1872; x_wconf 87' lang='lat' dir='ltr'>eeclesiam</span> 
     </span>
     <span class='ocr_line' id='line_1_17' title="bbox 376 1903 1614 1975; baseline -0.002 -17"><span class='ocrx_word' id='word_1_168' title='bbox 376 1920 399 1959; x_wconf 90' lang='lat' dir='ltr'>s.</span> <span class='ocrx_word' id='word_1_169' title='bbox 417 1905 499 1972; x_wconf 89' lang='lat' dir='ltr'>Petri,</span> <span class='ocrx_word' id='word_1_170' title='bbox 527 1905 627 1960; x_wconf 92' lang='lat' dir='ltr'>deinde</span> <span class='ocrx_word' id='word_1_171' title='bbox 654 1913 727 1960; x_wconf 87' lang='lat' dir='ltr'>terra</span> <span class='ocrx_word' id='word_1_172' title='bbox 753 1906 848 1973; x_wconf 83' lang='lat' dir='ltr'>Budia,</span> <span class='ocrx_word' id='word_1_173' title='bbox 875 1906 940 1962; x_wconf 93' lang='lat' dir='ltr'>inde</span> <span class='ocrx_word' id='word_1_174' title='bbox 965 1905 1109 1960; x_wconf 89' lang='lat' dir='ltr'>descendit</span> <span class='ocrx_word' id='word_1_175' title='bbox 1135 1906 1163 1960; x_wconf 90' lang='lat' dir='ltr'>in</span> <span class='ocrx_word' id='word_1_176' title='bbox 1191 1905 1329 1973; x_wconf 84' lang='lat' dir='ltr'>Casinam,</span> <span class='ocrx_word' id='word_1_177' title='bbox 1354 1910 1382 1960; x_wconf 89' lang='lat' dir='ltr'>et</span> <span class='ocrx_word' id='word_1_178' title='bbox 1400 1921 1449 1975; x_wconf 87' lang='lat' dir='ltr'>per</span> <span class='ocrx_word' id='word_1_179' title='bbox 1466 1903 1614 1958; x_wconf 77' lang='lat' dir='ltr'>transitum</span> 
     </span>
     <span class='ocr_line' id='line_1_18' title="bbox 376 1988 1617 2063; baseline -0.003 -17"><span class='ocrx_word' id='word_1_180' title='bbox 376 1990 500 2046; x_wconf 86' lang='lat' dir='ltr'>ascendit</span> <span class='ocrx_word' id='word_1_181' title='bbox 518 1990 553 2044; x_wconf 89' lang='lat' dir='ltr'>ad</span> <span class='ocrx_word' id='word_1_182' title='bbox 572 1991 666 2046; x_wconf 86' lang='lat' dir='ltr'>vincas</span> <span class='ocrx_word' id='word_1_183' title='bbox 685 1995 849 2063; x_wconf 86' lang='lat' dir='ltr'>praepositi;</span> <span class='ocrx_word' id='word_1_184' title='bbox 868 1993 933 2048; x_wconf 89' lang='lat' dir='ltr'>inde</span> <span class='ocrx_word' id='word_1_185' title='bbox 950 1991 1093 2048; x_wconf 88' lang='lat' dir='ltr'>descendit</span> <span class='ocrx_word' id='word_1_186' title='bbox 1109 1993 1138 2046; x_wconf 93' lang='lat' dir='ltr'>in</span> <span class='ocrx_word' id='word_1_187' title='bbox 1156 1993 1278 2062; x_wconf 81' lang='lat' dir='ltr'>Blsgusa</span> <span class='ocrx_word' id='word_1_188' title='bbox 1297 1998 1324 2046; x_wconf 92' lang='lat' dir='ltr'>et</span> <span class='ocrx_word' id='word_1_189' title='bbox 1336 2009 1385 2062; x_wconf 89' lang='lat' dir='ltr'>per</span> <span class='ocrx_word' id='word_1_190' title='bbox 1397 1993 1471 2046; x_wconf 84' lang='lat' dir='ltr'>riam</span> <span class='ocrx_word' id='word_1_191' title='bbox 1488 1988 1524 2044; x_wconf 89' lang='lat' dir='ltr'>ad</span> <span class='ocrx_word' id='word_1_192' title='bbox 1539 2006 1617 2045; x_wconf 93' lang='lat' dir='ltr'>mon·</span> 
     </span>
     <span class='ocr_line' id='line_1_19' title="bbox 376 2077 1618 2150; baseline -0.001 -19"><span class='ocrx_word' id='word_1_193' title='bbox 376 2084 442 2145; x_wconf 91' lang='lat' dir='ltr'>tem,</span> <span class='ocrx_word' id='word_1_194' title='bbox 461 2077 509 2132; x_wconf 93' lang='lat' dir='ltr'>ubi</span> <span class='ocrx_word' id='word_1_195' title='bbox 527 2078 650 2148; x_wconf 75' lang='lat' dir='ltr'>iungitur</span> <span class='ocrx_word' id='word_1_196' title='bbox 673 2097 735 2134; x_wconf 93' lang='lat' dir='ltr'>cum</span> <span class='ocrx_word' id='word_1_197' title='bbox 760 2087 834 2136; x_wconf 89' lang='lat' dir='ltr'>meta</span> <span class='ocrx_word' id='word_1_198' title='bbox 858 2081 952 2148; x_wconf 84' lang='lat' dir='ltr'>Bozir;</span> <span class='ocrx_word' id='word_1_199' title='bbox 975 2080 1040 2136; x_wconf 92' lang='lat' dir='ltr'>inde</span> <span class='ocrx_word' id='word_1_200' title='bbox 1064 2097 1114 2150; x_wconf 90' lang='lat' dir='ltr'>per</span> <span class='ocrx_word' id='word_1_201' title='bbox 1135 2081 1265 2134; x_wconf 85' lang='lat' dir='ltr'>verticem</span> <span class='ocrx_word' id='word_1_202' title='bbox 1288 2079 1390 2135; x_wconf 85' lang='lat' dir='ltr'>montis</span> <span class='ocrx_word' id='word_1_203' title='bbox 1414 2077 1449 2132; x_wconf 87' lang='lat' dir='ltr'>ad</span> <span class='ocrx_word' id='word_1_204' title='bbox 1468 2077 1571 2148; x_wconf 81' lang='lat' dir='ltr'>fagum,</span> <span class='ocrx_word' id='word_1_205' title='bbox 1590 2082 1618 2131; x_wconf 91' lang='lat' dir='ltr'>et</span> 
     </span>
     <span class='ocr_line' id='line_1_20' title="bbox 378 2161 1618 2238; baseline -0.002 -18"><span class='ocrx_word' id='word_1_206' title='bbox 378 2163 520 2220; x_wconf 86' lang='lat' dir='ltr'>descendit</span> <span class='ocrx_word' id='word_1_207' title='bbox 538 2165 574 2220; x_wconf 88' lang='lat' dir='ltr'>sd</span> <span class='ocrx_word' id='word_1_208' title='bbox 591 2166 706 2221; x_wconf 86' lang='lat' dir='ltr'>fluvium</span> <span class='ocrx_word' id='word_1_209' title='bbox 722 2167 880 2235; x_wconf 87' lang='lat' dir='ltr'>Jasenouiz,</span> <span class='ocrx_word' id='word_1_210' title='bbox 906 2168 954 2238; x_wconf 92' lang='lat' dir='ltr'>qui</span> <span class='ocrx_word' id='word_1_211' title='bbox 972 2167 1046 2222; x_wconf 89' lang='lat' dir='ltr'>cedit</span> <span class='ocrx_word' id='word_1_212' title='bbox 1072 2168 1101 2221; x_wconf 92' lang='lat' dir='ltr'>in</span> <span class='ocrx_word' id='word_1_213' title='bbox 1119 2167 1234 2222; x_wconf 80' lang='lat' dir='ltr'>fluvium</span> <span class='ocrx_word' id='word_1_214' title='bbox 1251 2165 1393 2232; x_wconf 84' lang='lat' dir='ltr'>Glavniza,</span> <span class='ocrx_word' id='word_1_215' title='bbox 1412 2183 1461 2236; x_wconf 92' lang='lat' dir='ltr'>per</span> <span class='ocrx_word' id='word_1_216' title='bbox 1478 2165 1554 2219; x_wconf 85' lang='lat' dir='ltr'>illam</span> <span class='ocrx_word' id='word_1_217' title='bbox 1571 2161 1618 2218; x_wconf 90' lang='lat' dir='ltr'>de-</span> 
     </span>
     <span class='ocr_line' id='line_1_21' title="bbox 378 2251 1618 2326; baseline -0.002 -19"><span class='ocrx_word' id='word_1_218' title='bbox 378 2251 484 2308; x_wconf 88' lang='lat' dir='ltr'>scendit</span> <span class='ocrx_word' id='word_1_219' title='bbox 501 2251 537 2307; x_wconf 89' lang='lat' dir='ltr'>ad</span> <span class='ocrx_word' id='word_1_220' title='bbox 555 2270 685 2324; x_wconf 86' lang='lat' dir='ltr'>magnam</span> <span class='ocrx_word' id='word_1_221' title='bbox 703 2255 784 2322; x_wconf 81' lang='lat' dir='ltr'>siam,</span> <span class='ocrx_word' id='word_1_222' title='bbox 803 2255 852 2310; x_wconf 92' lang='lat' dir='ltr'>ubi</span> <span class='ocrx_word' id='word_1_223' title='bbox 870 2261 913 2310; x_wconf 90' lang='lat' dir='ltr'>est</span> <span class='ocrx_word' id='word_1_224' title='bbox 930 2271 1010 2326; x_wconf 90' lang='lat' dir='ltr'>pons,</span> <span class='ocrx_word' id='word_1_225' title='bbox 1035 2261 1063 2312; x_wconf 89' lang='lat' dir='ltr'>et</span> <span class='ocrx_word' id='word_1_226' title='bbox 1081 2271 1130 2326; x_wconf 87' lang='lat' dir='ltr'>per</span> <span class='ocrx_word' id='word_1_227' title='bbox 1147 2253 1266 2311; x_wconf 91' lang='lat' dir='ltr'>eandem</span> <span class='ocrx_word' id='word_1_228' title='bbox 1283 2254 1428 2310; x_wconf 81' lang='lat' dir='ltr'>revertitur</span> <span class='ocrx_word' id='word_1_229' title='bbox 1445 2251 1482 2307; x_wconf 89' lang='lat' dir='ltr'>ad</span> <span class='ocrx_word' id='word_1_230' title='bbox 1500 2252 1618 2322; x_wconf 89' lang='lat' dir='ltr'>primam</span> 
     </span>
     <span class='ocr_line' id='line_1_22' title="bbox 378 2337 1618 2414; baseline -0.002 -20"><span class='ocrx_word' id='word_1_231' title='bbox 378 2347 489 2394; x_wconf 78' lang='lat' dir='ltr'>metans</span> <span class='ocrx_word' id='word_1_232' title='bbox 509 2341 586 2395; x_wconf 88' lang='lat' dir='ltr'>Meta</span> <span class='ocrx_word' id='word_1_233' title='bbox 603 2341 711 2396; x_wconf 88' lang='lat' dir='ltr'>insulae</span> <span class='ocrx_word' id='word_1_234' title='bbox 737 2348 765 2396; x_wconf 91' lang='lat' dir='ltr'>et</span> <span class='ocrx_word' id='word_1_235' title='bbox 791 2350 880 2398; x_wconf 87' lang='lat' dir='ltr'>terrae</span> <span class='ocrx_word' id='word_1_236' title='bbox 898 2343 990 2414; x_wconf 81' lang='lat' dir='ltr'>Cupal</span> <span class='ocrx_word' id='word_1_237' title='bbox 1008 2343 1104 2412; x_wconf 89' lang='lat' dir='ltr'>incipit</span> <span class='ocrx_word' id='word_1_238' title='bbox 1121 2359 1139 2396; x_wconf 88' lang='lat' dir='ltr'>a</span> <span class='ocrx_word' id='word_1_239' title='bbox 1156 2342 1238 2396; x_wconf 84' lang='lat' dir='ltr'>Zawa</span> <span class='ocrx_word' id='word_1_240' title='bbox 1256 2347 1284 2396; x_wconf 92' lang='lat' dir='ltr'>et</span> <span class='ocrx_word' id='word_1_241' title='bbox 1302 2358 1351 2412; x_wconf 88' lang='lat' dir='ltr'>per</span> <span class='ocrx_word' id='word_1_242' title='bbox 1368 2346 1458 2395; x_wconf 90' lang='lat' dir='ltr'>certas</span> <span class='ocrx_word' id='word_1_243' title='bbox 1475 2344 1564 2393; x_wconf 89' lang='lat' dir='ltr'>metas</span> <span class='ocrx_word' id='word_1_244' title='bbox 1582 2337 1618 2392; x_wconf 92' lang='lat' dir='ltr'>de</span> 
     </span>
     <span class='ocr_line' id='line_1_23' title="bbox 378 2411 1619 2497; baseline -0.002 -16"><span class='ocrx_word' id='word_1_245' title='bbox 378 2411 650 2496; x_wconf 67' lang='lat' dir='ltr'>antecendens)</span> <span class='ocrx_word' id='word_1_246' title='bbox 669 2444 757 2497; x_wconf 70' lang='lat' dir='ltr'>usque</span> <span class='ocrx_word' id='word_1_247' title='bbox 776 2428 811 2482; x_wconf 73' lang='lat' dir='ltr'>aa</span> <span class='ocrx_word' id='word_1_248' title='bbox 829 2429 925 2484; x_wconf 62' lang='lat' dir='ltr'>uass</span> <span class='ocrx_word' id='word_1_249' title='bbox 945 2429 980 2483; x_wconf 73' lang='lat' dir='ltr'>as</span> <span class='ocrx_word' id='word_1_250' title='bbox 998 2435 1086 2483; x_wconf 74' lang='lat' dir='ltr'>meas</span> <span class='ocrx_word' id='word_1_251' title='bbox 1105 2428 1197 2494; x_wconf 62' lang='lat' dir='ltr'>arata</span> <span class='ocrx_word' id='word_1_252' title='bbox 1217 2427 1317 2482; x_wconf 72' lang='lat' dir='ltr'>annue</span> <span class='ocrx_word' id='word_1_253' title='bbox 1335 2427 1370 2481; x_wconf 68' lang='lat' dir='ltr'>aa</span> <span class='ocrx_word' id='word_1_254' title='bbox 1389 2432 1478 2480; x_wconf 71' lang='lat' dir='ltr'>mesas</span> <span class='ocrx_word' id='word_1_255' title='bbox 1494 2423 1619 2479; x_wconf 65' lang='lat' dir='ltr'>Jeouu</span> 
     </span>
     <span class='ocr_line' id='line_1_24' title="bbox 377 2511 1619 2584; baseline -0.003 -16"><span class='ocrx_word' id='word_1_256' title='bbox 377 2519 405 2568; x_wconf 88' lang='lat' dir='ltr'>et</span> <span class='ocrx_word' id='word_1_257' title='bbox 422 2531 472 2584; x_wconf 90' lang='lat' dir='ltr'>per</span> <span class='ocrx_word' id='word_1_258' title='bbox 489 2513 561 2569; x_wconf 75' lang='lat' dir='ltr'>uam</span> <span class='ocrx_word' id='word_1_259' title='bbox 580 2513 656 2568; x_wconf 83' lang='lat' dir='ltr'>radit</span> <span class='ocrx_word' id='word_1_260' title='bbox 673 2514 709 2568; x_wconf 91' lang='lat' dir='ltr'>ad</span> <span class='ocrx_word' id='word_1_261' title='bbox 728 2515 862 2570; x_wconf 91' lang='lat' dir='ltr'>Vedridol</span> <span class='ocrx_word' id='word_1_262' title='bbox 887 2521 914 2570; x_wconf 92' lang='lat' dir='ltr'>et</span> <span class='ocrx_word' id='word_1_263' title='bbox 938 2521 1039 2570; x_wconf 88' lang='lat' dir='ltr'>terram</span> <span class='ocrx_word' id='word_1_264' title='bbox 1058 2515 1213 2570; x_wconf 84' lang='lat' dir='ltr'>Wechezlai</span> <span class='ocrx_word' id='word_1_265' title='bbox 1237 2520 1265 2570; x_wconf 89' lang='lat' dir='ltr'>et</span> <span class='ocrx_word' id='word_1_266' title='bbox 1288 2513 1362 2570; x_wconf 89' lang='lat' dir='ltr'>cadit</span> <span class='ocrx_word' id='word_1_267' title='bbox 1385 2515 1414 2568; x_wconf 95' lang='lat' dir='ltr'>in</span> <span class='ocrx_word' id='word_1_268' title='bbox 1433 2514 1522 2568; x_wconf 72' lang='lat' dir='ltr'>Zaira.</span> <span class='ocrx_word' id='word_1_269' title='bbox 1542 2511 1619 2565; x_wconf 84' lang='lat' dir='ltr'>Meta</span> 
     </span>
     <span class='ocr_line' id='line_1_25' title="bbox 375 2597 1618 2672; baseline -0.002 -18"><span class='ocrx_word' id='word_1_270' title='bbox 375 2600 405 2654; x_wconf 93' lang='lat' dir='ltr'>in</span> <span class='ocrx_word' id='word_1_271' title='bbox 423 2599 537 2654; x_wconf 87' lang='lat' dir='ltr'>Dolsiza</span> <span class='ocrx_word' id='word_1_272' title='bbox 563 2617 627 2654; x_wconf 91' lang='lat' dir='ltr'>cum</span> <span class='ocrx_word' id='word_1_273' title='bbox 654 2601 731 2670; x_wconf 75' lang='lat' dir='ltr'>sylva</span> <span class='ocrx_word' id='word_1_274' title='bbox 758 2602 855 2672; x_wconf 91' lang='lat' dir='ltr'>incipit</span> <span class='ocrx_word' id='word_1_275' title='bbox 872 2618 969 2656; x_wconf 89' lang='lat' dir='ltr'>versus</span> <span class='ocrx_word' id='word_1_276' title='bbox 988 2603 1122 2657; x_wconf 87' lang='lat' dir='ltr'>orientem</span> <span class='ocrx_word' id='word_1_277' title='bbox 1140 2601 1176 2656; x_wconf 87' lang='lat' dir='ltr'>ab</span> <span class='ocrx_word' id='word_1_278' title='bbox 1194 2601 1278 2668; x_wconf 90' lang='lat' dir='ltr'>Odra,</span> <span class='ocrx_word' id='word_1_279' title='bbox 1297 2599 1373 2655; x_wconf 88' lang='lat' dir='ltr'>vadit</span> <span class='ocrx_word' id='word_1_280' title='bbox 1390 2617 1440 2672; x_wconf 91' lang='lat' dir='ltr'>per</span> <span class='ocrx_word' id='word_1_281' title='bbox 1457 2597 1618 2654; x_wconf 87' lang='lat' dir='ltr'>Lihcinicbe</span> 
     </span>
     <span class='ocr_line' id='line_1_26' title="bbox 376 2683 1619 2759; baseline -0.001 -19"><span class='ocrx_word' id='word_1_282' title='bbox 376 2686 548 2755; x_wconf 79' lang='lat' dir='ltr'>(Lskenilril,</span> <span class='ocrx_word' id='word_1_283' title='bbox 576 2687 677 2741; x_wconf 90' lang='lat' dir='ltr'>deinde</span> <span class='ocrx_word' id='word_1_284' title='bbox 703 2705 753 2758; x_wconf 92' lang='lat' dir='ltr'>per</span> <span class='ocrx_word' id='word_1_285' title='bbox 780 2689 886 2758; x_wconf 85' lang='lat' dir='ltr'>sylvam</span> <span class='ocrx_word' id='word_1_286' title='bbox 912 2688 1016 2744; x_wconf 89' lang='lat' dir='ltr'>directe</span> <span class='ocrx_word' id='word_1_287' title='bbox 1043 2688 1079 2743; x_wconf 88' lang='lat' dir='ltr'>ad</span> <span class='ocrx_word' id='word_1_288' title='bbox 1106 2688 1238 2759; x_wconf 87' lang='lat' dir='ltr'>paludem</span> <span class='ocrx_word' id='word_1_289' title='bbox 1256 2688 1343 2744; x_wconf 89' lang='lat' dir='ltr'>Obed.</span> <span class='ocrx_word' id='word_1_290' title='bbox 1364 2687 1518 2742; x_wconf 83' lang='lat' dir='ltr'>Confirmat</span> <span class='ocrx_word' id='word_1_291' title='bbox 1535 2683 1619 2740; x_wconf 89' lang='lat' dir='ltr'>etiam</span> 
     </span>
     <span class='ocr_line' id='line_1_27' title="bbox 376 2771 1618 2846; baseline -0.002 -20"><span class='ocrx_word' id='word_1_292' title='bbox 376 2771 555 2828; x_wconf 89' lang='lat' dir='ltr'>donationem</span> <span class='ocrx_word' id='word_1_293' title='bbox 582 2773 673 2844; x_wconf 81' lang='lat' dir='ltr'>Egidii</span> <span class='ocrx_word' id='word_1_294' title='bbox 701 2774 829 2844; x_wconf 78' lang='lat' dir='ltr'>(comitis)</span> <span class='ocrx_word' id='word_1_295' title='bbox 856 2781 884 2830; x_wconf 85' lang='lat' dir='ltr'>et</span> <span class='ocrx_word' id='word_1_296' title='bbox 910 2775 1045 2830; x_wconf 87' lang='lat' dir='ltr'>annihilat</span> <span class='ocrx_word' id='word_1_297' title='bbox 1072 2775 1253 2846; x_wconf 84' lang='lat' dir='ltr'>privilegium,</span> <span class='ocrx_word' id='word_1_298' title='bbox 1282 2777 1306 2830; x_wconf 89' lang='lat' dir='ltr'>si</span> <span class='ocrx_word' id='word_1_299' title='bbox 1332 2774 1407 2845; x_wconf 90' lang='lat' dir='ltr'>quod</span> <span class='ocrx_word' id='word_1_300' title='bbox 1431 2775 1460 2827; x_wconf 93' lang='lat' dir='ltr'>in</span> <span class='ocrx_word' id='word_1_301' title='bbox 1478 2774 1521 2826; x_wconf 89' lang='lat' dir='ltr'>his</span> <span class='ocrx_word' id='word_1_302' title='bbox 1538 2771 1618 2828; x_wconf 88' lang='lat' dir='ltr'>terris</span> 
     </span>
     <span class='ocr_line' id='line_1_28' title="bbox 376 2859 1618 2933; baseline -0.002 -19"><span class='ocrx_word' id='word_1_303' title='bbox 376 2859 491 2915; x_wconf 88' lang='lat' dir='ltr'>haberet</span> <span class='ocrx_word' id='word_1_304' title='bbox 517 2860 612 2916; x_wconf 89' lang='lat' dir='ltr'>Banco</span> <span class='ocrx_word' id='word_1_305' title='bbox 639 2861 749 2930; x_wconf 82' lang='lat' dir='ltr'>(banus)</span> <span class='ocrx_word' id='word_1_306' title='bbox 776 2862 821 2916; x_wconf 85' lang='lat' dir='ltr'>rel</span> <span class='ocrx_word' id='word_1_307' title='bbox 848 2861 944 2918; x_wconf 79' lang='lat' dir='ltr'>Ochus</span> <span class='ocrx_word' id='word_1_308' title='bbox 970 2863 1062 2932; x_wconf 83' lang='lat' dir='ltr'>(Okic)</span> <span class='ocrx_word' id='word_1_309' title='bbox 1085 2879 1187 2918; x_wconf 88' lang='lat' dir='ltr'>comes.</span> <span class='ocrx_word' id='word_1_310' title='bbox 1214 2863 1320 2918; x_wconf 90' lang='lat' dir='ltr'>Datum</span> <span class='ocrx_word' id='word_1_311' title='bbox 1346 2879 1396 2933; x_wconf 90' lang='lat' dir='ltr'>per</span> <span class='ocrx_word' id='word_1_312' title='bbox 1423 2859 1618 2916; x_wconf 88' lang='lat' dir='ltr'>cancellarium</span> 
     </span>
     <span class='ocr_line' id='line_1_29' title="bbox 377 2947 1618 3020; baseline -0.002 -18"><span class='ocrx_word' id='word_1_313' title='bbox 377 2947 522 3017; x_wconf 82' lang='lat' dir='ltr'>Ugrinum.</span> <span class='ocrx_word' id='word_1_314' title='bbox 549 2947 626 3002; x_wconf 88' lang='lat' dir='ltr'>Inter</span> <span class='ocrx_word' id='word_1_315' title='bbox 655 2947 794 3020; x_wconf 89' lang='lat' dir='ltr'>praelatos</span> <span class='ocrx_word' id='word_1_316' title='bbox 824 2953 852 3002; x_wconf 87' lang='lat' dir='ltr'>et</span> <span class='ocrx_word' id='word_1_317' title='bbox 881 2955 1025 3019; x_wconf 80' lang='lat' dir='ltr'>magnates</span> <span class='ocrx_word' id='word_1_318' title='bbox 1055 2950 1215 3020; x_wconf 77' lang='lat' dir='ltr'>Stephanus</span> <span class='ocrx_word' id='word_1_319' title='bbox 1244 2947 1430 3020; x_wconf 79' lang='lat' dir='ltr'>aegrabiensis</span> <span class='ocrx_word' id='word_1_320' title='bbox 1455 2947 1618 3018; x_wconf 83' lang='lat' dir='ltr'>epiecopus;</span> 
     </span>
     <span class='ocr_line' id='line_1_30' title="bbox 377 3034 950 3102; baseline 0 -12"><span class='ocrx_word' id='word_1_321' title='bbox 377 3034 473 3090; x_wconf 85' lang='lat' dir='ltr'>Ochuz</span> <span class='ocrx_word' id='word_1_322' title='bbox 490 3034 600 3090; x_wconf 90' lang='lat' dir='ltr'>curialis</span> <span class='ocrx_word' id='word_1_323' title='bbox 618 3051 721 3102; x_wconf 88' lang='lat' dir='ltr'>eomes,</span> <span class='ocrx_word' id='word_1_324' title='bbox 740 3035 834 3090; x_wconf 90' lang='lat' dir='ltr'>Banco</span> <span class='ocrx_word' id='word_1_325' title='bbox 853 3035 950 3090; x_wconf 85' lang='lat' dir='ltr'>banus.</span> 
     </span>
    </p>
   </div>
   <div class='ocr_carea' id='block_1_3' title="bbox 377 3139 1620 3466">
    <p class='ocr_par' dir='ltr' id='par_1_3' title="bbox 377 3139 1620 3466">
     <span class='ocr_line' id='line_1_31' title="bbox 427 3139 1618 3213; baseline -0.001 -20"><span class='ocrx_word' id='word_1_326' title='bbox 427 3139 507 3194; x_wconf 90' lang='lat' dir='ltr'>Idem</span> <span class='ocrx_word' id='word_1_327' title='bbox 525 3139 699 3211; x_wconf 78' lang='lat' dir='ltr'>privilegium</span> <span class='ocrx_word' id='word_1_328' title='bbox 716 3141 909 3195; x_wconf 89' lang='lat' dir='ltr'>confirmatum</span> <span class='ocrx_word' id='word_1_329' title='bbox 927 3156 976 3212; x_wconf 88' lang='lat' dir='ltr'>per</span> <span class='ocrx_word' id='word_1_330' title='bbox 994 3141 1148 3196; x_wconf 89' lang='lat' dir='ltr'>Henricum</span> <span class='ocrx_word' id='word_1_331' title='bbox 1160 3142 1206 3196; x_wconf 90' lang='lat'>111</span> <span class='ocrx_word' id='word_1_332' title='bbox 1218 3159 1321 3213; x_wconf 88' lang='lat' dir='ltr'>papam</span> <span class='ocrx_word' id='word_1_333' title='bbox 1337 3143 1405 3195; x_wconf 77' lang='lat'>1227</span> <span class='ocrx_word' id='word_1_334' title='bbox 1418 3147 1446 3196; x_wconf 88' lang='lat' dir='ltr'>et</span> <span class='ocrx_word' id='word_1_335' title='bbox 1463 3156 1512 3212; x_wconf 92' lang='lat' dir='ltr'>per</span> <span class='ocrx_word' id='word_1_336' title='bbox 1523 3155 1618 3208; x_wconf 84' lang='lat' dir='ltr'>regem</span> 
     </span>
     <span class='ocr_line' id='line_1_32' title="bbox 377 3227 1620 3300; baseline -0.005 -16"><span class='ocrx_word' id='word_1_337' title='bbox 377 3227 550 3298; x_wconf 73' lang='lat' dir='ltr'>Stephanum</span> <span class='ocrx_word' id='word_1_338' title='bbox 568 3227 611 3280; x_wconf 86' lang='lat' dir='ltr'>IV</span> <span class='ocrx_word' id='word_1_339' title='bbox 613 3267 619 3279; x_wconf 94' lang='lat'><em>.</em></span> <span class='ocrx_word' id='word_1_340' title='bbox 638 3244 655 3280; x_wconf 91' lang='lat' dir='ltr'>a</span> <span class='ocrx_word' id='word_1_341' title='bbox 673 3227 749 3282; x_wconf 77' lang='grc'><strong>1272.</strong></span> <span class='ocrx_word' id='word_1_342' title='bbox 769 3229 987 3298; x_wconf 83' lang='lat' dir='ltr'>Transumptum</span> <span class='ocrx_word' id='word_1_343' title='bbox 1004 3245 1054 3299; x_wconf 92' lang='lat' dir='ltr'>per</span> <span class='ocrx_word' id='word_1_344' title='bbox 1066 3229 1218 3300; x_wconf 90' lang='lat' dir='ltr'>capitulum</span> <span class='ocrx_word' id='word_1_345' title='bbox 1230 3229 1420 3284; x_wconf 80' lang='lat' dir='ltr'>charmensem</span> <span class='ocrx_word' id='word_1_346' title='bbox 1435 3245 1460 3282; x_wconf 86' lang='lat' dir='ltr'>a.</span> <span class='ocrx_word' id='word_1_347' title='bbox 1474 3229 1550 3282; x_wconf 84' lang='grc'><strong>1657.</strong></span> <span class='ocrx_word' id='word_1_348' title='bbox 1569 3242 1620 3297; x_wconf 92' lang='lat' dir='ltr'>per</span> 
     </span>
     <span class='ocr_line' id='line_1_33' title="bbox 377 3311 1619 3386; baseline -0.002 -18"><span class='ocrx_word' id='word_1_349' title='bbox 377 3314 532 3384; x_wconf 87' lang='lat' dir='ltr'>capitulum</span> <span class='ocrx_word' id='word_1_350' title='bbox 550 3312 728 3382; x_wconf 81' lang='lat' dir='ltr'>sagrabiense</span> <span class='ocrx_word' id='word_1_351' title='bbox 746 3331 770 3368; x_wconf 79' lang='lat' dir='ltr'>a</span> <span class='ocrx_word' id='word_1_352' title='bbox 790 3315 866 3368; x_wconf 88' lang='grc'><strong>1767.</strong></span> <span class='ocrx_word' id='word_1_353' title='bbox 885 3314 914 3368; x_wconf 90' lang='lat' dir='ltr'>in</span> <span class='ocrx_word' id='word_1_354' title='bbox 939 3315 1048 3369; x_wconf 84' lang='lat' dir='ltr'>archivo</span> <span class='ocrx_word' id='word_1_355' title='bbox 1073 3315 1187 3386; x_wconf 86' lang='lat' dir='ltr'>capituli</span> <span class='ocrx_word' id='word_1_356' title='bbox 1203 3333 1277 3386; x_wconf 81' lang='lat' dir='ltr'>sagr.</span> <span class='ocrx_word' id='word_1_357' title='bbox 1296 3321 1358 3371; x_wconf 90' lang='lat' dir='ltr'>acts</span> <span class='ocrx_word' id='word_1_358' title='bbox 1376 3316 1497 3386; x_wconf 85' lang='lat' dir='ltr'>antiqua</span> <span class='ocrx_word' id='word_1_359' title='bbox 1518 3313 1578 3368; x_wconf 81' lang='lat' dir='ltr'>fasc</span> <span class='ocrx_word' id='word_1_360' title='bbox 1595 3311 1619 3366; x_wconf 92' lang='lat'>1.</span> 
     </span>
     <span class='ocr_line' id='line_1_34' title="bbox 379 3399 730 3466; baseline -0.009 -11"><span class='ocrx_word' id='word_1_361' title='bbox 379 3417 421 3454; x_wconf 89' lang='lat' dir='ltr'>nr.</span> <span class='ocrx_word' id='word_1_362' title='bbox 439 3399 481 3455; x_wconf 88' lang='lat'>38.</span> <span class='ocrx_word' id='word_1_363' title='bbox 500 3399 566 3453; x_wconf 87' lang='lat' dir='ltr'>fasc.</span> <span class='ocrx_word' id='word_1_364' title='bbox 585 3401 627 3466; x_wconf 84' lang='lat'>55,</span> <span class='ocrx_word' id='word_1_365' title='bbox 646 3415 687 3452; x_wconf 87' lang='lat' dir='ltr'>nr.</span> <span class='ocrx_word' id='word_1_366' title='bbox 707 3403 730 3453; x_wconf 91' lang='lat'>1.</span> 
     </span>
    </p>
   </div>
   <div class='ocr_carea' id='block_1_4' title="bbox 430 3503 1619 3578">
    <p class='ocr_par' dir='ltr' id='par_1_4' title="bbox 430 3503 1619 3578">
     <span class='ocr_line' id='line_1_35' title="bbox 430 3503 1619 3578; baseline 0.001 -19"><span class='ocrx_word' id='word_1_367' title='bbox 430 3503 563 3559; x_wconf 60' lang='lat' dir='ltr'>raesnar</span> <span class='ocrx_word' id='word_1_368' title='bbox 580 3503 658 3559; x_wconf 79' lang='lat' dir='ltr'>Moe.</span> <span class='ocrx_word' id='word_1_369' title='bbox 671 3509 722 3559; x_wconf 81' lang='lat' dir='ltr'>orl.</span> <span class='ocrx_word' id='word_1_370' title='bbox 740 3503 803 3560; x_wconf 78' lang='lat' dir='ltr'>laist.</span> <span class='ocrx_word' id='word_1_371' title='bbox 821 3503 897 3560; x_wconf 76' lang='lat' dir='ltr'>Slav.</span> <span class='ocrx_word' id='word_1_372' title='bbox 917 3507 939 3574; x_wconf 90' lang='lat'>1,</span> <span class='ocrx_word' id='word_1_373' title='bbox 954 3523 984 3576; x_wconf 85' lang='lat' dir='ltr'>p.</span> <span class='ocrx_word' id='word_1_374' title='bbox 1007 3511 1048 3561; x_wconf 84' lang='lat'>73.</span> <span class='ocrx_word' id='word_1_375' title='bbox 1075 3538 1109 3548; x_wconf 92' lang='lat'><strong>—</strong></span> <span class='ocrx_word' id='word_1_376' title='bbox 1129 3507 1254 3564; x_wconf 76' lang='lat' dir='ltr'>thlds&#39;t:</span> <span class='ocrx_word' id='word_1_377' title='bbox 1274 3509 1353 3564; x_wconf 80' lang='lat' dir='ltr'>Mon.</span> <span class='ocrx_word' id='word_1_378' title='bbox 1371 3523 1447 3578; x_wconf 74' lang='lat' dir='ltr'>acor.</span> <span class='ocrx_word' id='word_1_379' title='bbox 1466 3505 1507 3575; x_wconf 86' lang='lat' dir='ltr'>II,</span> <span class='ocrx_word' id='word_1_380' title='bbox 1522 3521 1553 3574; x_wconf 79' lang='lat' dir='ltr'>p.</span> <span class='ocrx_word' id='word_1_381' title='bbox 1574 3507 1619 3560; x_wconf 74' lang='lat' dir='ltr'>ll.</span> 
     </span>
    </p>
   </div>
   <div class='ocr_carea' id='block_1_5' title="bbox 376 3641 1622 4756">
    <p class='ocr_par' dir='ltr' id='par_1_5' title="bbox 376 3641 1622 4756">
     <span class='ocr_line' id='line_1_36' title="bbox 430 3641 1620 3718; baseline 0.003 -22"><span class='ocrx_word' id='word_1_382' title='bbox 430 3641 536 3698; x_wconf 86' lang='lat' dir='ltr'>CVIII.</span> <span class='ocrx_word' id='word_1_383' title='bbox 555 3645 583 3700; x_wconf 77' lang='lat' dir='ltr'><em>A</em></span> <span class='ocrx_word' id='word_1_384' title='bbox 610 3647 687 3697; x_wconf 84' lang='lat'><strong><em>1217.</em></strong></span> <span class='ocrx_word' id='word_1_385' title='bbox 712 3643 839 3698; x_wconf 87' lang='lat' dir='ltr'>Andreas</span> <span class='ocrx_word' id='word_1_386' title='bbox 857 3645 888 3700; x_wconf 92' lang='lat' dir='ltr'><strong>H</strong></span> <span class='ocrx_word' id='word_1_387' title='bbox 906 3661 962 3712; x_wconf 86' lang='lat' dir='ltr'>rex,</span> <span class='ocrx_word' id='word_1_388' title='bbox 981 3645 1017 3700; x_wconf 88' lang='lat' dir='ltr'>ad</span> <span class='ocrx_word' id='word_1_389' title='bbox 1042 3647 1203 3717; x_wconf 87' lang='lat' dir='ltr'>petitionem</span> <span class='ocrx_word' id='word_1_390' title='bbox 1220 3647 1359 3704; x_wconf 88' lang='lat' dir='ltr'>Desiderii</span> <span class='ocrx_word' id='word_1_391' title='bbox 1377 3647 1501 3718; x_wconf 91' lang='lat' dir='ltr'>episcopi</span> <span class='ocrx_word' id='word_1_392' title='bbox 1519 3646 1620 3700; x_wconf 86' lang='lat' dir='ltr'>chana·</span> 
     </span>
     <span class='ocr_line' id='line_1_37' title="bbox 377 3729 1619 3804; baseline 0.002 -21"><span class='ocrx_word' id='word_1_393' title='bbox 377 3729 480 3784; x_wconf 89' lang='lat' dir='ltr'>diensis</span> <span class='ocrx_word' id='word_1_394' title='bbox 498 3737 526 3786; x_wconf 91' lang='lat' dir='ltr'>et</span> <span class='ocrx_word' id='word_1_395' title='bbox 544 3729 643 3784; x_wconf 68' lang='lat' dir='ltr'>Cinaei</span> <span class='ocrx_word' id='word_1_396' title='bbox 661 3733 812 3802; x_wconf 80' lang='lat' dir='ltr'>praepositi</span> <span class='ocrx_word' id='word_1_397' title='bbox 835 3732 1028 3802; x_wconf 85' lang='lat' dir='ltr'>sagrabiensis,</span> <span class='ocrx_word' id='word_1_398' title='bbox 1056 3733 1143 3790; x_wconf 91' lang='lat' dir='ltr'>donat</span> <span class='ocrx_word' id='word_1_399' title='bbox 1160 3735 1270 3790; x_wconf 88' lang='lat' dir='ltr'>cuidam</span> <span class='ocrx_word' id='word_1_400' title='bbox 1287 3735 1397 3804; x_wconf 78' lang='lat' dir='ltr'>Egidio,</span> <span class='ocrx_word' id='word_1_401' title='bbox 1416 3734 1464 3803; x_wconf 90' lang='lat' dir='ltr'>qui</span> <span class='ocrx_word' id='word_1_402' title='bbox 1482 3749 1500 3787; x_wconf 88' lang='lat' dir='ltr'>a</span> <span class='ocrx_word' id='word_1_403' title='bbox 1518 3732 1619 3804; x_wconf 91' lang='lat' dir='ltr'>primo-</span> 
     </span>
     <span class='ocr_line' id='line_1_38' title="bbox 377 3816 1620 3892; baseline 0.002 -22"><span class='ocrx_word' id='word_1_404' title='bbox 377 3816 548 3886; x_wconf 84' lang='lat' dir='ltr'>genitoribus</span> <span class='ocrx_word' id='word_1_405' title='bbox 566 3817 624 3871; x_wconf 88' lang='lat' dir='ltr'>suis</span> <span class='ocrx_word' id='word_1_406' title='bbox 642 3817 678 3871; x_wconf 90' lang='lat' dir='ltr'>ad</span> <span class='ocrx_word' id='word_1_407' title='bbox 698 3817 815 3873; x_wconf 87' lang='lat' dir='ltr'>banatue</span> <span class='ocrx_word' id='word_1_408' title='bbox 833 3819 996 3889; x_wconf 87' lang='lat' dir='ltr'>dignitatem</span> <span class='ocrx_word' id='word_1_409' title='bbox 1015 3822 1125 3877; x_wconf 87' lang='lat' dir='ltr'>servitio</span> <span class='ocrx_word' id='word_1_410' title='bbox 1144 3821 1309 3892; x_wconf 77' lang='lat' dir='ltr'>pertinebat,</span> <span class='ocrx_word' id='word_1_411' title='bbox 1329 3826 1492 3892; x_wconf 87' lang='lat' dir='ltr'>perpetuam</span> <span class='ocrx_word' id='word_1_412' title='bbox 1509 3819 1620 3873; x_wconf 91' lang='lat' dir='ltr'>liberta·</span> 
     </span>
     <span class='ocr_line' id='line_1_39' title="bbox 376 3903 1620 3976; baseline 0 -18"><span class='ocrx_word' id='word_1_413' title='bbox 376 3908 442 3969; x_wconf 88' lang='lat' dir='ltr'>tem,</span> <span class='ocrx_word' id='word_1_414' title='bbox 460 3903 507 3968; x_wconf 87' lang='lat' dir='ltr'>ite,</span> <span class='ocrx_word' id='word_1_415' title='bbox 526 3907 558 3958; x_wconf 89' lang='lat' dir='ltr'>ut</span> <span class='ocrx_word' id='word_1_416' title='bbox 575 3909 632 3957; x_wconf 90' lang='lat' dir='ltr'>tam</span> <span class='ocrx_word' id='word_1_417' title='bbox 649 3903 710 3974; x_wconf 88' lang='lat' dir='ltr'>ipse</span> <span class='ocrx_word' id='word_1_418' title='bbox 728 3920 813 3973; x_wconf 88' lang='lat' dir='ltr'>quam</span> <span class='ocrx_word' id='word_1_419' title='bbox 830 3905 890 3960; x_wconf 90' lang='lat' dir='ltr'>eius</span> <span class='ocrx_word' id='word_1_420' title='bbox 909 3922 1083 3962; x_wconf 88' lang='lat' dir='ltr'>successores</span> <span class='ocrx_word' id='word_1_421' title='bbox 1102 3923 1153 3962; x_wconf 89' lang='lat' dir='ltr'>nec</span> <span class='ocrx_word' id='word_1_422' title='bbox 1170 3907 1244 3963; x_wconf 90' lang='lat' dir='ltr'>bano</span> <span class='ocrx_word' id='word_1_423' title='bbox 1263 3925 1314 3962; x_wconf 91' lang='lat' dir='ltr'>nec</span> <span class='ocrx_word' id='word_1_424' title='bbox 1332 3907 1463 3976; x_wconf 89' lang='lat' dir='ltr'>cuiquam</span> <span class='ocrx_word' id='word_1_425' title='bbox 1475 3905 1620 3960; x_wconf 91' lang='lat' dir='ltr'>hominum</span> 
     </span>
     <span class='ocr_line' id='line_1_40' title="bbox 377 3989 1619 4062; baseline 0 -18"><span class='ocrx_word' id='word_1_426' title='bbox 377 3990 484 4044; x_wconf 88' lang='lat' dir='ltr'>ratione</span> <span class='ocrx_word' id='word_1_427' title='bbox 502 3990 634 4059; x_wconf 81' lang='lat' dir='ltr'>pristinae</span> <span class='ocrx_word' id='word_1_428' title='bbox 652 3989 817 4045; x_wconf 89' lang='lat' dir='ltr'>conditionis</span> <span class='ocrx_word' id='word_1_429' title='bbox 834 3991 1002 4062; x_wconf 90' lang='lat' dir='ltr'>respondere</span> <span class='ocrx_word' id='word_1_430' title='bbox 1020 3999 1154 4060; x_wconf 70' lang='lat' dir='ltr'>leucaten,</span> <span class='ocrx_word' id='word_1_431' title='bbox 1168 3993 1217 4048; x_wconf 89' lang='lat' dir='ltr'>sed</span> <span class='ocrx_word' id='word_1_432' title='bbox 1230 4011 1293 4048; x_wconf 92' lang='lat' dir='ltr'>cum</span> <span class='ocrx_word' id='word_1_433' title='bbox 1306 3993 1434 4049; x_wconf 90' lang='lat' dir='ltr'>omnibus</span> <span class='ocrx_word' id='word_1_434' title='bbox 1452 3991 1619 4047; x_wconf 87' lang='lat' dir='ltr'>haeredibus</span> 
     </span>
     <span class='ocr_line' id='line_1_41' title="bbox 377 4075 1620 4148; baseline 0 -18"><span class='ocrx_word' id='word_1_435' title='bbox 377 4076 448 4130; x_wconf 86' lang='lat' dir='ltr'>iuter</span> <span class='ocrx_word' id='word_1_436' title='bbox 466 4075 615 4130; x_wconf 84' lang='lat' dir='ltr'>servientes</span> <span class='ocrx_word' id='word_1_437' title='bbox 632 4078 705 4146; x_wconf 83' lang='lat' dir='ltr'>regis</span> <span class='ocrx_word' id='word_1_438' title='bbox 729 4078 924 4148; x_wconf 87' lang='lat' dir='ltr'>computabilis</span> <span class='ocrx_word' id='word_1_439' title='bbox 947 4079 1091 4134; x_wconf 87' lang='lat' dir='ltr'>habeatur.</span> <span class='ocrx_word' id='word_1_440' title='bbox 1115 4080 1234 4135; x_wconf 85' lang='lat' dir='ltr'>Praedia</span> <span class='ocrx_word' id='word_1_441' title='bbox 1258 4081 1341 4137; x_wconf 85' lang='lat' dir='ltr'>etism</span> <span class='ocrx_word' id='word_1_442' title='bbox 1366 4079 1440 4134; x_wconf 82' lang='lat' dir='ltr'>illlus</span> <span class='ocrx_word' id='word_1_443' title='bbox 1467 4078 1620 4144; x_wconf 87' lang='lat' dir='ltr'>confirmat,</span> 
     </span>
     <span class='ocr_line' id='line_1_42' title="bbox 378 4161 1619 4234; baseline 0 -18"><span class='ocrx_word' id='word_1_444' title='bbox 378 4161 550 4232; x_wconf 90' lang='lat' dir='ltr'>etquidem:</span> <span class='ocrx_word' id='word_1_445' title='bbox 568 4163 672 4232; x_wconf 88' lang='lat' dir='ltr'>Insula,</span> <span class='ocrx_word' id='word_1_446' title='bbox 692 4163 860 4233; x_wconf 82' lang='lat' dir='ltr'>Oresteniaa,</span> <span class='ocrx_word' id='word_1_447' title='bbox 879 4165 1019 4232; x_wconf 89' lang='lat' dir='ltr'>Prevlaoa,</span> <span class='ocrx_word' id='word_1_448' title='bbox 1045 4165 1129 4232; x_wconf 80' lang='lat' dir='ltr'>Seliu,</span> <span class='ocrx_word' id='word_1_449' title='bbox 1155 4167 1313 4234; x_wconf 84' lang='lat' dir='ltr'>Chernelec,</span> <span class='ocrx_word' id='word_1_450' title='bbox 1332 4166 1438 4232; x_wconf 85' lang='lat' dir='ltr'>Rucha,</span> <span class='ocrx_word' id='word_1_451' title='bbox 1458 4163 1619 4233; x_wconf 81' lang='lat' dir='ltr'>Quiquinilr.</span> 
     </span>
     <span class='ocr_line' id='line_1_43' title="bbox 378 4248 1621 4322; baseline 0 -20"><span class='ocrx_word' id='word_1_452' title='bbox 378 4248 471 4304; x_wconf 87' lang='lat' dir='ltr'>Metae</span> <span class='ocrx_word' id='word_1_453' title='bbox 489 4255 583 4304; x_wconf 90' lang='lat' dir='ltr'>autem</span> <span class='ocrx_word' id='word_1_454' title='bbox 601 4251 713 4306; x_wconf 91' lang='lat' dir='ltr'>Insulae</span> <span class='ocrx_word' id='word_1_455' title='bbox 732 4257 810 4306; x_wconf 89' lang='lat' dir='ltr'>sunt:</span> <span class='ocrx_word' id='word_1_456' title='bbox 831 4253 922 4307; x_wconf 84' lang='lat' dir='ltr'>ariro</span> <span class='ocrx_word' id='word_1_457' title='bbox 941 4253 1072 4322; x_wconf 70' lang='lat' dir='ltr'>Ztrugna</span> <span class='ocrx_word' id='word_1_458' title='bbox 1097 4259 1125 4307; x_wconf 89' lang='lat' dir='ltr'>et</span> <span class='ocrx_word' id='word_1_459' title='bbox 1142 4252 1243 4308; x_wconf 89' lang='lat' dir='ltr'>desinit</span> <span class='ocrx_word' id='word_1_460' title='bbox 1261 4255 1289 4307; x_wconf 90' lang='lat' dir='ltr'>in</span> <span class='ocrx_word' id='word_1_461' title='bbox 1307 4254 1387 4320; x_wconf 86' lang='lat' dir='ltr'>viam,</span> <span class='ocrx_word' id='word_1_462' title='bbox 1407 4269 1479 4322; x_wconf 88' lang='lat' dir='ltr'>quae</span> <span class='ocrx_word' id='word_1_463' title='bbox 1497 4250 1574 4306; x_wconf 91' lang='lat' dir='ltr'>ducit</span> <span class='ocrx_word' id='word_1_464' title='bbox 1591 4249 1621 4302; x_wconf 93' lang='lat' dir='ltr'>in</span> 
     </span>
     <span class='ocr_line' id='line_1_44' title="bbox 378 4337 1622 4408; baseline -0.002 -18"><span class='ocrx_word' id='word_1_465' title='bbox 378 4351 508 4406; x_wconf 88' lang='lat' dir='ltr'>campum</span> <span class='ocrx_word' id='word_1_466' title='bbox 526 4337 635 4405; x_wconf 83' lang='lat' dir='ltr'>Suriae,</span> <span class='ocrx_word' id='word_1_467' title='bbox 663 4345 690 4392; x_wconf 90' lang='lat' dir='ltr'>et</span> <span class='ocrx_word' id='word_1_468' title='bbox 715 4341 814 4393; x_wconf 88' lang='lat' dir='ltr'>transit</span> <span class='ocrx_word' id='word_1_469' title='bbox 837 4340 865 4393; x_wconf 90' lang='lat' dir='ltr'>in</span> <span class='ocrx_word' id='word_1_470' title='bbox 892 4356 1023 4408; x_wconf 78' lang='lat' dir='ltr'>magnam</span> <span class='ocrx_word' id='word_1_471' title='bbox 1049 4339 1155 4406; x_wconf 89' lang='lat' dir='ltr'>silvam,</span> <span class='ocrx_word' id='word_1_472' title='bbox 1184 4345 1211 4394; x_wconf 89' lang='lat' dir='ltr'>et</span> <span class='ocrx_word' id='word_1_473' title='bbox 1228 4339 1304 4394; x_wconf 87' lang='lat' dir='ltr'>venit</span> <span class='ocrx_word' id='word_1_474' title='bbox 1321 4339 1357 4394; x_wconf 87' lang='lat' dir='ltr'>ad</span> <span class='ocrx_word' id='word_1_475' title='bbox 1375 4340 1465 4394; x_wconf 84' lang='lat' dir='ltr'>rivum</span> <span class='ocrx_word' id='word_1_476' title='bbox 1482 4337 1575 4391; x_wconf 86' lang='lat' dir='ltr'>Mlaca</span> <span class='ocrx_word' id='word_1_477' title='bbox 1592 4339 1622 4388; x_wconf 88' lang='lat' dir='ltr'>et</span> 
     </span>
     <span class='ocr_line' id='line_1_45' title="bbox 378 4421 1621 4496; baseline 0 -20"><span class='ocrx_word' id='word_1_478' title='bbox 378 4423 479 4478; x_wconf 89' lang='lat' dir='ltr'>desinit</span> <span class='ocrx_word' id='word_1_479' title='bbox 495 4424 524 4477; x_wconf 89' lang='lat' dir='ltr'>iu</span> <span class='ocrx_word' id='word_1_480' title='bbox 543 4429 656 4494; x_wconf 91' lang='lat' dir='ltr'>pontem</span> <span class='ocrx_word' id='word_1_481' title='bbox 674 4425 784 4480; x_wconf 86' lang='lat' dir='ltr'>Zavnca</span> <span class='ocrx_word' id='word_1_482' title='bbox 802 4426 929 4493; x_wconf 81' lang='lat' dir='ltr'>(Serica),</span> <span class='ocrx_word' id='word_1_483' title='bbox 948 4431 976 4481; x_wconf 89' lang='lat' dir='ltr'>et</span> <span class='ocrx_word' id='word_1_484' title='bbox 993 4425 1088 4480; x_wconf 90' lang='lat' dir='ltr'>finitur</span> <span class='ocrx_word' id='word_1_485' title='bbox 1105 4427 1133 4480; x_wconf 90' lang='lat' dir='ltr'>in</span> <span class='ocrx_word' id='word_1_486' title='bbox 1151 4443 1253 4496; x_wconf 81' lang='lat' dir='ltr'>magna</span> <span class='ocrx_word' id='word_1_487' title='bbox 1268 4427 1349 4482; x_wconf 77' lang='lat' dir='ltr'>Sava.</span> <span class='ocrx_word' id='word_1_488' title='bbox 1362 4425 1438 4480; x_wconf 87' lang='lat' dir='ltr'>Meta</span> <span class='ocrx_word' id='word_1_489' title='bbox 1450 4431 1539 4479; x_wconf 89' lang='lat' dir='ltr'>terrae</span> <span class='ocrx_word' id='word_1_490' title='bbox 1555 4421 1621 4476; x_wconf 83' lang='lat' dir='ltr'>Ore-</span> 
     </span>
     <span class='ocr_line' id='line_1_46' title="bbox 378 4509 1622 4582; baseline -0.001 -20"><span class='ocrx_word' id='word_1_491' title='bbox 378 4509 483 4562; x_wconf 85' lang='lat' dir='ltr'>stcniaa</span> <span class='ocrx_word' id='word_1_492' title='bbox 500 4509 596 4580; x_wconf 90' lang='lat' dir='ltr'>incipit</span> <span class='ocrx_word' id='word_1_493' title='bbox 612 4511 640 4563; x_wconf 92' lang='lat' dir='ltr'>in</span> <span class='ocrx_word' id='word_1_494' title='bbox 658 4511 717 4566; x_wconf 84' lang='lat' dir='ltr'>rivo</span> <span class='ocrx_word' id='word_1_495' title='bbox 736 4512 889 4567; x_wconf 88' lang='lat' dir='ltr'>Mertunice</span> <span class='ocrx_word' id='word_1_496' title='bbox 907 4517 935 4566; x_wconf 89' lang='lat' dir='ltr'>et</span> <span class='ocrx_word' id='word_1_497' title='bbox 952 4511 1028 4566; x_wconf 84' lang='lat' dir='ltr'>vadit</span> <span class='ocrx_word' id='word_1_498' title='bbox 1040 4513 1117 4568; x_wconf 84' lang='lat' dir='ltr'>iuxta</span> <span class='ocrx_word' id='word_1_499' title='bbox 1129 4513 1218 4568; x_wconf 85' lang='lat' dir='ltr'>rivum</span> <span class='ocrx_word' id='word_1_500' title='bbox 1227 4512 1369 4567; x_wconf 82' lang='lat' dir='ltr'>Zoriubka</span> <span class='ocrx_word' id='word_1_501' title='bbox 1380 4512 1469 4582; x_wconf 81' lang='lat' dir='ltr'>glava,</span> <span class='ocrx_word' id='word_1_502' title='bbox 1482 4516 1510 4566; x_wconf 92' lang='lat' dir='ltr'>et</span> <span class='ocrx_word' id='word_1_503' title='bbox 1522 4509 1622 4564; x_wconf 71' lang='lat' dir='ltr'>hanah</span> 
     </span>
     <span class='ocr_line' id='line_1_47' title="bbox 379 4595 1622 4668; baseline 0.002 -21"><span class='ocrx_word' id='word_1_504' title='bbox 379 4595 464 4648; x_wconf 89' lang='lat' dir='ltr'>alium</span> <span class='ocrx_word' id='word_1_505' title='bbox 482 4596 571 4650; x_wconf 84' lang='lat' dir='ltr'>rivum</span> <span class='ocrx_word' id='word_1_506' title='bbox 588 4596 682 4666; x_wconf 82' lang='lat' dir='ltr'>Dulga</span> <span class='ocrx_word' id='word_1_507' title='bbox 705 4597 802 4665; x_wconf 87' lang='lat' dir='ltr'>mlaca,</span> <span class='ocrx_word' id='word_1_508' title='bbox 827 4604 855 4653; x_wconf 89' lang='lat' dir='ltr'>et</span> <span class='ocrx_word' id='word_1_509' title='bbox 878 4599 967 4654; x_wconf 85' lang='lat' dir='ltr'>tendit</span> <span class='ocrx_word' id='word_1_510' title='bbox 989 4600 1018 4654; x_wconf 91' lang='lat' dir='ltr'>in</span> <span class='ocrx_word' id='word_1_511' title='bbox 1043 4599 1152 4668; x_wconf 84' lang='lat' dir='ltr'>Savam,</span> <span class='ocrx_word' id='word_1_512' title='bbox 1177 4599 1226 4654; x_wconf 90' lang='lat' dir='ltr'>ubi</span> <span class='ocrx_word' id='word_1_513' title='bbox 1250 4600 1351 4654; x_wconf 82' lang='lat' dir='ltr'>finitur.</span> <span class='ocrx_word' id='word_1_514' title='bbox 1370 4599 1471 4654; x_wconf 85' lang='lat' dir='ltr'>Terrae</span> <span class='ocrx_word' id='word_1_515' title='bbox 1489 4597 1622 4652; x_wconf 81' lang='lat' dir='ltr'>Prevlaca</span> 
     </span>
     <span class='ocr_line' id='line_1_48' title="bbox 378 4681 1620 4756; baseline 0.002 -22"><span class='ocrx_word' id='word_1_516' title='bbox 378 4687 452 4735; x_wconf 88' lang='lat' dir='ltr'>meta</span> <span class='ocrx_word' id='word_1_517' title='bbox 470 4681 566 4754; x_wconf 91' lang='lat' dir='ltr'>incipit</span> <span class='ocrx_word' id='word_1_518' title='bbox 582 4684 611 4737; x_wconf 92' lang='lat' dir='ltr'>in</span> <span class='ocrx_word' id='word_1_519' title='bbox 629 4685 733 4739; x_wconf 89' lang='lat' dir='ltr'>criente</span> <span class='ocrx_word' id='word_1_520' title='bbox 750 4685 779 4738; x_wconf 89' lang='lat' dir='ltr'>in</span> <span class='ocrx_word' id='word_1_521' title='bbox 797 4685 859 4756; x_wconf 90' lang='lat' dir='ltr'>ipsa</span> <span class='ocrx_word' id='word_1_522' title='bbox 877 4686 951 4742; x_wconf 82' lang='lat' dir='ltr'>Sava</span> <span class='ocrx_word' id='word_1_523' title='bbox 968 4687 996 4740; x_wconf 91' lang='lat' dir='ltr'>in</span> <span class='ocrx_word' id='word_1_524' title='bbox 1014 4687 1083 4754; x_wconf 89' lang='lat' dir='ltr'>loco,</span> <span class='ocrx_word' id='word_1_525' title='bbox 1102 4688 1150 4756; x_wconf 90' lang='lat' dir='ltr'>qui</span> <span class='ocrx_word' id='word_1_526' title='bbox 1163 4694 1279 4744; x_wconf 83' lang='lat' dir='ltr'>vocatur</span> <span class='ocrx_word' id='word_1_527' title='bbox 1290 4687 1424 4742; x_wconf 84' lang='lat' dir='ltr'>transitus</span> <span class='ocrx_word' id='word_1_528' title='bbox 1436 4685 1620 4756; x_wconf 85' lang='lat' dir='ltr'>leprosorum,</span> 
     </span>
    </p>
   </div>
   <div class='ocr_carea' id='block_1_6' title="bbox 0 0 1782 5344">
    <p class='ocr_par' dir='ltr' id='par_1_6' title="bbox 0 0 1782 5344">
     <span class='ocr_line' id='line_1_49' title="bbox 0 0 1782 5344; baseline 0 0"><span class='ocrx_word' id='word_1_529' title='bbox 0 0 1782 5344; x_wconf 95' lang='lat' dir='ltr'> </span> 
     </span>
    </p>
   </div>
   <div class='ocr_carea' id='block_1_7' title="bbox 1733 1097 1754 5316">
    <p class='ocr_par' dir='ltr' id='par_1_7' title="bbox 1733 811 1754 5316">
     <span class='ocr_line' id='line_1_50' title="bbox 1733 1097 1747 1117; baseline 0 411"><span class='ocrx_word' id='word_1_530' title='bbox 1733 1097 1747 1117; x_wconf 54' lang='grc'><strong><em>«</em></strong></span> 
     </span>
     <span class='ocr_line' id='line_1_51' title="bbox 1744 5001 1754 5316; baseline 0 0"><span class='ocrx_word' id='word_1_531' title='bbox 1744 5001 1754 5316; x_wconf 87' lang='lat' dir='ltr'>l</span> 
     </span>
    </p>
   </div>
  </div>
 </body>
</html>
