3488 5380
696 454 841 498 anonam.
1327 434 1389 502 221
1419 445 1430 478 ⁸

192 621 366 680 DOCXLII.
393 629 468 680 1257.
497 625 565 679 Bela
583 623 635 680 lV.
654 641 702 680 rer
720 626 852 693 notificat,
871 625 946 696 quod
965 641 1028 681 cum
1048 629 1112 696 post
1134 642 1273 682 recessum
1291 625 1389 682 Tarta·

138 727 237 765 rorum
254 712 290 766 ad
310 712 450 782 quoslibet
471 713 619 768 comitatus
638 729 688 784 pro
707 713 870 769 revocandis
879 711 990 784 juribus
1003 713 1086 768 cosmi
1103 713 1226 768 indebite
1243 713 1387 785 occupatis

137 797 264 856 diversos
279 799 388 870 Judices
406 800 534 868 misisset,
554 801 625 856 inter
639 806 763 856 caeteros
776 801 811 856 ad
824 801 987 856 comitatum
1000 800 1035 856 do
1047 799 1209 857 Gresenohs
1220 802 1385 872 magistrum

138 886 240 941 Ohsak
258 887 406 943 ensiferum
431 886 512 943 duxit
535 889 765 946 trasmittendnm.
789 889 927 945 Reversus
947 887 1045 944 (ihaak
1063 888 1172 944 retulit:
1192 887 1270 960 quod
1295 893 1382 945 terras

139 975 321 1030 Bomononoh
341 981 369 1030 ot
386 975 498 1032 Lernen
523 975 657 1032 invenerit
684 993 733 1048 per
757 976 872 1032 [lamam
894 976 1074 1046 ,iobagionem
1098 977 1181 1032 omtri
1207 975 1244 1032 ab
1268 977 1384 1048 antiqno

137 1061 284 1132 possideri,
310 1063 337 1117 in
362 1063 464 1132 quibus
489 1079 577 1119 novas
602 1063 680 1118 iuxta
697 1064 827 1134 antiquas
845 1068 934 1118 metas
959 1063 1023 1119 iecit
1048 1063 1156 1132 elevari,
1184 1081 1255 1136 qnae
1281 1066 1321 1122 aie
1345 1063 1385 1120 di·

138 1150 314 1220 stinguntur:
337 1149 431 1206 Prima
448 1155 521 1206 meta
546 1151 642 1222 incipit
665 1151 693 1206 in
717 1151 815 1208 arbore
833 1149 957 1218 kiotnlfa,
983 1155 1079 1222 estque
1103 1157 1176 1207 terra
1202 1151 1384 1209 Borsononeh

136 1239 216 1293 iuxta
244 1237 347 1294 flumen
365 1237 505 1294 Bominok
522 1237 649 1294 dividens
676 1245 776 1294 terram
796 1255 860 1294 oum
878 1239 979 1294 comite
998 1237 1136 1307 Gabriele,
1160 1239 1225 1295 inde
1248 1239 1284 1295 ad
1309 1239 1385 1295 aliud

135 1324 239 1380 flumen
259 1331 288 1382 et
304 1331 427 1382 montem
445 1325 480 1381 de
498 1342 554 1396 quo
573 1324 761 1381 descenditis
781 1327 881 1382 vallem
899 1333 927 1381 et
951 1343 1000 1398 per
1013 1327 1103 1382 varias
1120 1331 1209 1382 metes
1228 1327 1383 1384 iterumad

136 1411 244 1468 dietum
262 1413 376 1468 fluvium
395 1413 548 1470 Warathns
566 1419 617 1470 etc.
644 1414 707 1468 Alia
724 1419 797 1469 terra
821 1415 917 1486 incipit
935 1415 963 1469 in
987 1415 1077 1471 rivulo
1098 1415 1229 1486 Rathyna
1254 1415 1301 1486 qui
1327 1415 1383 1471 exit

133 1501 161 1554 in
178 1500 280 1555 flumen
301 1501 389 1570 Limia,
407 1501 472 1556 inde
490 1501 526 1557 ad
545 1500 660 1556 domum
679 1501 831 1574 aeterno,
851 1503 1005 1574 pervarias
1024 1507 1113 1557 metas
1130 1501 1274 1558 descendit
1292 1501 1328 1558 ad
1348 1503 1382 1558 ri·

136 1588 233 1644 vnlnm
251 1589 350 1656 Peene,
369 1588 433 1644 inde
450 1589 486 1644 ad
505 1596 628 1646 montem
647 1597 675 1645 et
692 1595 768 1646 tenet
779 1596 881 1646 metam
893 1607 957 1647 cum
973 1590 1084 1662 populis
1096 1589 1132 1645 da
1149 1589 1264 1660 Garigm
1284 1606 1381 1646 vorsus

133 1675 277 1732 meridiem
297 1675 332 1732 ad
350 1682 435 1748 caput
463 1677 583 1732 fluminis
602 1677 761 1746 Eumenen,
790 1679 889 1733 iterum
915 1695 963 1749 per
987 1677 1078 1734 varies
1101 1682 1190 1732 metas
1214 1677 1251 1732 sd
1278 1677 1380 1732 flumen

132 1764 271 1834 Pyechine
289 1770 317 1819 et
335 1763 478 1819 descendit
495 1765 523 1818 in
541 1765 644 1819 flumen
662 1764 800 1836 Battyna.
825 1765 930 1820 Datum
949 1781 998 1837 per
1016 1780 1116 1820 manus
1136 1763 1283 1835 Smaragdi
1302 1779 1380 1836 prae·

132 1852 216 1922 positi
234 1851 374 1920 Albensis,
393 1853 473 1906 aulae
492 1851 716 1908 vicecancellarii.

186 1939 214 1990 Ε
231 1945 407 2008 transumpto
420 1939 541 2009 capituli
560 1937 732 1996 elasam
750 1940 783 1996 de
801 1957 827 1996 o.
846 1943 926 1996 1378.
948 1941 979 1995 in
998 1941 1069 1996 cotis
1087 1939 1250 1996 monaterii
1267 1939 1300 1995 de
1321 1939 1377 1995 Ga·

127 2026 199 2096 riqis.
217 2027 267 2082 Ee
284 2029 363 2097 repsi
381 2028 493 2082 arctico
514 2029 656 2082 Poetinum
674 2027 784 2084 ablotis.
803 2031 884 2084 Foco.
905 2032 930 2084 4.
949 2029 982 2084 Ν.
1001 2033 1043 2084 40.

182 2165 369 2222 DCOXLHI.
389 2171 465 2223 1257.
484 2167 552 2222 Bels
570 2167 623 2224 1v.
641 2183 689 2223 rex
708 2167 840 2236 notificat,
859 2167 935 2239 quod
954 2174 1019 2240 post
1037 2184 1180 2224 recessum
1197 2167 1378 2224 Tartarornm

129 2255 202 2310 inter
220 2263 331 2312 caetera
349 2255 454 2310 miserit
472 2255 507 2311 sd
526 2255 689 2311 comitatum
707 2255 742 2312 de
761 2256 919 2312 Gerzenohe
945 2256 1107 2328 magistrum
1126 2255 1208 2312 Ohak
1226 2254 1376 2311 ensiferum

127 2357 194 2396 cnm
213 2341 346 2398 mandato
365 2349 396 2398 ut
413 2349 501 2398 terras
519 2349 547 2398 et
564 2343 625 2398 iura
645 2341 777 2410 praedicti
796 2344 880 2398 castri
897 2349 1047 2400 revocaret.
1070 2343 1177 2398 Retulit
1201 2344 1284 2414 igitur
1303 2343 1377 2398 idem

128 2430 271 2500 magister,
286 2429 361 2500 qood
386 2437 473 2486 terras
496 2429 644 2498 Desnlohe‚
669 2431 860 2499 Bursonooch‚
889 2431 987 2486 Pukur
1004 2436 1033 2486 et
1050 2430 1177 2486 Lonheta
1195 2431 1300 2486 invenit
1328 2447 1376 2502 per

128 2517 285 2572 Martinam
310 2518 439 2573 comitem
457 2517 544 2572 lilium
563 2517 642 2572 Tnsk
657 2518 836 2589 jobagionem
861 2518 927 2574 dicti
951 2519 1033 2574 castri
1061 2517 1098 2573 ab
1121 2519 1236 2588 antiqno
1261 2517 1376 2590 pacifice

126 2604 273 2676 possideri.
293 2605 418 2674 Quarum
437 2615 571 2662 terrarum
590 2611 680 2663 metae
698 2607 737 2662 ita
754 2607 955 2678 distinguntur:
974 2607 1060 2662 Terra
1073 2607 1214 2663 Desnicha
1231 2605 1328 2677 incipit
1346 2606 1374 2660 in

122 2693 216 2764 capite
237 2693 319 2748 rivuli
331 2693 435 2762 Pribin‚
454 2694 518 2750 inde
538 2695 676 2767 perviam
695 2695 892 2750 iuxtaterram
912 2693 1024 2750 Gordus
1042 2694 1116 2750 oadit
1133 2696 1161 2749 in
1177 2693 1286 2760 vallem,
1300 2707 1372 2762 qnae

122 2780 203 2835 ducit
214 2780 243 2834 in
260 2781 378 2836 rivulum
398 2782 546 2848 Desnieha,
565 2781 630 2837 inde
649 2797 697 2854 per
715 2781 832 2838 eandem
851 2799 953 2852 aquam
967 2782 1081 2837 inferius
1093 2781 1128 2836 ad
1145 2782 1237 2836 locum
1249 2781 1298 2836 ubi
1316 2782 1373 2836 exit

122 2869 152 2922 in
175 2885 306 2938 magnam
325 2869 406 2937 viam,
425 2886 498 2940 quae
515 2870 647 2926 discernit
664 2869 765 2925 limites
784 2869 870 2941 Garig
897 2877 925 2925 et
947 2869 1116 2936 Gresenchs‚
1141 2869 1205 2924 inde
1233 2871 1261 2924 in
1285 2873 1372 2940 eaput

123 2955 206 3010 rivuli
233 2955 325 3028 Ripeo
345 2973 395 3028 per
412 2963 544 3025 montem,
563 2958 598 3012 de
616 2963 710 3014 monte
729 2956 763 3012 ad
786 2958 905 3012 rivulum
922 2957 1017 3013 Pribin
1045 2974 1094 3029 per
1116 2974 1200 3028 qoem
1225 2959 1370 3013 revertitur

123 3042 161 3096 ad
182 3044 307 3112 primam.
327 3045 413 3099 Terra
431 3045 528 3100 Pukor
548 3044 676 3114 (Primo)
696 3044 792 3114 incipit
809 3061 893 3116 snper
910 3045 999 3116 ripam
1016 3044 1138 3100 fluminis
1156 3045 1318 3116 Zoploncha
1341 3045 1369 3098 in

124 3131 198 3186 valle
216 3148 289 3202 quse
307 3131 384 3188 ducit
401 3134 429 3188 in
446 3133 550 3188 flumen
575 3133 673 3188 Pukur
701 3133 813 3201 (Patra)
833 3131 914 3187 etad
933 3133 1025 3188 locum
1044 3132 1091 3187 ubi
1109 3132 1184 3188 dicta
1205 3132 1370 3204 Zoploncha

123 3219 201 3273 cadit
218 3220 247 3273 in
265 3218 370 3276 Puknr.
389 3219 461 3276 Item
479 3226 551 3274 terra
570 3221 681 3276 Lonatu
700 3220 761 3288 (sio)
779 3221 876 3291 incipit
899 3236 949 3290 per
973 3219 1113 3291 quendam
1139 3237 1252 3291 cursum
1280 3235 1369 3290 equae

120 3308 172 3376 qui
190 3305 226 3362 de
247 3306 361 3362 flumine
379 3308 479 3364 Lnnha
503 3309 561 3364 exit
589 3315 616 3363 et
644 3314 755 3379 separat
778 3309 1000 3379 apiscatoribns
1024 3309 1106 3363 castri
1134 3307 1316 3363 Grssssniohe
1343 3312 1371 3362 et

119 3395 201 3448 iuxta
219 3394 316 3448 silvam
335 3395 487 3452 revertitur.
516 3395 589 3450 item
606 3401 681 3452 meta
700 3401 789 3450 terrae
807 3395 990 3450 Bursonouch
1012 3396 1108 3468 incipit
1125 3395 1153 3450 in
1173 3400 1267 3450 monte
1280 3393 1367 3466 Garig

118 3487 148 3536 et
165 3480 310 3536 descendit
327 3498 377 3552 per
395 3483 479 3537 valles
498 3488 526 3538 et
543 3483 629 3538 colles
648 3489 676 3537 et
695 3499 743 3552 per
761 3482 884 3538 medium
907 3483 1049 3538 vinearum
1065 3482 1101 3538 ad
1119 3483 1240 3539 rivulum
1253 3481 1366 3552 stna,

121 3568 187 3623 inde
205 3567 351 3624 descendit
368 3568 404 3623 sd
423 3569 542 3624 rivulum
556 3570 658 3640 Lysna,
671 3571 728 3625 exit
746 3570 782 3625 ad
797 3571 906 3640 vallem,
920 3569 997 3625 ducit
1009 3569 1044 3626 ad
1058 3577 1181 3626 montem
1193 3571 1272 3624 iuxta
1284 3569 1366 3638 viam,

117 3655 195 3710 cadit
212 3656 241 3710 in
267 3655 436 3723 Waratnam,
456 3656 599 3712 deseendit
616 3659 645 3712 in
663 3657 784 3714 rivulum
802 3657 986 3714 Bursonouch
1016 3662 1044 3712 et
1067 3658 1095 3712 in
1121 3659 1282 3726 Zeregnsm,
1301 3656 1365 3711 inde

118 3743 156 3798 ad
181 3747 306 3798 montem
325 3749 353 3798 et
371 3741 515 3798 descendit
532 3743 560 3798 in
580 3744 707 3800 Scemeta
725 3751 753 3800 et
772 3761 821 3816 per
842 3745 914 3800 viam
932 3743 968 3799 ad
987 3744 1106 3815 priorem
1128 3747 1239 3800 metam.
1259 3744 1365 3798 Datum

117 3848 168 3904 per
187 3847 288 3886 manus
307 3831 452 3902 Smaragdi
471 3833 622 3904 praepositi
642 3832 781 3900 Albensis,
800 3832 881 3888 aulae
900 3831 1123 3888 vicecancellarii.

170 3919 220 3974 Ee
238 3919 350 3974 archivo
370 3920 504 3975 camerali
523 3921 655 3976 Redemi.
680 3919 801 3974 Wensel:
821 3919 885 3974 (iod.
905 3919 974 3988 dipl.
994 3919 1095 3989 orpod.
1122 3917 1183 3975 VII.
1199 3935 1229 3990 p.
1250 3921 1311 3974 453.

169 4057 355 4114 Dcoxmv,
383 4062 463 4115 1257.
486 4059 554 4115 Bela
572 4058 624 4114 IV.
643 4075 691 4114 rex
716 4059 828 4130 cognita
852 4059 986 4130 Stephani
1011 4061 1097 4116 totins
1124 4060 1272 4116 Slavoniao
1299 4059 1365 4115 bani

114 4163 215 4213 causa,
236 4145 312 4216 qnod
330 4145 407 4201 Halo
425 4145 500 4201 lilius
519 4146 617 4214 Ohuet,
637 4147 769 4203 Woscoin
789 4147 863 4202 filius
891 4147 1006 4217 Rodien,
1032 4148 1080 4217 qui
1105 4147 1140 4203 de
1163 4148 1363 4218 jobagionibus

114 4235 201 4290 carmi
219 4234 301 4304 Zagr.
319 4233 429 4290 fuerant
443 4234 560 4304 oriundi,
573 4235 646 4292 mole
660 4236 832 4308 paupertatis
845 4235 971 4306 oppressi
986 4251 1015 4290 so
1027 4251 1091 4290 cum
1104 4236 1184 4290 terris
1197 4236 1255 4290 anis
1267 4235 1363 4290 domui

117 4322 147 4376 S.
168 4321 296 4392 Sepulcri
314 4321 509 4391 adhaeserunt,
528 4324 670 4378 restitituit
688 4330 779 4380 castro
797 4322 986 4394 Zagrabiensi.

167 4407 267 4475 Feier:
289 4409 353 4464 (lod.
376 4409 446 4478 dipl.
469 4409 497 4465 Τ.
517 4409 567 4466 IV.
586 4411 638 4466 ool.
657 4411 696 4466 11.
713 4427 743 4480 p.
764 4414 824 4465 447.

166 4547 334 4604 Dccxnv.
355 4552 435 4604 1257.
455 4549 549 4604 Banus
574 4549 721 4606 Slavonioe
739 4550 885 4606 confirmat
897 4549 1110 4605 transactionem
1129 4549 1157 4602 in
1176 4563 1260 4604 causa
1271 4551 1361 4604 terrae

12 4709 13 4716 ἵ
114 4635 218 4690 Looka
236 4635 314 4690 iuxta
339 4635 452 4691 fluvium
478 4636 554 4692 Odra
576 4637 648 4691 inter
672 4637 824 4707 Naudragh
849 4647 876 4692 et
899 4637 1050 4691 Martinam
1079 4637 1165 4690 lilium
1184 4637 1253 4705 ejtts,
1273 4637 1358 4690 liora·

111 4723 199 4778 chum
218 4722 307 4777 filium
325 4723 398 4778 Ulek
408 4724 574 4794 jobagiones
596 4725 678 4778 coeni
692 4725 886 4793 Zagrobieneis
898 4735 923 4779 et
937 4731 1023 4779 totam
1035 4725 1242 4794 generationem
1255 4740 1360 4790 eorum,

1228 4829 1260 4884 l‘l
