3464 5382
342 421 382 482 96
807 477 809 482 .
842 444 862 482 r.
886 431 1084 498 muravit,

394 603 605 660 CCCXXXIV.
625 608 659 661 A.
673 611 742 660 123⁶
761 613 784 660 3.
798 607 878 660 Julii.
897 605 1033 674 Rogsrius
1045 613 1073 660 et
1085 606 1254 671 Leonardus‚
1273 606 1321 659 filii
1346 605 1486 675 quondam
1505 607 1579 661 Petri

342 693 502 748 Mauroceui
527 695 634 748 comitis
659 694 828 760 absarensis,
867 694 1024 748 renuntiant
1053 694 1148 748 comiti
1177 692 1253 747 Arbi.
1274 699 1394 747 castrum
1417 693 1523 748 Kessae
1552 699 1581 747 et

341 779 517 921 Noiga:
537 869 577 921 De
594 883 677 936 ropac
695 867 787 922 Dalm.
806 872 832 921 et
852 866 943 922 Oroat.
963 868 1024 922 Lib.
1044 867 1065 921 Ι
1066 869 1095 922 V.
1115 883 1175 938 cup.
1198 867 1276 921 VIII.

397 1005 596 1060 CCCXXXV.
613 1007 758 1071 ucenae,
769 1010 810 1061 11.
825 1007 899 1062 Juzii
914 1011 989 1062 1236.
1011 1007 1197 1077 UgoUgolini
1209 1009 1300 1062 Latini
1315 1013 1438 1079 potestas
1448 1009 1581 1062 Anconae

343 1095 485 1150 voluntate
512 1092 617 1148 consilii
645 1094 780 1162 generalis
808 1096 867 1148 eius
894 1099 988 1160 terrae,
1016 1095 1157 1164 antiquam
1184 1111 1281 1166 pacem
1300 1100 1327 1149 st
1345 1094 1491 1148 amicitiam
1510 1094 1581 1147 inter

342 1181 540 1249 Tragurienses
560 1185 587 1233 et
597 1181 786 1235 Anconitanos
796 1187 917 1247 renovat,
936 1181 971 1235 ad
982 1182 1060 1250 cujus
1080 1181 1214 1236 amicitiae
1225 1181 1324 1235 foedus
1337 1181 1435 1234 stabile
1447 1197 1580 1236 renovan-

341 1267 416 1322 dum.
443 1267 607 1336 Treguanus
625 1265 815 1336 Traguriensis
834 1267 991 1338 Episcopus
1010 1274 1038 1322 et
1056 1267 1097 1321 vir
1115 1267 1215 1322 nobilis
1233 1268 1324 1322 Dessa
1341 1268 1444 1322 Lucios
1463 1267 1498 1321 ad
1516 1267 1579 1322 civi·

339 1359 425 1408 tatem
444 1356 576 1408 Anconae
594 1369 701 1419 venere,
720 1353 885 1422 quibuscum
907 1361 1018 1424 pactum
1041 1360 1176 1410 statutum
1188 1354 1247 1419 fuit,
1266 1361 1298 1408 ut
1310 1354 1377 1408 civis
1389 1354 1579 1420 Ttagtrriensis

341 1457 414 1494 nunc
433 1445 460 1494 et
479 1455 587 1510 semper
605 1440 633 1494 in
652 1440 762 1494 civitate
774 1442 906 1494 Anconae
925 1446 953 1494 et
970 1442 997 1494 in
1017 1443 1091 1495 omni
1110 1442 1170 1512 ejus
1189 1441 1313 1496 districtu
1332 1441 1368 1494 sit
1385 1457 1508 1506 securus,
1527 1441 1580 1494 sal·

340 1543 398 1592 vus,
417 1527 569 1580 honoratus
588 1532 616 1580 et
643 1531 770 1596 receptus
789 1526 860 1580 sicut
884 1526 1001 1595 quilibet
1019 1528 1222 1594 Anconitanus;
1247 1528 1312 1582 civis
1331 1544 1442 1596 quoque
1461 1525 1580 1580 Anconi-

338 1619 420 1668 tanus
438 1615 466 1666 in
490 1613 600 1668 civitate
618 1612 745 1682 Tragurii
769 1619 797 1666 ct
821 1613 880 1682 ejus
905 1613 1032 1670 districtu
1056 1614 1124 1668 illud
1150 1613 1224 1668 idem
1246 1613 1348 1668 habeat
1380 1613 1580 1667 Testimonium

339 1705 432 1754 autom
460 1700 612 1754 litterarum
640 1700 730 1768 sigillo
758 1699 920 1753 Communis
945 1703 1077 1754 Anconae
1104 1705 1266 1754 annotatum
1292 1699 1464 1754 tradiderrmt
1488 1698 1581 1754 Cerno

338 1787 395 1840 filio
413 1786 490 1839 Dant
517 1785 684 1856 portandum
711 1786 844 1840 universis
873 1786 1104 1856 'lbaguriensibus
1131 1786 1244 1852 civibus,
1272 1802 1340 1840 suae
1367 1785 1580 1842 communitatis

341 1873 417 1927 bulla
435 1873 576 1927 Rasavme
593 1872 760 1928 roboretum.

391 1960 519 2014 Forlsti:
547 1959 627 2029 Illyr.
657 1959 735 2014 Sars.
767 1960 795 2014 Τ.
815 1959 865 2013 IV.
891 1975 920 2028 p.
939 1963 999 2014 339.
1027 1959 1174 2014 Makuieu:
1201 1961 1321 2013 Monam.
1344 1958 1408 2014 aar.
1431 1957 1579 2012 Sicuorum

339 2045 434 2099 merid.
454 2048 485 2112 L,
504 2049 554 2100 110
572 2046 650 2114 apud
668 2062 744 2114 quia
766 2045 905 2116 iisquam'
923 2047 981 2100 loco
1000 2047 1099 2116 lapitas·
1116 2047 1312 2116 „arctoricus

391 2201 585 2256 cccxxva
604 2205 705 2274 Reate,
723 2208 765 2259 30.
784 2204 858 2258 Julis'
877 2207 955 2258 1236.
975 2203 1123 2272 Gregorius
1141 2203 1186 2256 IX
1205 2219 1278 2273 papa
1287 2201 1401 2256 mandat
1411 2201 1542 2272 episcopo
1552 2207 1580 2256 et

339 2289 497 2359 praeposito
515 2289 803 2358 quinqueecclesiensi,
823 2295 851 2345 st
868 2290 962 2344 abbati
981 2289 1015 2344 de
1028 2289 1168 2358 Oiccador,
1187 2289 1367 2344 cisterciensis
1380 2288 1483 2342 ordinis
1501 2288 1580 2358 quin·

342 2374 461 2444 queeccl.
490 2375 618 2440 diocesis,
637 2383 668 2429 ut
686 2377 921 2446 compositionem,
949 2378 1019 2432 inter
1044 2376 1228 2431 Colomanum
1255 2376 1353 2430 ducem
1378 2375 1525 2430 Slavoniae
1554 2381 1582 2429 et

339 2461 501 2531 magistrum
519 2479 552 2516 ac
575 2462 673 2516 fratres
695 2463 807 2517 militiae
830 2464 926 2534 templi
950 2463 977 2517 in
996 2463 1120 2533 Ungaria
1144 2469 1171 2516 et
1189 2462 1319 2518 Slavonie
1341 2461 1452 2528 factam,
1479 2461 1581 2516 faciant

339 2565 388 2619 per
406 2565 537 2602 censuras
556 2549 763 2616 ecclesiasticas,
781 2550 968 2620 appellatione
985 2559 1099 2616 remota,
1118 2550 1231 2603 firmiter
1251 2549 1399 2614 observari,
1424 2546 1581 2616 etquidem

338 2652 393 2690 non
412 2635 539 2690 obstante
557 2635 735 2706 indulgentia,
760 2637 901 2706 quaesibi
920 2655 938 2690 a
956 2635 1021 2692 sede
1040 2644 1129 2707 apost
1149 2637 1219 2690 sicut
1242 2635 1349 2701 dicitur,
1375 2640 1417 2688 est
1441 2649 1579 2699 concessa,

338 2729 370 2775 ut
389 2720 482 2776 nullus
499 2721 527 2774 in
546 2739 610 2775 enm
629 2723 734 2791 absque
753 2723 865 2794 speciali
883 2723 1014 2778 mandato
1033 2723 1106 2780 sedis
1119 2723 1288 2794 apostolicae
1300 2722 1581 2776 sententiamcxcom·

331 2808 533 2862 municatiouis
551 2809 653 2862 audeat
671 2811 861 2879 promulgare;
879 2828 942 2864 cum
954 2817 1047 2866 autem
1065 2809 1149 2864 iidem
1167 2811 1194 2864 in
1214 2809 1350 2878 promisso
1363 2807 1474 2877 negotio
1487 2823 1581 2876 proce·

339 2895 404 2949 dere
423 2895 582 2962 voluissent,
602 2897 744 2950 excusavit
762 2913 792 2950 se
805 2897 983 2963 Oolomanus,
1002 2895 1078 2966 quod
1097 2914 1151 2951 non
1171 2896 1335 2951 auctoritate
1354 2910 1412 2958 sua,
1431 2893 1479 2948 sed
1498 2893 1582 2948 Belae

341 2983 422 3051 regis,
441 2981 532 3036 fratris
552 2983 603 3049 sui,
627 3001 644 3036 a
663 3000 719 3052 quo
737 2989 837 3038 terram
856 3001 886 3038 se
910 2984 1013 3038 babere
1032 2984 1159 3049 asseruit,
1184 2982 1249 3036 dicti
1273 2982 1373 3035 milites
1397 2980 1493 3050 templi
1518 2996 1581 3049 spo-

338 3068 396 3122 liati
415 3069 523 3124 fuerint.
549 3069 686 3136 Quocirca
710 3069 803 3124 ablata
826 3087 881 3125 non
908 3071 998 3123 solum
1022 3070 1166 3124 restituere
1192 3069 1288 3134 noluit,
1314 3067 1362 3121 sed
1387 3065 1580 3121 executoribus

338 3153 411 3210 sedis
429 3162 526 3224 apost,
545 3155 619 3211 dieto
638 3157 796 3226 praeposito
824 3161 851 3211 et
878 3156 1026 3210 abbatibus
1053 3155 1088 3210 de
1116 3155 1250 3210 Oiccador
1274 3160 1301 3208 ct
1322 3152 1495 3218 Varadieusi,
1520 3169 1581 3222 gra-

337 3242 406 3296 viter
424 3243 606 3296 comminatus
624 3243 714 3310 fucrit,
732 3245 778 3312 qui
797 3261 861 3298 oum
879 3243 954 3312 apud
973 3259 1036 3296 eum
1047 3243 1113 3296 nibil
1132 3243 1263 3312 proficere
1275 3241 1405 3306 valerent,
1420 3255 1580 3311 processum

338 3346 394 3382 non
414 3328 472 3382 sine
491 3329 606 3382 fratrum
624 3329 737 3382 militiae
763 3329 932 3399 praeiudicio
952 3329 986 3382 ad
1006 3329 1099 3382 sedem
1117 3329 1300 3398 apostolicam
1317 3326 1513 3381 remittendum
1530 3326 1581 3380 du·

336 3421 444 3468 xerunt.
464 3413 508 3468 Ad
527 3415 580 3468 boc
598 3415 705 3468 monuit
722 3432 796 3485 papa
815 3433 863 3486 per
881 3417 987 3470 litteras
1005 3416 1124 3470 iteratim
1144 3414 1335 3480 Columnam,
1354 3431 1390 3468 ne
1409 3413 1485 3466 irrita
1497 3413 1581 3466 faciat

337 3519 409 3570 quae
421 3501 456 3554 de
470 3502 526 3554 suis
540 3500 620 3554 labiis
634 3509 834 3571 processerunt,
854 3505 912 3557 suis
926 3507 1018 3557 autem
1034 3502 1172 3570 legatariis
1193 3501 1318 3570 iniungit,
1338 3505 1369 3554 ut
1379 3501 1402 3553 si
1413 3499 1582 3554 Oolomanus

341 3587 400 3641 eius
418 3587 563 3642 monitioni
581 3593 608 3641 st
627 3587 715 3641 factae
740 3589 933 3657 compositioni
957 3605 1013 3642 non
1038 3587 1215 3653 satisfaceret,
1235 3587 1419 3642 ecclesiastico
1436 3585 1582 3641 interdicto

338 3673 461 3743 puniant.

388 3760 520 3814 iusim:
541 3760 664 3814 Monam.
683 3761 778 3830 Hesp.
798 3764 820 3814 1.
839 3765 898 3815 146.
923 3762 1028 3816 Weaael
1046 3761 1104 3816 cuci.
1127 3759 1227 3829 arpod.
1248 3762 1279 3828 1.,
1297 3777 1325 3828 p.
1347 3763 1390 3815 46.

390 3916 599 3970 cccxxxvn.
620 3918 721 3986 Reate,
740 3920 763 3970 8.
782 3919 904 3986 depasti
922 3921 1002 3970 1236.
1022 3917 1172 3985 Gregorius
1189 3915 1231 3968 IX
1244 3932 1317 3985 papa
1330 3915 1508 3986 srrscipitsub
1520 3933 1581 3986 pro·

337 4003 484 4058 tectionem
494 4019 573 4056 suam
583 4001 738 4057 Sebislaum
750 4003 877 4058 knezium
886 4003 921 4058 de
929 4003 1063 4058 Woscora
1070 4003 1181 4070 (Usora)
1192 4007 1287 4056 natmn
1298 4001 1438 4070 quondam
1449 4001 1581 4070 Stephani

338 4091 405 4144 Boni
424 4089 459 4144 (le
478 4091 578 4156 Bosna,
598 4096 625 4143 et
643 4090 762 4158 injungit
772 4091 977 4160 archispiscopo
997 4096 1024 4144 et
1042 4089 1200 4159 praeposito
1214 4088 1395 4158 Strigoniensi
1408 4095 1436 4143 ct
1448 4089 1580 4159 episcopo

336 4177 615 4248 quinqueecclesiensi
636 4185 666 4230 ut
683 4176 761 4230 illurn
780 4177 920 4230 molestari
938 4193 994 4230 non
1014 4175 1179 4246 permittant

388 4264 510 4334 Suscipit
527 4280 640 4332 quoque
658 4263 711 4316 sub
730 4279 809 4316 suam
834 4264 1032 4332 protectionem
1052 4263 1182 4329 Amnem)
1207 4263 1330 4316 relictam
1350 4261 1483 4332 Stephani
1503 4261 1581 4316 Bani.

389 4351 522 4406 muer:
539 4351 617 4404 Mun.
636 4356 686 4404 uei.
706 4351 800 4419 Hunq.
819 4351 844 4404 1.
864 4353 923 4403 147.

388 4506 613 4559 cccxxxvln·
631 4507 733 4574 Reate,
754 4511 778 4559 8.
788 4505 995 4573 Augusti1236.
1016 4505 1165 4574 Gregorius
1177 4505 1220 4559 IX
1231 4523 1305 4575 papa
1321 4504 1414 4558 scribit
1430 4505 1577 4572 Auunci),

337 4591 447 4646 relictae
474 4591 615 4661 quondam
640 4591 794 4662 Sltepbani)
822 4591 891 4644 Beni
909 4590 945 4645 de
963 4591 1063 4658 Boane,
1092 4608 1164 4660 quas
1182 4593 1252 4646 inter
1274 4593 1412 4662 principes
1432 4591 1582 4646 Bosnensis

338 4679 464 4746 diocesis,
484 4679 600 4734 infectos
612 4679 722 4732 macula
740 4677 894 4732 baereticae
912 4679 1063 4749 pravitatis,
1082 4680 1174 4734 existit
1192 4680 1272 4750 quasi
1289 4679 1376 4733 lilium
1392 4680 1464 4734 inter
1481 4679 1584 4750 spinas,
