3488 5380
239 397 245 408 ⁸
284 491 289 498 ,
342 409 408 477 254
847 435 867 478 1.
888 421 1086 502 nummasio,

341 599 407 657 inde
424 598 501 656 vadit
519 613 569 672 per
586 615 672 656 onam
688 598 811 656 miskam
828 598 865 656 ad
883 600 1004 656 rivulum
1021 599 1203 664 Polozitioha
1227 598 1293 658 inde
1317 599 1392 657 ondit
1415 599 1451 656 ad
1476 595 1594 656 dorium

344 686 443 744 Zmiok
461 693 490 744 ot
507 701 558 759 per
575 685 696 744 eundem
714 687 792 742 iuxta
809 691 911 742 terrem
934 687 1033 742 Paulin
1056 685 1131 742 eadit
1153 686 1182 741 in
1199 686 1315 744 fluvium
1338 687 1494 760 matinyk,
1517 687 1594 748 eadit

343 775 380 832 ad
401 775 500 830 sileam
524 773 622 830 Rasna
640 777 670 830 st
686 773 824 830 trandent
848 773 963 830 fluvium
980 773 1152 830 Polontioha
1174 772 1249 830 cedit
1265 773 1294 830 in
1312 774 1427 831 Zariam
1451 785 1481 832 ot
1503 791 1592 832 moer·

342 863 411 918 titur
428 879 479 934 per
496 860 654 918 Ohaemam.
672 859 761 916 Iidem
779 860 830 916 iiiii
841 860 959 932 Dymas
971 859 1155 918 vendiderunt
1167 877 1251 918 unam
1264 877 1346 917 eoem
1359 862 1468 918 vineam
1478 862 1509 918 in
1520 865 1593 918 terra

342 949 477 1006 castrensi
494 949 574 1006 iuxta
591 949 700 1004 vinem
718 947 859 1016 Hndinne¹
879 949 1015 1006 existente
1033 947 1152 1006 Herrioo
1170 950 1272 1006 comite
1289 950 1381 1006 castri.

402 1053 469 1111 God.
488 1053 559 1124 dipi.
574 1054 690 1124 patrias
710 1053 774 1110 Vll.
789 1069 821 1124 p.
841 1057 885 1110 89.

398 1193 577 1251 Doccfflv.
597 1193 859 1266 1263.Oopitulnn1
877 1195 1011 1250 eeclesias
1031 1211 1053 1251 s.
1071 1195 1147 1252 Petri
1170 1194 1206 1252 ds
1228 1195 1339 1266 Posego
1361 1196 1492 1262 declarat,
1516 1191 1592 1266 qnod

344 1281 428 1338 Mark
445 1298 539 1340 comes
558 1298 593 1338 ex
611 1298 668 1337 nne
686 1287 775 1354 parte,
792 1281 829 1338 ab
847 1282 935 1338 altera
952 1298 1018 1339 vero
1036 1281 1132 1340 Onsoh
1150 1289 1251 1342 terram
1275 1288 1373 1340 tenens
1396 1281 1527 1340 dominae
1550 1297 1592 1337 re·

341 1371 424 1442 picae
441 1371 585 1427 constituti
603 1382 697 1426 coram
709 1385 752 1438 oo,
765 1369 839 1426 idem
854 1368 936 1426 Mark
947 1369 1093 1426 confossos
1112 1369 1149 1426 sit
1160 1377 1260 1428 terram
1277 1386 1357 1426 enam
1370 1368 1588 1442 quantenus

342 1463 561 1529 comparaverat,
580 1473 630 1528 pro
648 1473 683 1512 eo
701 1455 777 1528 quod
795 1456 870 1512 diota
890 1462 963 1514 terra
986 1463 1062 1514 osset
1084 1457 1217 1527 contigua
1240 1463 1330 1514 terrae
1347 1456 1414 1512 dicti
1432 1455 1519 1524 chan.
1538 1470 1588 1528 pro

343 1534 467 1616 quinque
494 1545 594 1600 mareis
618 1543 726 1615 argenti
750 1542 882 1614 vendidit,
910 1543 1063 1602 secundnm
1084 1544 1287 1600 estimationem
1305 1544 1441 1600 nobilium
1465 1543 1591 1598 Thomas

341 1631 391 1686 filii
410 1631 545 1704 chepani‚
564 1629 658 1688 Helen
678 1636 780 1688 terram
803 1632 932 1700 tenentis,
956 1631 1070 1703 Georgii
1095 1637 1123 1688 st
1145 1631 1247 1688 Heliae
1271 1631 1465 1688 vicecomitum
1482 1628 1519 1687 de
1537 1629 1590 1686 Po·

341 1735 417 1790 sega.
435 1710 515 1776 Meta
531 1719 629 1792 incipit
645 1723 725 1776 iuxta
742 1719 830 1791 potok
848 1717 958 1788 Skorin,
980 1719 1138 1792 pervarias
1161 1725 1251 1776 metas
1268 1715 1344 1775 cadit
1366 1719 1395 1774 in
1418 1718 1509 1775 rivum
1535 1717 1589 1774 (io

340 1806 435 1863 hinioh
452 1811 481 1862 st
498 1807 526 1862 in
548 1805 675 1863 Soivineo
697 1805 786 1878 potok
810 1806 887 1862 vadit
911 1823 960 1879 per
983 1805 1070 1864 valles
1097 1811 1126 1863 et
1151 1811 1241 1864 metas
1267 1805 1400 1862 arboreas
1426 1803 1464 1861 sd
1491 1803 1589 1862 nivem

340 1893 420 1950 Zeta
436 1894 473 1950 ad
491 1895 612 1968 priorem
629 1899 741 1950 metm.

391 2001 442 2057 Ex
460 2001 532 2058 ostis
542 2016 593 2072 per
604 2000 708 2058 tonum
726 1999 1008 2072 Draco-Hedrroory
1025 2015 1059 2056 ea
1075 1999 1155 2070 noas·
1172 1999 1286 2058 arctico
1303 1999 1416 2056 ebutio.
1440 1997 1479 2056 N.
1497 1997 1535 2056 R.
1552 1999 1586 2055 Δ.

340 2091 422 2146 Fato.
439 2089 519 2145 1⁶02.
537 2089 576 2144 Ν.
594 2091 620 2146 6.
638 2087 733 2144 Habet
751 2102 857 2159 quoqne
870 2088 966 2157 Prior:
987 2087 1053 2144 God.
1072 2087 1144 2158 dipi.
1163 2089 1185 2143 1.
1201 2103 1232 2158 p.
1245 2090 1301 2146 264
1312 2093 1339 2145 et
1354 2089 1383 2145 T.
1396 2087 1416 2143 1
1418 2085 1449 2144 V.
1461 2085 1515 2144 eoi
1530 2085 1588 2142 111.

339 2191 369 2249 p.
386 2179 448 2247 180,
466 2181 492 2232 at
515 2176 636 2232 Weasci:
657 2173 724 2232 (iod.
741 2175 841 2246 Arpod
863 2174 910 2230 Vl.
928 2179 991 2232 528.

391 2315 557 2374 DOOOLV.
576 2321 654 2372 1266.
666 2313 827 2390 Capitulum
839 2315 992 2372 Beohiense
1003 2315 1135 2386 notificat,
1146 2315 1223 2388 qnod
1236 2315 1387 2388 Ohepanne
1399 2315 1475 2371 iilius
1488 2313 1588 2372 Onoba

340 2403 376 2459 de
394 2403 490 2476 Vylok
508 2403 591 2474 (Ilok)
610 2403 775 2476 particulam
794 2409 883 2460 terrae
905 2420 973 2459 suae
997 2403 1195 2460 haerediuriee
1219 2405 1330 2460 nomine
1354 2402 1450 2475 Vylok
1472 2402 1509 2458 ad
1534 2404 1589 2458 tria

340 2495 431 2546 aratra
450 2489 633 2547 sufficientem
650 2509 669 2548 a
687 2497 765 2564 parte
789 2491 952 2548 Monasterii
971 2489 1000 2547 S.
1018 2490 1139 2563 Spiritus
1156 2491 1192 2547 de
1210 2491 1322 2558 welhe,
1346 2489 1518 2546 vendidisset
1540 2505 1587 2546 oo

338 2577 398 2632 miti
420 2575 533 2633 Selthse
551 2594 602 2648 pro
620 2576 717 2634 docem
743 2579 852 2635 mareis.
876 2578 971 2632 Motae
995 2577 1100 2634 sedunt
1123 2575 1159 2634 ad
1184 2579 1286 2634 vallem
1309 2576 1460 2634 Renenoha
1484 2576 1587 2648 (Bava-

338 2663 411 2733 nios)
429 2663 466 2720 ad
484 2669 587 2720 terrm
606 2666 768 2721 monasterii
785 2664 939 2738 supradicti
957 2663 993 2721 ad
1011 2665 1138 2726 arborem
1158 2665 1275 2738 Moghol
1293 2672 1347 2723 etc

393 2769 460 2826 dod.
479 2769 550 2840 dipl.
565 2770 680 2840 patrias
702 2769 750 2825 Vr.
765 2787 795 2841 p.
814 2773 874 2826 117.

390 2909 571 2967 DGOOLVI.
590 2909 679 2980 Apud
696 2909 789 2965 arbem
806 2916 927 2968 omno.
947 2915 1021 2968 1261.
1048 2911 1181 2968 Urbanos
1199 2909 1251 2968 IV.
1269 2927 1345 2983 papa
1364 2909 1511 2968 confirmat
1528 2909 1587 2966 Bo·

339 2996 448 3053 bertum
477 2997 681 3054 subdiseonnm
707 3013 790 3053 enom
812 3005 953 3054 cantorem
977 2997 1110 3054 eeclesiae
1133 2998 1170 3055 de
1192 2998 1303 3070 Poeega
1329 2996 1417 3054 dioec
1441 2997 1586 3068 Quinque·

338 3084 511 3140 seolseiensie
529 3091 558 3140 et
575 3085 751 3157 capellanum
769 3085 893 3157 episcopi
911 3085 1066 3140 Preneotini
1083 3091 1112 3142 et
1129 3103 1174 3158 ap.
1187 3085 1285 3157 Legati
1297 3084 1442 3157 Stephani,
1453 3085 1481 3140 in
1494 3084 1586 3141 arohi-

336 3169 485 3228 diaoonum
504 3172 539 3230 de
553 3173 643 3239 Wloo,
662 3172 738 3244 quod
751 3172 874 3230 officium
891 3172 1005 3228 tenebat
1021 3173 1210 3244 Tymothaeos
1228 3178 1295 3230 tuno
1312 3172 1416 3229 electus
1431 3172 1583 3244 episcopor

336 3259 533 3330 Zagrabieneis
550 3260 732 3332 promotionis
751 3275 818 3316 suae
837 3265 970 3332 tompore.

392 3363 525 3420 Thetaer:
542 3365 621 3420 Mora
639 3371 691 3420 oet.
709 3367 803 3434 Haeo.
822 3367 844 3419 1.
862 3367 924 3420 258.

388 3502 585 3562 DOOOLVII.
604 3503 638 3560 In
656 3504 712 3559 aiio
730 3503 807 3559 brevi
824 3503 860 3559 de
878 3502 976 3559 eodem
997 3502 1065 3561 dato
1088 3503 1204 3560 mandat
1227 3503 1359 3564 Urbanus
1377 3501 1429 3560 IV.
1447 3504 1583 3576 episcopo

336 3591 546 3664 wesprimiensi
572 3595 604 3646 ut
630 3588 750 3648 eundem
776 3589 930 3647 Robertrmr
958 3591 986 3646 in
1014 3591 1220 3664 posseaaionem
1247 3592 1314 3649 dicti
1339 3589 1582 3650 archidiaconatus

336 3678 458 3735 inducat.

391 3767 524 3822 Matr:
542 3767 620 3823 Most.
633 3771 685 3822 est.
703 3767 797 3836 Hanp.
815 3765 840 3820 I.
858 3782 886 3836 p.
905 3769 967 3823 160.

387 3905 599 3963 DOOOLVIII.
617 3907 702 3977 Apso
718 3906 813 3962 arbem
834 3911 956 3962 morosa.
978 3909 1059 3962 1264.
1078 3911 1118 3963 16.
1136 3906 1205 3963 Jort.
1230 3907 1360 3964 Urbanos
1379 3906 1432 3964 IV.
1450 3923 1526 3982 papa
1547 3908 1584 3966 ad

335 3993 497 4066 petitionem
523 3993 634 4049 Eventii
661 3993 806 4066 presbiteri
833 3993 959 4050 canonici
985 3993 1195 4065 Zagrabionais,
1219 3993 1295 4065 qnod
1321 4009 1386 4049 oum
1416 3994 1477 4066 ipse
1507 4011 1583 4068 papa

335 4082 479 4154 Stephano
496 4082 630 4154 episeopo
655 4081 832 4137 Prenertrino
855 4082 1023 4137 concesserit
1041 4081 1090 4152 jus
1114 4079 1275 4138 conferendi
1298 4079 1433 4138 beneflcio
1456 4081 1585 4143 seolseie-

335 4171 413 4238 stioa,
426 4175 592 4242 personatus
611 4173 639 4225 st
656 4168 813 4240 dignitates,
829 4167 891 4224 illas
916 4184 987 4239 qnae
1011 4168 1191 4224 Timothoono
1214 4169 1364 4242 episcopus
1389 4168 1585 4240 Inprobienair

334 4261 545 4328 temporaneae
569 4256 752 4330 promotionis
775 4256 805 4312 in
829 4272 915 4328 regno
933 4255 1075 4327 Ungariao
1099 4255 1244 4328 optinobat
1266 4263 1297 4314 st
1317 4255 1409 4312 dicore
1432 4258 1584 4331 episcopos

333 4345 528 4401 Prenestrinue
551 4345 603 4400 hae
629 4344 780 4415 dignitates
798 4361 855 4400 nna
876 4361 940 4401 oum
964 4344 1129 4400 canonicatu
1152 4343 1291 4414 domibus,
1313 4344 1392 4401 ouria
1414 4350 1465 4402 etc
1490 4345 1583 4402 eidem

334 4432 452 4490 Eventio
464 4431 615 4502 tradiderit,
631 4432 807 4504 eundemque
826 4449 876 4504 per
894 4449 978 4488 enum
990 4432 1125 4489 annulum
1142 4432 1290 4504 investivit,
1301 4433 1356 4490 hoo
1367 4433 1473 4490 factum
1490 4439 1583 4492 ratum

333 4519 426 4576 hebet.

387 4606 522 4664 dirime
540 4607 619 4664 Mosa
637 4613 688 4666 oet.
707 4610 801 4678 Hesp.
819 4623 847 4677 p.
867 4609 931 4662 260.
