3480 5356
323 399 388 466 330
824 421 846 465 1.
865 407 1064 477 morasus,

379 587 750 659 >commonuisse
775 583 827 643 1ss
842 587 1005 644 Decembris.
1030 586 1171 642 Henricus
1193 585 1305 642 natione
1328 583 1486 655 Paduanus,
1511 585 1568 658 epi-

327 689 429 746 scopus
449 673 638 745 Cephalonise
655 679 684 730 et
700 673 819 744 Jacenti,
835 674 943 746 positus
961 674 990 730 in
1007 675 1118 729 civitate
1140 673 1270 744 'frogerii
1286 678 1448 744 spontanea
1471 673 1569 730 volun·

325 769 384 821 tate
401 777 451 835 per
468 765 671 818 sacramentum
688 761 833 818 confessus
850 759 911 829 luit,
929 761 1006 832 qnod
1024 761 1118 818 omnis
1136 775 1209 831 quae
1226 760 1317 816 banne
1333 759 1441 833 stanoy
1458 765 1487 816 et
1504 761 1568 818 Sar·

324 866 431 908 cnenus
458 849 575 906 cursarii
596 848 633 904 de
657 849 790 905 Almissio
807 865 871 906 cum
893 849 951 904 suis
970 849 1052 908 sociis
1070 847 1124 904 sibi
1142 848 1324 917 abstulerunt,
1347 848 1461 904 inerant
1478 850 1568 922 pn‘mo

324 955 377 994 sus
395 937 477 1006 bona,
495 935 602 1008 absque
620 935 704 991 rebus
721 935 845 1006 acceptis
863 935 997 1007 Albcrigo
1015 936 1124 992 notario
1143 937 1257 1003 Veneto,
1271 935 1370 990 nuntio
1388 935 1424 991 D.
1443 935 1567 992 Mathaei

325 1025 434 1082 saneto
453 1023 564 1089 Veneti,
582 1037 655 1092 quse
673 1021 762 1077 eidem
781 1022 898 1079 Alborto
915 1021 1059 1078 restitutae
1071 1021 1156 1090 inere,
1175 1023 1298 1094 exceptis
1316 1021 1404 1077 tribue
1490 1038 1568 1094 gros·

326 1127 429 1180 sorum,
455 1111 503 1182 qui
531 1109 644 1166 luerunt
670 1109 820 1165 nauchlerii
844 1109 920 1180 ligni.
946 1109 1002 1178 Qui
1025 1109 1176 1181 episcopus
1199 1125 1296 1166 omnes
1313 1108 1448 1179 quietarit
1469 1113 1498 1165 et
1519 1110 1567 1165 ab·

323 1199 406 1256 solvit
423 1197 458 1254 dc
477 1196 607 1253 omnibns
623 1195 708 1252 rebus
727 1194 780 1251 sibi
798 1196 908 1267 ablatis,
927 1196 1091 1267 promittens
1110 1212 1160 1266 per
1177 1201 1381 1252 sacramentum
1399 1210 1451 1251 nec
1468 1211 1519 1267 per
1536 1212 1567 1252 se

322 1302 374 1342 nec
401 1301 451 1357 per
477 1283 562 1340 aliam
590 1299 738 1355 personam
756 1282 792 1338 de
810 1283 893 1339 robus
915 1282 1037 1353 acceptis
1063 1280 1168 1354 aliquid
1192 1285 1286 1354 petere
1313 1281 1391 1338 telle.
1410 1284 1514 1338 Actum
1538 1283 1568 1338 in

323 1373 441 1430 ecclesia
467 1371 628 1426 monasterii
649 1387 670 1426 s.
688 1369 816 1440 Josnnls,
842 1369 1035 1442 praesentibus
1058 1369 1194 1426 Gsrvasio
1217 1368 1420 1441 archidiacono,
1446 1370 1568 1426 hisrtino

322 1460 466 1525 canonico,
485 1457 636 1514 Valentino
663 1455 699 1512 de
724 1457 878 1526 anmiaza,
896 1457 997 1514 Nicola
1019 1456 1120 1514 Jacobl
1145 1455 1289 1512 Vodovsri
1312 1461 1341 1513 et
1363 1457 1485 1528 Lompre
1507 1459 1568 1514 eius

324 1547 416 1614 fratre,
435 1545 541 1600 Dnimo
562 1543 724 1612 Domiohae,
748 1543 849 1600 Nicola
873 1543 1012 1616 Carinae,
1038 1544 1149 1599 Marino
1173 1544 1304 1610 Mathsel,
1329 1549 1357 1600 ct
1379 1543 1488 1601 Jacobo
1511 1545 1567 1600 An-

325 1633 409 1690 dreae
427 1632 525 1688 nuntio
544 1629 652 1686 Zadrso
669 1629 796 1697 testibus¹
816 1629 959 1702 Stephano
977 1633 1094 1688 Maximi
1111 1631 1209 1702 Pugse
1226 1631 1422 1689 examinatore

378 1721 497 1776 Motus:
518 1721 559 1774 Dc
576 1733 660 1788 ropac
679 1717 772 1773 Dalm.
791 1722 816 1773 et
837 1719 930 1776 Orosi.
949 1719 1012 1775 Iac.
1031 1719 1084 1774 tlt
1103 1735 1165 1788 cap.
1184 1719 1235 1772 ΙΧ.

377 1858 470 1934 ΜΟΧ.
489 1860 566 1912 1273.
584 1854 734 1911 Lsdislsus
752 1855 805 1911 IV.
823 1873 871 1912 rex
890 1861 988 1912 notum
1011 1856 1085 1925 lacit,
1108 1856 1184 1928 quod
1202 1856 1349 1914 attendens
1367 1857 1482 1914 eximias
1500 1857 1568 1915 fide·

318 1947 417 2002 litates
442 1949 471 2000 et
493 1945 693 1999 immensorum
720 1943 895 2000 servitiorum
918 1943 1087 2015 obsequiosa
1108 1944 1207 1999 merita
1230 1943 1354 2001 Olivierii
1377 1949 1405 2000 et
1427 1943 1567 2000 Herbordi

322 2033 443 2088 filiorum
462 2030 591 2102 Gregorii
608 2047 681 2100 quac
700 2030 785 2086 iidem
803 2031 831 2085 in
849 2029 966 2088 divorsis
983 2029 1207 2102 expeditionibus
1223 2031 1305 2107 regni
1320 2035 1348 2086 et
1365 2031 1522 2102 specialiter
1538 2033 1567 2088 in

321 2120 460 2176 Teutonis
482 2118 535 2174 sub
559 2124 651 2174 castro
676 2117 819 2174 Furnstun
845 2134 910 2174 curn
937 2118 1064 2173 Matthoo
1092 2117 1176 2186 bano,
1200 2117 1302 2174 comite
1322 2117 1450 2174 Dionislo
1473 2123 1503 2174 et
1521 2134 1568 2174 co·

321 2207 388 2263 mita
405 2206 517 2262 Joanne
534 2205 592 2261 lilio
610 2204 727 2259 Henrici
752 2204 827 2274 bani,
849 2205 896 2275 qui
914 2202 1017 2261 ibidem
1035 2203 1221 2262 demandato
1245 2205 1323 2275 regio
1346 2205 1568 2262 contestationes

322 2291 540 2360 committebant,
564 2291 613 2346 ubi
635 2292 718 2346 etiam
740 2291 825 2347 irater
848 2291 963 2348 Oliverii
986 2297 1015 2347 et
1038 2291 1178 2348 Herbardi
1204 2292 1328 2348 Thomas
1351 2293 1464 2349 viriliter
1489 2291 1569 2347 dimi·

320 2379 411 2437 cando
438 2379 492 2434 fuit
519 2379 710 2448 interemptus,
736 2377 913 2434 laudabiliter
937 2377 1138 2450 impenderunt,
1163 2380 1293 2450 quocirca
1310 2378 1409 2434 iisdem
1426 2379 1568 2450 quandam

320 2482 437 2523 vacuam
461 2471 563 2520 terram
582 2465 664 2519 castri
683 2463 856 2520 haladiensis
874 2465 910 2521 sd
923 2481 1006 2522 usum
1023 2465 1108 2521 trium
1121 2471 1276 2524 aratrorum
1289 2465 1472 2522 sufficientem
1484 2481 1569 2538 super

319 2569 377 2626 qus
402 2550 544 2623 quondam
570 2550 676 2621 Hegnn
701 2555 729 2607 et
754 2553 797 2606 aui
821 2553 933 2622 cognati
951 2557 1107 2608 castrenses
1125 2551 1303 2609 Zaladiensee
1321 2551 1480 2608 residebant
1502 2569 1568 2609 con·

318 2640 383 2696 tulit
405 2645 433 2694 et
451 2655 500 2710 per
517 2637 637 2694 Josnem
655 2641 722 2692 tuno
740 2639 872 2709 temporis
883 2639 1012 2694 comitem
1021 2639 1217 2696 Zalsdieneem
1227 2639 1365 2696 introduci
1377 2639 1449 2696 iecit.
1462 2639 1567 2695 Datum

320 2743 371 2799 per
390 2724 571 2782 Benedictnm
592 2740 687 2796 praep.
709 2724 899 2782 Orodiensem.
918 2724 1110 2782 Existentibns
1126 2727 1237 2782 Jesnne
1254 2727 1374 2798 archiep.
1399 2726 1566 2799 spalatensi,

320 2813 467 2870 Timotheo
495 2813 578 2884 episc.
603 2811 733 2882 Zagrab,
757 2812 882 2868 Henrico
901 2812 974 2868 bano
992 2814 1078 2870 totius
1100 2813 1256 2882 Bistoniae,
1277 2812 1415 2870 Joachino
1437 2813 1571 2885 magistro

323 2901 526 2958 tavmnioorum
554 2900 656 2955 comite
680 2898 717 2955 de
740 2899 815 2970 Plys,
839 2900 954 2956 Matheo
978 2899 1052 2956 bano
1075 2899 1166 2956 iudice
1189 2901 1291 2970 curiae,
1310 2901 1393 2972 Moys
1410 2901 1511 2957 comite
1528 2899 1571 2957 Sl-

322 2989 459 3060 migionsi,
481 2986 592 3042 Dedalo
609 2987 712 3042 comite
729 2985 894 3044 Zaladiensi.
1186 2983 1189 2986 ’

381 3074 501 3130 Wenscl:
520 3074 585 3130 Occi.
603 3073 674 3144 dipl.
693 3073 801 3142 Arpos.
819 3073 871 3130 IX.
891 3078 936 3130 27.

376 3213 486 3268 mcxl.
505 3217 581 3268 1273.
604 3211 753 3268 Ledialaus
776 3211 830 3269 IV.
854 3229 903 3268 rex
927 3214 1094 3282 manifestat,
1118 3214 1193 3286 quod
1218 3217 1351 3287 magister
1374 3216 1471 3274 Ochus
1494 3217 1570 3273 lilius

323 3300 419 3356 Busad
436 3300 575 3356 humiliter
591 3299 759 3372 supplicavit
770 3304 802 3354 ut
814 3299 854 3353 illi
866 3299 1044 3356 donationem
1057 3301 1192 3372 Stephani
1204 3303 1285 3373 regis,
1298 3304 1384 3374 patris
1398 3303 1467 3375 ejus,
1480 3319 1565 3376 super

324 3393 396 3444 terra
414 3387 544 3443 Pallruna
563 3387 592 3441 ln
612 3385 769 3442 Zeladlensi
787 3386 922 3442 comitatu
940 3387 969 3442 in
987 3404 1073 3458 quam
1092 3387 1146 3442 snb
1163 3389 1322 3445 testimonio
1340 3395 1492 3446 conventus
1510 3407 1570 3447 mo·

323 3473 435 3529 nssterii
455 3490 478 3527 s.
497 3473 612 3528 Adriani
631 3473 666 3529 de
686 3473 756 3528 Zela
773 3489 823 3544 per
840 3473 983 3530 hominem
1001 3491 1084 3530 snum
1102 3475 1179 3531 Pons
1197 3475 1372 3533 introductus
1390 3477 1490 3547 fuerat,
1507 3491 1571 3533 oon·

324 3560 459 3629 firmaret3
478 3560 560 3630 cujus
579 3560 707 3632 petitioni
724 3575 773 3615 rex
791 3561 896 3615 annuit
916 3562 1021 3616 Datum
1042 3577 1091 3634 per
1110 3579 1210 3620 manus
1228 3579 1301 3636 mag.
1326 3563 1469 3622 Benedicti
1493 3580 1571 3638 pras·

323 3647 408 3720 positi
426 3646 588 3703 Orodienais
606 3647 686 3702 aulae
704 3646 930 3704 vicecancellarii.
948 3648 1142 3704 Existentibns
1159 3651 1231 3706 inter
1242 3656 1366 3709 caeteros
1385 3651 1570 3724 strigoniensi

323 3739 447 3801 vacante,
466 3733 626 3805 Spalstansi
653 3733 863 3806 archiepiscopo
886 3734 1025 3804 Johanns,
1053 3737 1173 3794 Hernico
1200 3737 1273 3796 bano
1300 3740 1386 3796 totius
1414 3739 1571 3809 slavonlaa

324 3819 427 3890 Egldio
447 3820 520 3878 bano
532 3819 568 3875 de
580 3819 702 3876 Machor
720 3825 748 3875 et
765 3820 801 3876 de
820 3821 922 3891 Bonna,
938 3822 1079 3880 Inachiac
1091 3826 1224 3896 magistro
1238 3827 1448 3897 tavernicorum,
1463 3825 1569 3898 Ugrino

323 3907 457 3978 magistro
484 3908 649 3978 Agaaonnm
676 3913 705 3962 et
731 3909 832 3965 comite
857 3909 1009 3979 Sirmiensi,
1035 3912 1118 3984 Moys
1142 3913 1243 3970 comlte
1265 3914 1433 3986 simigiensi,
1458 3914 1569 3972 Dedalo

323 3995 423 4052 comite
440 3994 607 4052 Zaladiensi.

381 4082 503 4139 Wsaccl:
525 4083 590 4140 Ood.
609 4082 679 4152 dipl.
698 4083 806 4152 Arpnd.
826 4083 879 4140 IX.
894 4100 925 4154 p.
942 4090 988 4142 26.

375 4239 502 4296 MOXH.
516 4243 595 4295 1273.
607 4239 756 4296 Ladialaus
769 4240 821 4298 IV.
834 4259 884 4298 rex
901 4243 1034 4313 notificat,
1047 4244 1123 4315 quod
1135 4261 1199 4302 cum
1212 4263 1282 4304 arus
1294 4249 1355 4304 cius
1372 4249 1441 4306 Bels
1458 4267 1508 4307 rex
1524 4267 1569 4308 cs·

323 4334 412 4384 strum
431 4326 553 4398 quodam
572 4327 652 4382 iuxta
669 4327 845 4400 sambiam,
864 4329 940 4400 quod
959 4330 1130 4390 Medvedvar
1146 4339 1332 4407 nuncupatur,
1344 4340 1470 4410 tempore
1482 4343 1570 4394 trans·

321 4417 434 4472 lationis
452 4415 576 4486 Philippi
594 4420 661 4471 tnnc
680 4415 804 4489 episcopi
822 4417 942 4488 Zagrsb.
961 4417 997 4474 sd
1015 4419 1160 4478 ecclesiam
1178 4420 1407 4494 strigoniensem,
1428 4443 1480 4498 pro
1504 4443 1569 4483 con·

323 4501 459 4560 servando
488 4502 620 4560 thesemo
647 4503 723 4574 regio
748 4502 784 4558 ad
808 4509 921 4576 tempus
943 4503 980 4562 ab
1006 4506 1124 4566 ecclesis
1150 4507 1331 4578 ngsabiansi
1356 4513 1516 4584 recepisset,
1541 4519 1570 4570 et

321 4591 387 4646 licet
405 4589 585 4660 postmodum
606 4605 656 4661 per
681 4590 769 4646 banos
788 4596 816 4647 et
833 4591 919 4648 duces
943 4593 1097 4663 Slavonise,
1115 4611 1149 4654 eo
1167 4595 1242 4666 quod
1267 4595 1374 4660 disum
1396 4603 1568 4663 naaman

322 4675 443 4735 continio
459 4677 537 4747 regni
563 4675 710 4734 slavonice
736 4684 779 4734 est
802 4684 1003 4750 constructum,
1022 4697 1130 4768 'merra
1152 4684 1227 4745 inter
1253 4685 1431 4764 Stephanum
1461 4705 1565 4764 cutm,
