3480 5356
391 383 458 452 296
903 409 924 448 ι.
936 392 1134 468 sensusne,

395 574 509 631 domino
528 573 711 630 haereditario
734 573 825 629 adbuc
844 574 872 628 iu
891 578 1028 646 potestate
1053 573 1143 645 patria
1167 574 1326 630 mustituto.
1350 573 1457 630 Verum
1485 592 1551 632 cum
1578 579 1636 650 ipse

392 663 502 718 Franco
520 680 555 718 ex
575 666 724 734 praecepto
751 663 876 732 magistri
894 661 1014 734 Templi,
1031 659 1249 716 Jcrosolimitani
1268 663 1417 718 accesisset
1434 663 1462 718 in
1483 667 1580 720 Accon
1599 666 1633 719 ad

392 751 558 820 magistrum
576 755 605 805 et
622 753 790 804 conventum
817 747 849 804 ir.
878 749 991 804 militiae
1015 747 1124 819 Templi
1152 748 1282 819 exposuit
1308 748 1411 804 ibidem
1439 755 1542 806 etatum
1570 769 1636 822 que-

392 838 490 894 stionis
509 853 560 892 eeu
577 836 634 892 litis
653 841 682 891 et
699 835 847 891 utilitatem
859 837 944 908 pacis.
958 837 1069 892 Fratres
1082 835 1184 891 habitis
1203 837 1353 907 superbos
1367 838 1530 894 tractatibus
1543 840 1635 912 ipsum

393 925 568 981 Franconem
585 923 621 980 ad
641 921 811 980 decisionem
829 923 919 978 dictae
936 924 993 980 litis
1011 924 1216 980 constituerunt
1234 929 1451 994 procuratorem,
1471 931 1554 998 prout
1578 927 1635 999 ple·
1695 929 1704 957 ”

392 1013 457 1068 nius
475 1013 632 1068 continetur
650 1013 678 1066 in
697 1011 795 1068 litteris
814 1027 871 1066 uuo
889 1010 996 1066 bullato
1023 1011 1154 1082 plumbea
1173 1011 1250 1066 bulla
1268 1011 1376 1082 Templi
1394 1011 1514 1068 habente
1532 1015 1561 1068 in
1580 1032 1636 1070 una
1693 1005 1705 1078 ἶ

393 1104 473 1170 parta
491 1098 585 1154 bullae
603 1099 782 1169 immaginem
798 1097 918 1154 duorum
939 1097 1057 1153 militum
1076 1098 1104 1152 in
1122 1113 1195 1168 equo
1223 1103 1251 1152 ot
1277 1113 1312 1154 ex
1340 1097 1395 1153 alia
1423 1105 1502 1170 parte
1527 1099 1636 1172 Templi

394 1187 544 1258 imaginem
562 1203 627 1242 cum
645 1186 782 1256 scriptura
800 1184 947 1240 orbiculari
965 1201 1020 1241 non
1040 1184 1153 1240 abolita.
1170 1183 1317 1239 Redeunte
1338 1185 1433 1256 itaque
1458 1193 1636 1258 praeceptore

393 1291 443 1330 scu
461 1273 595 1344 magistro
613 1273 762 1329 domorum
781 1273 934 1340 Francone,
953 1288 1017 1328 cum
1037 1270 1094 1326 dux
1114 1272 1223 1326 interim
1241 1271 1276 1326 de
1296 1271 1381 1328 sacris
1400 1273 1522 1345 paternis
1536 1291 1587 1330 scu
1600 1275 1635 1330 ds

393 1365 532 1434 potestate
545 1361 634 1433 patria
646 1375 776 1430 egressus
789 1363 870 1414 estet
885 1359 1151 1420 administrationem
1165 1357 1387 1430 praedicatorum
1398 1359 1560 1430 ducatuum,
1572 1363 1635 1434 jure

392 1453 509 1504 naturae
527 1449 553 1504 ei
570 1447 727 1503 debitorum
751 1446 869 1518 adeptus
896 1445 1002 1515 fnisset,
1026 1445 1099 1501 idem
1125 1447 1257 1516 magister
1280 1463 1345 1503 cum
1369 1447 1432 1518 ipso
1457 1447 1492 1504 de
1518 1451 1636 1506 consilio

394 1536 511 1590 fratrum
529 1533 654 1590 Militum
671 1534 781 1606 Templi
800 1539 918 1590 tractare
939 1535 1038 1605 caepit
1057 1533 1091 1588 Iu
1110 1533 1164 1590 boc
1183 1539 1301 1590 mactatu
1319 1533 1367 1590 illa
1384 1535 1498 1590 tandem
1516 1537 1561 1592 via
1579 1555 1636 1592 ma·
1711 1557 1712 1574 ι

392 1624 479 1694 gistro
498 1629 526 1678 et
544 1622 675 1678 fratribus
695 1623 792 1678 melior
816 1627 844 1676 et
866 1621 958 1676 utilior
982 1621 1041 1676 visa
1067 1620 1127 1689 fuit,
1152 1625 1183 1676 ut
1206 1620 1266 1676 dux
1289 1622 1423 1678 militibus
1447 1623 1557 1695 Templi
1582 1630 1636 1680 tra·

391 1712 470 1767 deret
487 1711 649 1767 comitatum
668 1709 703 1766 de
721 1709 850 1765 Dobicba
868 1725 932 1764 cnm
951 1708 1081 1764 omnibns
1090 1707 1202 1778 juribus
1221 1713 1248 1763 et
1266 1709 1446 1779 pertinentiis.
1460 1711 1526 1765 Dux
1538 1711 1637 1782 itaque

392 1797 471 1854 dedit
487 1797 584 1853 domui
605 1796 716 1868 Templi
741 1796 845 1852 dietum
871 1796 1033 1852 comitatum
1059 1811 1129 1851 cum·
1152 1795 1225 1851 omni
1254 1795 1380 1852 districtu
1406 1815 1440 1854 sc
1467 1799 1526 1852 suis
1552 1801 1637 1870 perti·

391 1886 500 1954 neutile,
518 1885 681 1941 nominatim
699 1900 764 1939 cum
787 1883 954 1950 marturinis,
973 1887 1001 1938 et
1018 1881 1154 1938 descensu
1178 1882 1244 1937 bani
1262 1884 1412 1954 vulgariter
1434 1885 1571 1940 Zuluniua
1590 1904 1636 1941 vo-

393 1977 464 2032 cato.
483 1971 637 2028 redditibus
655 1975 706 2026 eto.
725 1976 864 2026 reservata
881 1969 944 2026 duci
963 1975 991 2026 et
1008 1969 1121 2025 ducatui
1142 1971 1268 2042 collecta,
1286 1988 1358 2042 quae
1383 1989 1432 2043 per
1460 1977 1549 2028 totam
1575 1973 1636 2029 Sla-

376 2061 504 2132 ¹soniam
522 2053 629 2114 ratione
647 2059 716 2114 lucri
734 2074 860 2114 cameras
877 2057 985 2113 ducalis
1003 2057 1076 2128 exigi
1096 2058 1248 2123 consuevit,
1268 2057 1431 2124 adiiciendo,
1450 2059 1526 2128 quod
1541 2061 1636 2116 nullus

309 2135 312 2141 Δ
395 2149 494 2215 banus,
512 2145 596 2202 iudex
615 2147 708 2202 curiae
726 2145 841 2214 ducalis,
859 2145 954 2201 nullus
972 2159 1074 2213 comes,
1100 2145 1226 2200 homiues
1249 2146 1277 2198 in
1302 2145 1364 2215 ipso
1388 2147 1521 2200 comitatu
1547 2149 1637 2218 possit

394 2234 515 2290 iudicare
534 2250 585 2289 nec
604 2233 755 2289 descensus
768 2249 818 2288 scu
831 2231 1039 2303 procurationes
1058 2233 1168 2302 exigere
1186 2232 1223 2286 ab
1244 2232 1356 2302 eisdem,
1375 2231 1424 2287 sed
1444 2250 1527 2306 super
1542 2237 1635 2290 causis
1704 2247 1707 2282 1

395 2321 498 2377 exortis
518 2321 589 2376 inter
606 2320 736 2376 homines
755 2325 864 2375 exteros
883 2323 911 2374 et
928 2319 1016 2391 ipsius
1028 2319 1184 2386 comitatus,
1203 2335 1275 2390 quas
1295 2337 1343 2392 per
1361 2321 1526 2392 magistrum
1545 2321 1637 2378 decidi

397 2425 453 2463 nou
474 2413 597 2480 possent,
615 2407 651 2462 ad
669 2407 767 2462 ducale
785 2405 954 2462 auditorium
974 2415 1138 2476 recurratur,
1156 2409 1204 2478 qui
1222 2409 1306 2463 etiam
1332 2407 1498 2464 descensum
1522 2413 1550 2464 et
1573 2427 1637 2481 pro-

396 2496 567 2551 curationem
586 2494 623 2550 ab
642 2495 771 2550 omnibus
789 2495 911 2565 recipere
938 2494 1046 2565 poterit.
1069 2494 1154 2549 Dedit
1176 2495 1291 2566 insuper
1315 2493 1373 2550 dux
1399 2497 1476 2551 mille
1502 2501 1530 2551 et
1556 2497 1636 2569 qnin-

394 2589 494 2654 gentas
512 2597 620 2637 marcas
639 2581 705 2636 boni
725 2582 773 2636 fini
792 2587 819 2636 et
837 2579 934 2650 legalis
952 2582 1099 2652 argentiis
1113 2582 1258 2638 utilitatem
1274 2583 1392 2638 militum
1412 2583 1528 2655 Templi,
1541 2601 1637 2640 coram

393 2675 472 2743 patre
491 2669 639 2726 Timotheo
658 2669 790 2740 episcopo
810 2668 990 2738 Zagrabiensi
1009 2673 1036 2723 et
1053 2669 1175 2740 capitulo
1193 2669 1260 2724 dicti
1277 2669 1339 2725 loci.
1358 2669 1448 2725 iidem
1466 2675 1561 2726 autem
1578 2689 1636 2727 ma·

393 2758 479 2828 gister
497 2760 525 2812 et
543 2757 641 2812 batres
662 2755 876 2822 considerantes,
897 2771 961 2810 oum
985 2756 1060 2827 apnd
1083 2756 1213 2811 Sceniam
1238 2761 1351 2828 propter
1375 2757 1508 2813 malitiam
1532 2759 1636 2814 civium
1704 2770 1712 2824 ζ’

392 2843 525 2916 prolicere
544 2860 600 2899 non
620 2849 743 2914 possent,
764 2849 907 2900 cesserunt
926 2849 1080 2913 spontanea
1097 2843 1239 2899 voluntate
1264 2843 1301 2899 ab
1326 2844 1401 2899 omni
1426 2845 1481 2912 lite,
1506 2851 1534 2900 et
1559 2847 1636 2901 omni

390 2933 447 3004 Jnri
467 2930 543 3002 quod
562 2930 656 2986 domui
683 2930 792 3000 Templi
817 2931 992 3002 competebat
1014 2931 1043 2985 in
1068 2929 1209 3002 praedicta
1233 2931 1343 2987 civitate
1369 2931 1478 2999 Sceuia,
1499 2931 1636 3000 districtu,

392 3019 506 3086 bonore,
526 3017 709 3088 vectigalibus
727 3021 755 3073 et
773 3017 883 3072 tributis
901 3022 929 3072 et
946 3019 975 3071 in
993 3021 1052 3073 tota
1065 3017 1250 3088 possessione,
1264 3035 1297 3073 ae
1309 3017 1435 3074 districta
1447 3019 1482 3074 de
1497 3018 1634 3075 Gueclrlre
1702 3013 1705 3060 ἱ

395 3106 585 3161 renuntiantes
604 3104 685 3160 etiam
700 3103 830 3160 omnibus
842 3105 1038 3172 instrumentis,
1051 3105 1200 3175 privilegiis
1213 3110 1263 3160 etc.
1277 3121 1450 3160 summorum
1467 3107 1634 3176 pontificum

393 3199 422 3249 et
440 3209 536 3264 regum
556 3191 639 3247 Belae
658 3191 713 3247 111.
735 3191 870 3258 Andreae,
897 3195 925 3246 et
948 3191 1031 3246 Belae
1049 3191 1100 3247 1v.
1118 3208 1151 3246 ae
1170 3191 1317 3248 Colomani
1341 3193 1414 3262 regis
1438 3191 1634 3248 Rutbenorum

393 3280 472 3336 ducis
491 3279 646 3348 Slavoniae,
666 3295 750 3351 super
768 3278 858 3334 Seenn
877 3284 905 3334 et
923 3278 1065 3334 Guechlre.
1088 3279 1278 3334 Promiserunt
1300 3280 1382 3334 etiam
1402 3279 1503 3334 milites
1522 3279 1634 3352 Templi

393 3368 416 3422 si
435 3366 611 3423 conventioni
639 3367 703 3422 hnic
730 3365 956 3433 contrafacerent,
977 3367 1082 3422 solvere
1110 3366 1206 3435 viginti
1233 3367 1320 3421 millia
1347 3383 1501 3422 mmcarnm
1525 3369 1636 3436 argenti

394 3455 442 3508 fini
460 3459 488 3508 et
505 3455 610 3524 legalis,
629 3454 657 3508 in
678 3453 803 3524 penalem
822 3453 1029 3523 stipulationem
1043 3457 1125 3523 prout
1137 3454 1257 3507 vicissim
1270 3453 1421 3524 spopondit
1438 3452 1496 3508 dux
1515 3453 1635 3509 eandem
1711 3439 1712 3486 ἶ

377 3555 530 3596 vsummam
555 3557 662 3612 poenae
681 3542 704 3596 si
722 3541 762 3596 eis
781 3540 987 3611 possessionem
1004 3539 1068 3596 dicti
1088 3541 1235 3596 comitatus
1259 3539 1392 3594 turbaret.
1417 3539 1473 3596 Sed
1492 3542 1558 3610 quis
1576 3541 1636 3596 dux

394 3629 553 3684 vicesimum
566 3629 693 3700 quintum
705 3643 810 3682 annum
829 3644 885 3682 nou
904 3629 1090 3699 compleverat
1102 3634 1226 3699 tempore
1238 3628 1448 3698 compositionis
1465 3629 1558 3698 huius,
1571 3649 1636 3686 cum
1711 3693 1712 3698 ,

395 3715 490 3785 viginti
509 3732 645 3771 annorum
664 3731 725 3771 esse
744 3714 888 3783 diceretur,
906 3716 1006 3770 iuravit
1023 3732 1085 3770 cum
1109 3717 1185 3770 omni
1211 3715 1385 3770 solemnitate
1409 3721 1522 3786 pactum
1547 3718 1635 3775 lusio·
1711 3713 1712 3720 '

394 3803 512 3857 labiliter
531 3803 679 3858 observari.
700 3803 807 3858 Datum
833 3818 881 3874 per
906 3819 1004 3858 manus
1026 3803 1151 3874 magistri
1175 3803 1309 3872 Demetri,
1329 3802 1459 3858 albensis
1483 3807 1637 3876 praepositi

395 3889 477 3945 aulae
496 3889 575 3944 ducis
594 3890 818 3946 vicecancellarii.

449 3995 577 4050 Tbes'ner:
595 3996 671 4050 Mon.
690 4001 741 4050 oet.
760 3995 855 4064 Hesp.
877 3995 906 4050 T.
925 3995 994 4064 I..p.
1014 3999 1069 4051 311.

436 4153 608 4208 ΙΟΜΧΟΙΙΙ.
627 4153 798 4224 Zagrabiae.
820 4157 897 4208 1269.
923 4153 990 4208 Bela
1009 4153 1054 4209 dei
1071 4154 1160 4224 grstia
1186 4155 1244 4210 dux
1271 4155 1357 4211 totius
1384 4155 1540 4224 Slavoniae,
1568 4159 1637 4214 Dal·
1708 4130 1712 4173 l

392 4241 495 4296 matisc
513 4245 541 4296 et
560 4240 688 4296 Oroatiae
708 4245 806 4294 notum
825 4240 897 4311 facit,
918 4241 993 4312 quod
1018 4257 1082 4296 cnm
1105 4241 1239 4297 ducatum
1261 4244 1347 4298 totius
1366 4243 1523 4312 Slavoniae,
1542 4245 1637 4300 Dalm.

392 4334 420 4383 et
447 4329 539 4384 Croat.
568 4344 602 4382 ex
630 4327 771 4383 voluntate
796 4329 950 4398 patrissui
975 4330 1058 4384 Belae
1081 4329 1133 4384 IV.
1159 4331 1232 4400 regis
1256 4331 1383 4402 primitus
1410 4333 1556 4400 intrasset,
1580 4336 1638 4388 eri·

392 4417 475 4472 stenti
495 4415 656 4486 Zagrabias,
675 4415 724 4470 filii
742 4421 769 4470 st
787 4421 903 4487 nepotes
924 4417 1055 4480 Brutone,
1074 4417 1153 4472 iuxta
1170 4417 1284 4473 flauum
1302 4417 1321 4474 J
1323 4418 1449 4474 alserecb
1475 4420 1637 4490 existentes,

393 4504 522 4559 videlicet
540 4503 665 4560 Otrocblr
684 4520 747 4558 cum
766 4503 829 4557 filiis
848 4505 914 4572 suis,
940 4504 1050 4559 Turcba
1067 4520 1130 4559 oum
1150 4505 1213 4558 filiis
1238 4505 1304 4573 suis,
1331 4506 1491 4574 Miroslaue,
1507 4507 1637 4575 Retinet,

395 4589 530 4658 Velislov,
549 4589 659 4646 Gerdos
686 4607 750 4646 cum
778 4591 841 4644 filiis
870 4592 936 4658 suis,
965 4591 1094 4655 Martino,
1123 4592 1275 4658 Draaislav‚
1303 4592 1382 4660 Onul,
1402 4593 1474 4658 Wll,
1503 4593 1638 4662 Zloblr(o)

398 4693 463 4732 cum
481 4677 539 4733 filio
557 4693 617 4746 suo,
637 4677 783 4747 Brstblr(o)
801 4695 864 4734 eum
883 4679 945 4734 aliis
957 4679 1090 4749 cognatis,
1107 4680 1173 4733 item
1189 4679 1321 4750 Donl(o),
1339 4677 1481 4748 Nendasa,
1498 4679 1566 4734 item
1587 4683 1639 4737 filii
