3376 5350
667 473 814 517 1111110111.
1300 460 1363 524 431

117 657 238 711 Γ1110111110
257 656 291 710 de
310 655 391 710 Blina
409 671 459 726 per
477 655 587 720 benum,
600 670 694 710 comes
707 654 834 709 Andreas
846 659 874 708 01
886 670 980 708 comes
993 651 1128 708 Simcnlra
1140 669 1189 721 per
1202 652 1364 722 episcopum

118 745 261 811 nominati,
280 743 316 798 ad
335 743 432 798 faciem
452 742 505 797 loci
523 742 677 798 transmissi
690 741 876 808 decreverunt,
895 741 969 812 quod
989 740 1080 796 dictus
1093 741 1182 794 banus
1202 756 1252 810 pro
1266 738 1363 794 eadem

119 831 294 902 possessione
313 831 480 902 persolveret
498 829 633 884 ducentas
651 835 679 884 et
696 829 811 900 triginta
822 846 937 896 marcas,
951 829 1053 899 quibus
1066 828 1203 900 perceptis
1215 827 1251 882 ab
1264 827 1362 882 eodem

118 921 191 974 bano
210 918 344 989 (singulas
363 935 468 972 marcas
486 935 549 972 cum
568 918 691 988 quinque
710 918 803 987 pensis
816 916 991 972 denariorum
1003 913 1228 986 Zagrabiensium
1247 931 1362 985 compu-

120 1007 223 1074 tando),
243 1006 359 1060 candem
380 1005 582 1076 possessionem
601 1021 665 1058 cum
683 1005 811 1058 omnibns
836 1005 1008 1076 pertinentiis
1026 1004 1148 1058 restituit
1166 1004 1310 1073 episcocus
1329 1003 1363 1057 de

120 1095 193 1148 bona
212 1094 354 1148 voluntate
373 1092 448 1148 dicto
466 1094 548 1160 bano,
573 1109 630 1146 una
653 1109 717 1146 cum
735 1093 925 1147 instrumentis
950 1091 1034 1146 Belae
1052 1095 1080 1144 ct
1098 1089 1233 1162 Stephani
1257 1107 1363 1160 regum,

119 1186 227 1252 practer
245 1181 351 1236 litteras
371 1181 510 1250 emptitias
528 1179 650 1250 Philippi
670 1180 801 1250 episcopi,
814 1197 885 1250 quae
902 1178 978 1250 quod
990 1177 1115 1249 perditae
1134 1179 1189 1232 sint
1202 1178 1362 1248 juramento

119 1284 171 1322 suo
191 1275 219 1322 et
237 1267 351 1338 capituli
369 1267 517 1338 episcopus
536 1267 716 1322 confirmavit.
736 1267 812 1322 Meta
828 1273 917 1322 terrae
935 1284 1018 1337 qnam
1038 1283 1110 1337 mag.
1128 1265 1250 1322 Michael
1274 1266 1361 1320 erchi-

120 1356 255 1410 diaconns
275 1353 309 1409 de
327 1355 419 1410 Vasce
444 1354 634 1421 reambulevit,
659 1355 757 1425 incipit
779 1355 815 1410 ab
837 1354 886 1408 ille
908 1359 986 1425 parte
1005 1353 1133 1409 Petrinae
1152 1353 1316 1408 occidentali
1336 1359 1364 1408 et

120 1443 220 1498 transit
237 1445 326 1513 ipsam
344 1459 445 1514 squam
463 1441 584 1497 Petrina.
604 1473 636 1482 -
655 1441 725 1496 lude
743 1443 855 1497 veniens
879 1442 915 1496 ad
939 1459 1050 1512 parvam
1070 1441 1170 1496 vallem
1189 1427 1316 1495 Znhodol
1335 1447 1364 1496 et

122 1532 197 1586 veuit
213 1531 250 1585 ad
268 1531 384 1585 domum
403 1537 431 1586 et
449 1531 584 1586 transiens
602 1547 652 1601 per
670 1530 756 1585 valles
774 1531 848 1586 venit
860 1530 896 1584 ad
909 1529 1049 1600 quendam
1061 1529 1177 1584 fluvium
1189 1527 1265 1583 etad
1280 1545 1364 1582 unam

120 1620 229 1672 vineam
249 1624 276 1672 et
294 1635 342 1688 per
361 1619 449 1672 varias
467 1623 555 1672 metas
573 1619 702 1674 arboreae
720 1625 748 1674 et
767 1625 910 1673 castaneas
929 1617 1002 1672 venit
1026 1615 1062 1672 ad
1089 1615 1204 1670 fluvium
1226 1615 1366 1670 Reznicha

120 1711 149 1759 et
168 1703 319 1759 ascendens
337 1705 518 1759 monticulum
536 1705 572 1759 ad
591 1705 737 1772 Kalistem,
755 1704 820 1760 inde
845 1705 966 1759 declinat
984 1703 1019 1758 ad
1038 1703 1152 1758 fluvium
1173 1701 1314 1757 Kerlcuch
1339 1709 1367 1758 et

120 1793 148 1846 in
168 1809 269 1864 magno
288 1793 379 1862 spatio
396 1794 425 1846 11
444 1809 545 1862 aquam
564 1791 654 1862 Culpa
672 1809 721 1862 per
739 1809 823 1863 quam
842 1793 899 1846 exit
910 1793 939 1845 in
952 1791 1064 1844 Petrina
1077 1799 1106 1845 et
1118 1792 1146 1844 in
1159 1806 1261 1860 magno
1273 1790 1364 1860 spatio

121 1882 205 1934 intrat
223 1879 338 1934 fluvium
356 1879 510 1948 Bluotiche‚
530 1879 648 1934 venitin
668 1879 844 1934 Vrachcham
862 1877 980 1934 tendens
998 1878 1125 1947 superius
1151 1883 1281 1943 castrum,
1299 1875 1364 1931 inde

121 1967 148 2021 in
169 1967 268 2021 vellem
288 1975 316 2022 et
340 1968 368 2021 in
394 1983 522 2037 magnam
546 1968 618 2021 viam
641 1983 737 2022 versus
760 1967 901 2031 orientem,
926 1965 989 2020 inde
1013 1982 1063 2036 per
1086 1966 1158 2018 viam
1181 1963 1217 2018 ed
1241 1971 1365 2018 montem

124 2053 253 2120 Sebelrilr,
272 2053 338 2108 inde
356 2070 440 2124 supra
458 2053 551 2108 vineas
569 2053 605 2108 ed
623 2054 782 2118 Zeredehel,
800 2052 865 2108 iude
888 2052 923 2107 sd
942 2057 1059 2122 putenm
1077 2051 1192 2107 Nevlrus
1210 2057 1238 2105 et
1256 2052 1368 2104 revertit

121 2140 157 2194 ad
176 2141 301 2210 primam.
321 2139 426 2194 Datum
444 2157 494 2210 per
517 2157 615 2196 manus
640 2141 750 2211 Gogeni
774 2140 923 2212 praepositi
949 2139 1127 2194 Chnsmensis
1150 2146 1218 2194 tunc
1242 2138 1365 2207 magistri

121 2229 290 2284 notariorum
309 2229 440 2299 episcopi.

176 2315 240 2370 Uod.
260 2315 328 2384 dipl.
343 2317 457 2384 patrina
478 2317 507 2370 T.
531 2317 577 2370 Vl.
594 2315 762 2385 13811111
779 2315 890 2369 arabico
908 2316 1038 2369 coralium
1065 2313 1182 2383 Erdddy
1197 2312 1365 2384 Golpbcram

121 2404 251 2458 oblatum.

179 2545 303 2600 MDVII.
322 2546 468 2602 Anconae.
490 2547 565 2600 1292.
584 2549 626 2599 20.
647 2545 822 2613 Septcnbria.
842 2543 972 2598 Orsecius
986 2543 1020 2598 de
1033 2542 1177 2598 Villiarico
1196 2549 1224 2598 01
1244 2541 1368 2596 Alaricus

121 2635 274 2688 Clementis
298 2633 333 2688 de
357 2632 504 2688 Pecorario
532 2641 724 2703 procuratores
752 2639 780 2686 et
803 2633 892 2686 1111111
918 2631 1053 2702 Ragusirri
1081 2633 1244 2702 persolvunt
1274 2631 1368 2686 debita

121 2722 260 2776 communi
280 2723 412 2775 Anconae
431 2737 481 2792 pro
500 2721 621 2790 acceptis
639 2720 674 2774 ab
694 2720 876 2773 Anconitanis
895 2718 1009 2774 diversis
1021 2719 1102 2773 bonis
1117 2726 1145 2774 et
1157 2720 1247 2772 rebus.
1264 2721 1368 2772 Actum

121 2825 216 2863 coram
235 2808 389 2863 Thomexio
408 2807 442 2862 de
461 2807 587 2862 Henzola
606 2812 743 2877 potestate
768 2807 819 2860 civ.
843 2807 983 2872 Anconae,
1009 2806 1126 2860 Morano
1151 2807 1221 2875 legis
1247 2805 1368 2870 doctore,

123 2904 151 2952 et
165 2896 293 2951 Simeone
313 2896 346 2951 de
365 2896 466 2965 Nippie
479 2897 624 2966 capitaneo
637 2895 748 2965 populi3
762 2893 953 2964 praesentibus
965 2893 1118 2948 Thomaxio
1131 2902 1159 2948 01
1171 2894 1367 2946 Bonaventura

120 2984 273 3056 judicibus,
293 2982 421 3038 Simeone
440 2981 576 3052 Raynoldi
602 2987 629 3036 et
652 2980 792 3036 Guilelmo
804 2980 946 3034 Laurentii
970 2980 1004 3036 de
1028 2982 1150 3047 Ancona,
1171 2985 1198 3034 et
1218 2979 1367 3034 Laurentio

123 3072 283 3142 Lobagnae‚
302 3070 419 3125 Nicolao
438 3069 585 3140 Magiolesi
604 3075 631 3124 01
649 3069 742 3124 Blasio
761 3068 796 3122 da
815 3067 928 3138 Oaboga
943 3067 977 3122 de
989 3067 1119 3136 Ragusio.
1134 3067 1278 3122 Ksrlettus
1293 3065 1367 3122 Petri

122 3158 290 3214 Trasmundi
308 3159 433 3213 notarius
452 3157 568 3227 scripsit
745 3179 747 3182 ·

175 3247 293 3316 Lp'ubib:
311 3247 497 3301 Monumeata
515 3246 539 3300 I.
555 3261 585 3314 p.
606 3247 664 3298 151.

179 3408 320 3464 MDVIII.
339 3412 415 3462 1292.
428 3409 525 3462 Mense
541 3406 659 3462 Octobri.
672 3407 807 3461 Nicoleus
819 3405 1004 3476 praepostitus
1017 3410 1044 3458 et
1057 3403 1209 3473 capitulum
1229 3402 1372 3472 Quinque-

126 3495 294 3552 ecclesiense
312 3497 464 3562 notificant,
483 3495 558 3566 quod
576 3495 707 3566 magister
726 3492 864 3548 Guthfred
884 3493 1032 3547 canonicus
1051 3490 1245 3561 Zegrabiensis
1259 3491 1371 3545 nomine

123 3584 261 3639 Johannis
280 3585 402 3654 episcopi
420 3583 614 3653 Zagrabieusis
632 3583 667 3636 ab
685 3599 742 3636 uua
759 3587 845 3654 parte,
863 3578 1004 3636 ab'cltcra
1028 3595 1092 3632 vero
1119 3595 1211 3633 comes
1235 3577 1369 3634 Nicolaus

126 3672 200 3726 filins
218 3671 292 3726 Petri
313 3672 347 3726 de
366 3671 441 3741 Sylle
460 3688 510 3741 pro
529 3687 558 3726 se
577 3677 604 3725 et
622 3669 750 3740 Olyverio
769 3669 853 3724 fratre
876 3685 936 3734 sno,
961 3668 1027 3722 item
1053 3666 1205 3735 Gregorius
1228 3666 1301 3720 filius
1327 3666 1369 3720 St

125 3760 217 3813 monis
237 3757 271 3814 de
290 3776 311 3812 s.
329 3757 466 3824 Johaune,
486 3775 536 3829 pro
554 3757 671 3812 Nicolao
690 3757 747 3812 filio
760 3756 849 3812 Borch
864 3755 898 3811 de
911 3755 1013 3825 Phylea
1026 3753 1206 3825 personaliter
1224 3755 1368 3808 constituti

126 3847 245 3901 confessi
258 3847 320 3914 sint,
335 3847 410 3917 quod
423 3863 487 3900 cum
506 3863 589 3916 super
607 3847 688 3900 metis
705 3845 888 3916 possessionis
906 3845 989 3914 episc.
1013 3842 1128 3913 Zagreb.
1152 3841 1368 3896 Schentmartun

125 3941 240 3990 vocatae
258 3935 294 3988 ab
313 3936 366 3988 iste
384 3940 462 4004 parte
480 3935 555 3988 fluvii
574 3935 690 4002 Dravae,
710 3950 758 3988 seu
777 3932 936 3987 immediate
954 3932 1033 3986 iuxta
1055 3930 1173 3986 eundem
1201 3930 1315 3984 fluvium
1335 3929 1370 3982 si·

124 4027 227 4088 11111110,
246 4029 397 4077 veneretur
416 4023 532 4092 questio,
552 4021 662 4076 tandem
681 4020 867 4076 mediantibus
885 4020 979 4090 probis
1003 4020 1075 4085 viris,
1101 4017 1199 4072 ambae
1217 4023 1310 4088 partes
1329 4034 1370 4071 se·

123 4115 258 4180 pararunt
275 4111 415 4164 terminos.
435 4109 471 4163 Et
489 4108 601 4179 quidem
619 4109 716 4179 incipit
734 4109 824 4178 prima
842 4115 932 4162 metae
956 4107 991 4162 ab
1014 4123 1088 4176 aqua
1111 4105 1221 4160 Kalisia
1239 4105 1286 4158 ubi
1305 4109 1370 4158 sunt

123 4196 181 4251 duo
201 4196 277 4251 dumi
296 4196 423 4251 Horozth
442 4201 470 4250 et
488 4196 642 4266 Ralrathya.
661 4196 730 4250 Inde
748 4195 837 4250 tendit
849 4213 943 4250 versus
963 4194 1105 4248 meridiem
1118 4199 1146 4247 01
1158 4191 1232 4246 cedit
1244 4193 1272 4246 in
1286 4197 1371 4261 caput

123 4287 216 4354 stagni
235 4284 358 4356 Stologs.
377 4285 486 4340 Deinde
505 4283 581 4338 vadit
597 4285 626 4339 in
645 4285 726 4338 aliam
745 4300 846 4354 squam
865 4283 982 4348 Kelida,
1012 4297 1083 4350 qnae
1107 4281 1162 4335 alio
1186 4280 1296 4334 nomine
1324 4295 1370 4332 vo·

124 4379 204 4427 catur
223 4372 405 4442 Malachychs
423 4379 451 4426 et
471 4373 581 4427 divertit
599 4373 634 4426 nd
653 4372 769 4426 dumnm
787 4373 813 4426 in
834 4371 955 4442 quodem
974 4367 1096 4439 Ozturga
1115 4368 1256 4436 (Ostruga)
1269 4371 1368 4421 vocato

123 4459 334 4530 Pop-Oaturga
360 4461 454 4532 ibique
475 4461 645 4514 terminatur.
671 4459 739 4514 Post
762 4460 830 4514 haec
854 4459 948 4513 retulit
972 4459 1102 4529 magister
1126 4456 1277 4521 Gnthfred,
1303 4471 1366 4509 cum

122 4547 248 4619 praefate
260 4549 398 4618 possessio
412 4547 604 4601 Scentmarton
617 4564 634 4601 a
646 4548 741 4601 multis
754 4547 925 4615 temporibus
938 4545 1036 4599 luisset
1050 4543 1180 4608 desolata,
1195 4549 1222 4596 et
1234 4543 1367 4598 ecclesiae

121 4635 200 4690 nulla
217 4635 323 4689 utilitas
342 4653 376 4689 ex
394 4651 426 4689 ea
444 4635 597 4698 resultaret,
616 4635 728 4689 donavit
752 4651 813 4688 eam
837 4635 984 4703 episcopus
1008 4631 1194 4701 praenomntis
1218 4630 1365 4698 nobilibus,

122 4729 240 4792 excepta
258 4722 323 4776 villa
341 4721 460 4792 Reyialu
478 4723 507 4776 in
526 4731 608 4793 portu
627 4722 734 4776 Dravae
760 4722 869 4789 situata,
883 4737 966 4790 quam
985 4719 1133 4790 epiecopus
1146 4718 1197 4774 sibi
1211 4719 1366 4776 reservavit

181 4808 309 4863 Tkolc'ic':
328 4809 405 4864 111011.
426 4811 504 4865 11101.
525 4811 554 4863 Τ.
573 4812 597 4864 Ι.
613 4827 643 4879 p.
660 4812 721 4864 229.
