3376 5350
328 337 396 406 m
830 347 850 392 a
868 334 1079 402 summurn,

329 529 488 586 Mustiae
512 530 552 585 aa·
574 527 726 586 tollendam
753 533 918 600 perpetum
944 527 1108 584 discordiam
1133 527 1205 584 inter
1229 527 1396 600 Tngun'noe
1421 533 1450 583 st
1473 527 1583 584 hibeni-

330 634 433 674 eeases
457 625 571 688 proptor
595 617 797 674 subiectionem
820 615 963 670 hominum
990 615 1025 669 de
1048 615 1181 670 sibenica
1203 616 1380 686 episcopatui
1402 615 1584 686 Treguxiensi

329 705 370 760 ad·
385 719 518 775 psaesens
532 719 588 760 non
616 705 748 775 sopitam,
768 702 883 758 modat
903 702 1112 774 archiepiscope
1138 703 1173 758 de
1195 703 1283 758 ledea
1300 709 1331 758 et
1346 703 1439 758 electe
1454 702 1494 758 de
1514 708 1585 774 Spa-

329 792 387 848 lato
405 797 437 847 ut
455 791 599 846 ecclesiam
624 791 831 846 Sibenicensem
850 791 878 844 in
897 789 1082 845 cathedralem
1101 789 1246 845 ecclesiam
1264 796 1292 845 et
1310 791 1446 862 oppidum
1471 789 1584 846 dihesi-

330 895 412 935 ceuse
425 881 453 934 in
467 871 606 934 oiviutem
626 880 741 947 erigant,
760 895 831 948 quae
851 877 996 946 metropoli
1016 877 1165 948 spalatensi
1186 893 1246 948 qua
1262 879 1439 949 suffraganea
1453 879 1584 934 subiecta

330 967 390 1032 erit,
410 967 606 1038 propriamque
625 967 650 1019 ei
669 965 800 1019 diocesim
820 965 942 1036 assignat
960 966 1042 1019 certis
1061 964 1162 1019 tinibus
1180 965 1334 1020 limitatam.
1353 965 1472 1036 Insuper
1489 965 1585 1020 dictae

330 1050 467 1109 secanae·
486 1053 614 1108 idoneum
639 1067 785 1123 personam
810 1052 838 1106 iu
864 1053 1026 1122 episcopum
1053 1051 1214 1122 praeficiant
1240 1054 1390 1107 autontate
1416 1054 1585 1123 apostolica,

330 1154 413 1211 quem
431 1135 659 1210 archiepiscopus
675 1137 846 1209 Spalatenais
868 1140 1023 1194 consecrari
1050 1139 1140 1194 debet.
1166 1139 1209 1194 lta
1236 1144 1330 1194 tumen
1354 1139 1427 1210 quod
1454 1155 1505 1210 per
1530 1141 1586 1194 hoe

331 1228 459 1299 capitulo·
473 1223 605 1283 ecclesiae
624 1225 818 1294 Sthenicensis,
837 1227 872 1281 ad
890 1225 969 1296 quod
992 1227 1091 1281 electio
1109 1227 1231 1297 episcopi
1251 1228 1377 1298 pertinet,
1402 1244 1452 1300 pro
1478 1227 1585 1282 mturis

329 1312 504 1388 temporibus
519 1313 627 1370 nulium
645 1314 848 1386 praeiudicium
866 1320 1021 1385 generetur.

382 1400 507 1474 Lanae:
525 1399 608 1458 Mera.
626 1399 658 1456 at
678 1397 764 1456 Trea.
783 1417 810 1474 p.
830 1403 888 1455 136.

386 1543 525 1600 noem.
536 1545 612 1596 1298.
627 1545 668 1596 13,
682 1541 765 1598 Jola'i.
779 1541 905 1598 esdram
918 1542 969 1598 111·
982 1557 1030 1598 res
1043 1542 1207 1609 manifestat,
1220 1541 1296 1612 qued
1309 1543 1440 1612 magister
1453 1541 1586 1612 ligrims

331 1631 404 1686 tilius
422 1631 498 1689 Pous
517 1629 551 1685 de
570 1646 671 1700 genere
690 1629 777 1696 Ohalr,
800 1631 880 1700 regni
906 1631 978 1686 Baro
1003 1629 1237 1696 fidelissimam
1254 1631 1411 1699 praesentis
1426 1632 1505 1700 regie
1521 1630 1585 1684 lha-

330 1719 453 1786 thasna,
475 1717 597 1773 Paean
619 1723 650 1772 et
671 1716 837 1772 Michaelem
863 1717 935 1770 libas
959 1717 1067 1772 conatis
1093 1715 1230 1784 Urbanus,
1256 1715 1424 1786 capt-urit,
1450 1725 1482 1770 ut
1513 1717 1584 1772 doru

330 1807 436 1861 Tartari
461 1811 554 1876 partes
577 1803 678 1858 Mecho
703 1803 884 1870 obsedissent,
908 1811 935 1858 et
959 1804 995 1858 ad
1020 1803 1235 1858 devastationem
1260 1805 1337 1874 regni
1362 1803 1527 1874 Hungariae
1553 1823 1585 1859 se

332 1885 483 1949 transferre
498 1891 659 1958 enituissent,
677 1888 762 1945 iidem
781 1891 831 1946 liiii
848 1887 988 1958 Urbanus,
1007 1907 1071 1945 cum
1090 1889 1166 1944 dicto
1186 1891 1319 1962 magistro
1339 1887 1445 1961 llgriuo
1465 1891 1585 1947 domino

330 1984 463 2052 ipsorum,
481 1978 598 2034 fluuium
615 1977 689 2034 Zau
708 1985 882 2034 haaseuutes
900 1980 1008 2034 abiecto
1026 1995 1118 2033 renam
1137 1985 1166 2033 et
1183 1993 1316 2050 personae
1329 1978 1451 2051 periculo
1464 1979 1586 2034 viriliter

330 2065 504 2136 centenari,
522 2068 571 2122 ubi
590 2063 737 2122 Matthaeus
755 2065 868 2121 laethali
891 2067 1002 2121 vulnere
1028 2067 1170 2121 sancimus
1195 2065 1403 2122 claudicationis
1430 2067 1473 2120 sui
1499 2067 1586 2137 pedis

331 2160 373 2211 est
392 2167 492 2225 pem!
510 2154 664 2220 orbitatem,
683 2161 712 2208 et
730 2153 801 2208 duos
812 2155 941 2208 Tartarus
954 2155 1064 2210 militari
1083 2171 1134 2209 suo
1148 2155 1279 2210 exercific
1292 2153 1382 2224 capite
1395 2153 1584 2222 dehuncevit,

331 2255 449 2314 quorum
469 2241 561 2312 capita
578 2239 652 2296 idem
678 2237 804 2310 Ugrinus
820 2239 879 2310 regi
897 2241 1006 2295 Bndam
1031 2242 1191 2308 transmisit,
1210 2257 1261 2313 pro
1279 2241 1381 2312 quihus
1398 2241 1478 2296 leche
1497 2243 1586 2296 servi-

331 2331 378 2386 tiis
397 2325 548 2400 pesulane
565 2323 692 2398 tigrinus
708 2334 739 2381 ut
757 2333 859 2382 terram
876 2325 968 2382 Pabar
985 2331 1013 2382 iu
1034 2329 1165 2383 comitatu
1194 2327 1228 2383 de
1247 2327 1349 2383 Wolho
1373 2343 1436 2384 curn
1460 2335 1587 2398 quatuor

330 2415 400 2473 iocis
417 2415 545 2471 villarum
563 2413 665 2482 Jelum,
685 2415 782 2486 Tugia,
809 2411 907 2487 Mihalj
927 2423 956 2470 et
974 2413 1115 2470 Euentuen
1141 2415 1216 2470 dicto
1241 2415 1372 2470 Mathaeo
1396 2423 1426 2470 et
1448 2413 1586 2472 iratribus

331 2503 433 2560 denne
452 2499 620 2576 dignaretur.
638 2500 727 2558 Cuius
746 2499 873 2574 petitioni
893 2517 941 2557 rex
959 2503 1064 2558 anama

386 2587 511 2647 Weaaei:
532 2587 598 2646 (lod.
617 2587 686 2662 dipl.
705 2589 775 2660 Arp.
797 2587 870 2644 XII.
889 2591 951 2644 617.
1094 2581 1097 2588 ’

383 2731 518 2788 MDOIV.
540 2734 616 2786 1298.
634 2734 677 2786 29.
697 2731 827 2800 Aapitsti.
855 2731 990 2801 Magister
1014 2731 1157 2801 Aegidae,
1176 2732 1250 2788 iilius
1268 2731 1404 2803 Gregorii,
1422 2732 1499 2803 legat
1517 2749 1582 2788 ιο·

330 2821 449 2875 austerio
468 2819 499 2874 Β,
518 2819 557 2874 Μ.
576 2819 612 2874 V.
631 2819 666 2874 de
684 2817 799 2886 Novak,
817 2818 1005 2888 fratribusque
1023 2817 1172 2874 Gmciieris
1184 2820 1212 2872 iu
1226 2818 1323 2875 eodem
1337 2819 1512 2889 degentibus
1526 2838 1580 2890 pro

330 2910 472 2980 perpetuis
491 2908 591 2962 missae
610 2907 751 2962 sacrificiis
770 2906 866 2977 quavis
891 2908 1045 2976 septimana
1072 2908 1157 2960 semel
1182 2925 1232 2977 pro
1256 2907 1398 2978 refrigerio
1422 2908 1584 2963 animarum

330 2993 408 3050 etiae
426 2999 454 3049 et
473 2991 587 3049 lratnrm
604 2995 718 3048 'suom
737 2991 916 3062 celebrandis,
935 2999 1035 3048 terram
1055 3009 1132 3048 suam
1148 2993 1273 3064 Vratyna
1291 3001 1415 3049 vocstmn
1435 3009 1500 3050 eum
1520 3013 1585 3051 om-

332 3083 414 3137 nihus
433 3077 605 3154 pertinentiis
624 3081 689 3136 suis.

383 3167 421 3224 Ia
440 3171 618 3240 traammpto
636 3167 704 3223 baal
722 3165 874 3225 diatonica
892 3165 925 3221 de
942 3183 969 3220 o.
988 3169 1063 3222 1⁴61.
1083 3165 1131 3221 Er
1148 3167 1220 3221 caris
1238 3167 1372 3222 Jesaitor.
1391 3165 1475 3238 aaa.
1495 3168 1584 3226 Fusa.

335 3259 366 3315 V.
385 3275 419 3312 ea
435 3261 455 3311 2
471 3259 503 3311 ia
522 3258 633 3311 archivo
651 3259 731 3328 nepai
751 3257 888 3312 Oroatioe.

388 3415 510 3472 MDcv.
531 3419 606 3471 1298.
625 3420 667 3471 20.
688 3417 861 3486 Septembris.
884 3416 1044 3488 Capitulum
1069 3415 1203 3472 eeclesiae
1222 3417 1303 3488 Zagr.
1328 3417 1473 3487 siguificat,
1502 3420 1583 3488 quod

331 3501 466 3560 Nicotaus
485 3508 512 3558 et
530 3503 604 3573 ngr,
622 3505 673 3558 lilii
691 3504 806 3560 Arlandi
825 3511 853 3558 et
871 3505 1023 3574 Dyoniaius
1035 3503 1258 3559 iiliuaJohannis
1277 3521 1327 3576 pro
1345 3521 1376 3558 se
1393 3511 1421 3559 et
1439 3521 1489 3574 pru
1509 3506 1584 3561 Gre-

331 3592 419 3662 gorio,
438 3592 560 3662 (leorgio
578 3607 611 3645 ao
629 3591 759 3661 Athycha
780 3591 910 3647 iratribus
928 3593 985 3646 suis
1003 3593 1039 3646 ab
1057 3609 1114 3646 una
1139 3599 1224 3664 parte,
1250 3591 1398 3648 Mathaeus
1422 3591 1500 3646 filius
1523 3593 1584 3647 De-

331 3679 401 3745 trici‚
420 3677 509 3732 Borch
527 3679 602 3732 iilius
621 3679 710 3733 Borcb
730 3697 780 3750 pro
799 3695 829 3734 se
847 3687 875 3734 et
893 3678 1015 3733 Martino
1028 3679 1086 3734 filio
1105 3695 1164 3747 suo,
1183 3679 1412 3734 Bartholomaeus
1431 3677 1507 3736 lilius
1525 3679 1584 3734 Po·

331 3767 395 3834 tela,
421 3765 515 3822 Jaoow
540 3767 613 3822 filius
642 3767 741 3822 Petrus
768 3785 818 3838 pro
845 3783 875 3822 se
903 3773 931 3822 et
957 3783 1008 3837 pro
1035 3766 1097 3821 aliis
1121 3768 1282 3839 propinguis
1310 3775 1338 3822 et
1365 3768 1492 3838 cognatis
1520 3769 1584 3822 suis

332 3854 494 3910 absentibus
511 3871 595 3922 nunc,
614 3855 742 3910 uidelicet
760 3855 855 3909 Mathe
874 3855 931 3908 filio
951 3854 1040 3920 Blase,
1052 3855 1134 3908 Beloa
1152 3855 1209 3909 filio
1226 3853 1386 3922 Alexandri,
1404 3853 1500 3910 lhosel
1519 3857 1584 3912 filio

331 3937 437 4006 'l'roseh
455 3937 565 3995 Jacobo
583 3937 641 3996 lilio
659 3937 768 3996 Nieoiai
787 3947 815 3996 et
833 3941 906 3996 Iwan
933 3940 990 3996 lilio
1016 3941 1165 4011 Chybriani
1184 3943 1220 3997 ab
1238 3942 1332 4009 altera,
1350 3941 1458 3997 nobiles
1476 3941 1513 3999 de
1531 3961 1584 4014 ge·

332 4039 398 4082 nere
417 4023 495 4081 Acha
514 4023 633 4082 confessi
656 4033 732 4082 saint:
758 4026 833 4098 quod
858 4044 920 4082 conr
946 4029 1148 4098 inopportunae
1167 4025 1346 4084 adversitates
1365 4035 1393 4084 et
1410 4027 1583 4086 hostilitates
1681 4054 1682 4061 ¹

331 4127 415 4187 super
432 4113 569 4170 occidaris
587 4121 777 4186 cognatorum,
797 4117 982 4183 servientium,
1002 4116 1169 4186 populorum
1188 4133 1220 4170 ac
1238 4131 1378 4171 servorum
1392 4131 1506 4172 suorum
1526 4133 1583 4174 nec

331 4217 385 4256 non
406 4213 490 4272 supet·
502 4201 683 4272 occupatione
703 4205 908 4273 possessionum
929 4209 957 4259 et
975 4203 1187 4275 spoliationibus
1210 4203 1281 4258 inter
1300 4219 1346 4258 eos
1364 4205 1494 4272 subortis,
1515 4223 1584 4262 een·

331 4286 427 4344 litatae
445 4285 553 4344 dianus
569 4287 773 4360 perdurassent,
793 4291 905 4346 tandem
927 4291 987 4362 ipso
1005 4297 1097 4362 partes
1115 4298 1278 4362 perpetuam
1303 4293 1481 4350 concordiam
1506 4293 1584 4350 fece

331 4381 397 4430 runt
414 4378 549 4432 restitutis
568 4378 696 4432 omnibus
720 4380 802 4434 rebus
828 4387 855 4434 et
879 4379 1108 4450 possessionibus,
1128 4388 1160 4434 ut
1178 4381 1336 4452 quicunque
1360 4399 1395 4436 ex
1418 4381 1473 4436 illis
1500 4381 1583 4438 litem

332 4465 461 4518 innovare
481 4471 529 4518 aut
548 4465 575 4519 in
591 4464 728 4534 judicium
754 4483 851 4520 vocare
874 4479 1018 4520 unum·ex
1040 4465 1095 4520 lilia
1118 4469 1244 4536 cognatis
1268 4473 1464 4539 praesumeret,
1488 4472 1583 4526 solvet

330 4556 442 4606 centum
467 4567 573 4606 marcas
592 4553 619 4606 in
634 4552 775 4622 judicium
794 4560 900 4608 vocato.
919 4553 948 4606 Si
967 4561 1060 4610 auteur
1079 4554 1181 4625 aliquis
1199 4555 1320 4625 aliquem
1333 4571 1367 4612 ex
1380 4557 1420 4612 eis
1433 4557 1583 4616 caeciderit.

331 4644 440 4692 tenetur
458 4641 583 4707 cognatis
602 4640 685 4692 occisi
704 4639 809 4694 solvere
828 4642 880 4694 aa)
898 4655 1011 4710 marcas,
1030 4643 1089 4696 sine
1100 4645 1218 4714 strepitu
1236 4643 1345 4709 iudicii3
1365 4645 1388 4699 si
1406 4659 1473 4700 uero
1490 4654 1584 4704 m
