3488 5380
702 433 846 476 anomia.
1334 411 1398 476 225

150 599 235 671 igitur
254 599 350 656 litibus
367 599 527 671 imponatur
546 599 618 671 finis,
634 599 823 656 adiudicatum
843 605 886 656 eat
904 599 1070 672 supradictis
1083 606 1286 657 sacramentum
1305 617 1399 657 coram

150 687 275 759 capitulo
293 687 412 757 Zagrah.
431 686 486 743 Die
506 703 570 744 vero
591 688 755 744 sacramenti
774 688 921 743 intervenit
941 688 1011 744 inter
1029 693 1122 760 partes
1140 688 1205 744 talis
1222 689 1398 760 compositio,

150 773 227 846 quod
254 775 346 831 dictus
374 775 484 846 Hytink
512 791 595 830 unam
624 781 731 846 partem
755 779 843 831 terrae
862 775 1032 832 Ooatcnicha
1050 775 1155 832 dimisit
1174 782 1266 832 castro
1292 793 1396 833 memo·

150 869 220 918 rato.
240 861 329 918 (iuius
347 868 436 918 terrae
455 869 529 918 meta
541 862 637 934 incipit
654 861 690 920 de
708 861 792 920 fluvio
810 863 865 932 Un,
883 863 948 920 inde
967 864 1134 935 pervellem
1153 863 1189 919 ad
1209 863 1326 920 fluvium
1351 864 1398 922 Je-

150 949 355 1007 atrebnichicha
374 967 423 1022 per
442 966 525 1020 quern
546 950 666 1006 venitin
685 949 799 1006 fluvium
824 951 906 1022 Tvtja
925 951 999 1006 etin
1018 951 1132 1006 fluvium
1157 949 1281 1007 Poloaka
1308 969 1397 1023 usque

150 1037 185 1094 ad
204 1043 306 1094 terram
324 1037 442 1104 abbatis,
464 1036 512 1092 ubi
531 1043 602 1094 terra
620 1039 702 1093 castri
720 1043 828 1094 eterra
846 1039 1020 1112 Hytinkonis
1038 1043 1189 1112 separetur.
1213 1039 1320 1096 Datum
1347 1057 1397 1112 per

150 1143 250 1182 manua
268 1127 393 1198 magistri
412 1123 558 1197 Smaragdi
583 1125 734 1197 praepositi
762 1126 893 1184 Albensis
917 1127 998 1184 aulae
1023 1127 1238 1186 vicecancellarii
1267 1134 1295 1184 et
1318 1129 1398 1187 electi

150 1215 321 1271 colocensis.

108 1341 113 1356 .
202 1303 252 1360 Ec
270 1301 383 1358 cretico
402 1301 535 1358 comedi
552 1301 676 1358 budoni.
701 1301 821 1358 Wenael:
842 1302 908 1358 Ood.
926 1303 994 1374 Arp.
1013 1307 1085 1360 cont.
1104 1302 1164 1360 V11.
1183 1320 1212 1374 p.
1233 1307 1293 1362 183.
1356 1363 1367 1385 .

201 1445 375 1504 DCOLVII.
400 1447 478 1498 1258.
498 1449 523 1499 5.
542 1443 625 1498 «iulii.
653 1443 721 1498 Bela
738 1443 791 1500 lV.
810 1459 858 1500 rex
876 1449 974 1501 notum
993 1443 1067 1514 iacit,
1086 1445 1244 1516 quodcum
1272 1447 1398 1520 hospites

150 1533 297 1588 demente
316 1531 407 1588 Grech
429 1533 584 1603 Zagrabiae
603 1532 747 1589 constituti
772 1538 968 1603 quaererentur
992 1549 1094 1602 magno
1119 1550 1150 1588 se
1174 1534 1313 1591 solutione
1336 1553 1398 1591 ceu·

150 1637 233 1677 suum
251 1621 404 1692 aggravari,
423 1637 473 1677 nec
498 1621 633 1678 haherent
654 1620 752 1676 silvam
776 1635 827 1690 pro
851 1635 906 1675 usn
931 1618 1092 1688 eorundem,
1118 1620 1196 1677 dedit
1212 1622 1241 1676 in
1259 1623 1397 1680 mandatis

152 1709 297 1780 Stephano
316 1709 389 1764 bano
409 1709 495 1764 totius
519 1709 667 1766 Slavoniae
686 1713 715 1764 et
731 1708 878 1780 capitaneo
902 1706 1010 1779 Styriae
1029 1713 1060 1763 ut
1078 1715 1106 1763 et
1122 1707 1246 1764 debitum
1273 1710 1399 1782 ipsorum

151 1796 315 1851 diminueret
333 1801 362 1852 et
380 1795 477 1850 silvam
496 1797 559 1852 usui
584 1811 679 1852 corum
704 1799 907 1866 competentem
932 1795 1093 1866 assignaret
1120 1796 1175 1864 Qui
1203 1797 1299 1865 banus,
1323 1799 1395 1854 sicut

150 1883 245 1940 retulit
263 1883 330 1954 regi,
350 1883 440 1938 taliter
458 1883 596 1939 ordinavit
614 1889 645 1940 ut
661 1882 697 1939 de
714 1887 825 1938 caetero
852 1882 988 1938 ducentas
1006 1883 1199 1940 tantummodo
1218 1900 1320 1955 penam
1338 1902 1395 1940 mo-

152 1979 233 2028 natae
252 1971 359 2026 usualis
378 1988 427 2042 pro
446 1987 540 2028 annuo
559 1987 644 2027 censu
663 1971 690 2025 in
710 1970 781 2026 sesto
800 1969 829 2026 S.
843 1969 957 2025 Martini
976 1969 1050 2025 bano
1068 1971 1179 2026 nomine
1197 1971 1271 2042 regis
1289 1972 1396 2028 solvere

155 2065 309 2128 teneantur,
329 2065 471 2131 praeterea
492 2059 645 2130 usignavit
663 2059 703 2113 eis
721 2061 822 2112 terram
841 2056 950 2128 Cyblan
968 2056 1105 2126 (sviblan)
1124 2075 1187 2114 cum
1206 2058 1282 2115 silvis
1295 2065 1323 2116 et
1335 2061 1396 2116 aliis

151 2146 319 2204 utilitatibus
338 2151 366 2202 et
384 2147 564 2218 pertinentiis,
583 2144 659 2216 quod
677 2151 705 2200 et
723 2161 772 2200 rex
790 2143 971 2200 confirmavit.

186 2235 315 2292 l'ltcldic':
335 2237 410 2291 Mon.
430 2235 477 2290 lib.
494 2251 548 2305 rep.
568 2234 643 2290 nuit.
663 2232 864 2304 Zagrobieoeia
884 2232 936 2288 ool.
955 2231 980 2288 Ι.
998 2231 1068 2290 Dor.
1086 2236 1129 2288 36.

204 2376 392 2434 DGOLVIII.
412 2379 490 2432 1258.
511 2381 535 2432 6.
555 2375 682 2446 depasti.
702 2373 770 2429 Bela
789 2373 840 2430 IV.
855 2389 904 2428 rex
918 2373 1049 2442 notificat,
1063 2373 1138 2444 quod
1158 2389 1223 2430 eum
1241 2373 1398 2444 Ladislaus,

150 2465 300 2538 Philippus
325 2471 353 2520 et
375 2464 528 2534 Gregorius
551 2462 598 2518 filii
622 2462 732 2518 comitis
757 2461 832 2517 Kleti
858 2478 876 2515 a
900 2461 1046 2531 primaevis
1075 2459 1277 2516 adolescentiae
1303 2477 1398 2517 eornm

151 2552 325 2626 temporibus
343 2551 482 2607 indefesse
500 2557 528 2606 et
545 2549 662 2606 fideliter
680 2565 790 2622 semper
814 2549 893 2603 lateri
917 2548 979 2618 ejus
1003 2547 1180 2604 adhaerendo
1205 2547 1397 2604 exhibuissent

150 2647 262 2712 gratum
284 2640 458 2706 famulatum,
476 2655 539 2694 cum
558 2637 713 2693 taediosum
741 2642 815 2692 esset
842 2635 936 2691 omnia
963 2651 1014 2706 per
1037 2635 1148 2706 singula
1171 2651 1294 2703 enarare,
1317 2635 1399 2692 iussit

151 2727 329 2786 solummodo
356 2727 492 2796 annotari,
516 2725 593 2796 quod
618 2741 682 2780 cum
708 2724 838 2779 ferocitas
865 2728 893 2778 et
919 2721 1111 2778 inestimabilis
1129 2721 1278 2778 multitudo
1302 2722 1398 2779 Tarta·

150 2819 223 2873 ricae
249 2815 339 2888 gentis
362 2831 480 2884 regnum
509 2815 658 2868 invasisset
681 2817 708 2866 et
732 2828 781 2867 rex
805 2826 870 2866 cum
897 2809 1066 2881 quibusdam
1089 2811 1167 2882 regni
1194 2809 1334 2866 nobilibus
1361 2810 1398 2866 ad

150 2911 242 2976 partes
262 2903 413 2958 maritimas
431 2919 482 2972 pro
500 2900 629 2956 habendo
648 2897 770 2955 remedio
789 2904 816 2952 et
834 2897 975 2968 querendo
988 2897 1113 2954 subsidio
1125 2903 1272 2970 pervectus
1290 2897 1397 2967 fuisset,

148 2993 222 3048 idem
246 2989 403 3057 Ladislans,
425 2989 572 3060 Philippus
594 2993 622 3042 et
646 2985 798 3057 Gregorius
823 2984 922 3040 devote
946 2985 1087 3040 fidelitatis
1114 2985 1266 3042 famulatus
1284 2985 1395 3055 ibidem,

147 3077 326 3135 landabiliter
343 3077 545 3148 impenderunt.
571 3075 635 3142 Quo
659 3074 732 3129 circa
755 3077 842 3128 terras
867 3073 949 3128 castri
973 3072 1008 3128 dc
1030 3073 1132 3130 Walko
1150 3073 1278 3131 videlieet
1306 3075 1392 3142 Koos‚

148 3165 276 3224 Dombro
304 3171 331 3220 et
358 3163 531 3234 Kendchapa
558 3167 671 3218 vocatas
699 3177 762 3216 cum
789 3161 919 3216 omnibns
947 3161 1119 3232 pertinentiis
1146 3161 1250 3218 eisdem
1279 3163 1397 3218 contulit

145 3256 209 3325 jure
228 3259 363 3324 perpetuo
383 3249 607 3322 ajurisdictione
625 3247 691 3304 dicti
710 3249 793 3304 castri
811 3249 923 3320 penitus
942 3247 1096 3304 emmendo.
1115 3249 1220 3304 Datum
1236 3265 1286 3321 per
1298 3267 1397 3306 manus

148 3341 274 3412 magistri
293 3338 440 3410 Smaragdi
460 3338 581 3394 albensis
600 3337 732 3394 ecclesiae
751 3337 911 3408 praepositi,
934 3335 1015 3392 aulae
1039 3335 1253 3393 vicecancellarii
1272 3341 1300 3394 et
1317 3337 1397 3394 electi

148 3429 321 3572 wldoncedestli:
337 3531 371 3570 ea
391 3515 503 3570 cretico
521 3514 600 3583 repat
619 3513 728 3569 ablotis.
747 3512 785 3568 N.
804 3514 837 3567 R.
857 3513 891 3568 A.
910 3515 990 3568 Fcec.
1012 3514 1073 3568 442.
1094 3515 1126 3565 N.
1147 3516 1189 3568 31.

200 3673 355 3728 DOOLIX.
383 3674 492 3730 Nonae.
521 3675 600 3728 1258.
625 3675 650 3726 3.
676 3669 848 3740 Septembris.
876 3669 1039 3741 capitulum
1058 3667 1199 3725 Nouensis
1217 3670 1350 3726 ecclesiae
1374 3687 1396 3725 s.

151 3762 278 3820 Anselmi
305 3761 451 3832 significat,
478 3758 553 3830 quod
572 3759 600 3813 in
619 3757 680 3829 ejus
707 3757 893 3830 praesentiam
920 3757 1025 3812 venerit
1052 3756 1152 3812 nobilis
1181 3758 1221 3812 vir
1248 3758 1396 3816 ladislaus

148 3852 222 3906 filius
248 3848 391 3920 quondam
409 3848 519 3903 comitia
537 3846 638 3902 Jacobi
657 3846 692 3901 de
710 3844 847 3901 Oorhavia
869 3844 983 3913 Gusicb,
1009 3849 1087 3915 parte
1105 3861 1140 3900 ex
1159 3861 1216 3900 una
1234 3850 1261 3901 et
1278 3847 1396 3916 Bogdan

147 3947 174 3994 et
191 3937 350 3994 Stanislaus
369 3936 469 3992 fratrea
488 3935 537 3988 tilii
557 3933 684 3990 Ohulaclr
709 3936 769 4001 (aut
787 3931 912 4002 Ohirlak)
938 3949 988 3988 nec
1011 3947 1068 3987 non
1092 3932 1227 4004 Stipanus
1251 3940 1281 3989 et
1304 3933 1396 3990 Rado·

148 4041 237 4080 vanus
256 4025 306 4079 filii
324 4023 497 4094 Bogdoalaui
524 4023 608 4077 simul
627 4027 655 4077 et
673 4019 793 4076 vicissim
816 4019 1023 4090 consanguinei,
1040 4036 1136 4075 omnes
1159 4020 1195 4075 de
1219 4021 1396 4091 generatione

146 4113 306 4184 Lapcbane,
327 4111 437 4168 nobiles
455 4109 491 4165 de
510 4110 631 4181 Lapaeh,
650 4107 724 4163 idem
739 4107 889 4164 Ladislans
908 4109 935 4164 in
956 4107 1030 4163 dicta
1047 4108 1164 4163 ecelesia
1188 4108 1303 4180 protulit
1327 4109 1396 4166 baec

145 4201 245 4258 verba:
273 4199 348 4270 quod
377 4200 437 4270 ipsc
464 4197 610 4252 attendens
637 4196 800 4252 multimoda
828 4198 943 4253 servicia
970 4213 987 4251 a
1013 4196 1160 4267 praedictis
1185 4197 1325 4253 nobilibus
1352 4197 1388 4254 de

144 4287 260 4360 Lapach
280 4293 308 4342 et
326 4303 440 4342 suorum
459 4291 673 4351 antecessorum,
692 4284 746 4338 eibi
765 4291 793 4339 et
810 4285 868 4339 suia
892 4283 1115 4340 antecessoribus
1133 4301 1151 4340 a
1168 4286 1263 4340 multis
1281 4289 1385 4357 tempo-

144 4375 222 4430 ribus
244 4375 388 4431 retroactis
416 4374 555 4444 impeusa,
580 4373 607 4426 in
632 4371 841 4426 retributionem
864 4373 1072 4442 possessionem
1096 4388 1176 4427 suam
1200 4371 1339 4428 desertam
1362 4375 1391 4428 in

147 4465 271 4531 Buxane,
301 4461 459 4517 Gemiliaue
477 4461 589 4528 dictam,
608 4477 695 4532 prope
713 4459 795 4514 aliam
820 4459 914 4512 villam
942 4475 1020 4512 suam
1048 4458 1220 4515 Radoslavla
1241 4476 1298 4528 vas,
1322 4477 1393 4531 quas

144 4551 293 4608 Ladislaus
312 4567 347 4606 ex
366 4550 439 4604 dono
468 4549 552 4604 Belae
577 4548 649 4618 regis
674 4563 737 4601 cum
756 4546 899 4617 privilegio
923 4545 959 4600 de
984 4562 1058 4601 anno
1082 4548 1159 4603 1257.
1184 4548 1302 4619 septimo
1328 4548 1391 4604 idus

145 4638 298 4695 Februarii.
320 4643 348 4693 et
373 4655 422 4708 per
446 4635 522 4691 aliud
549 4635 723 4707 privilegium
750 4633 885 4704 Stephani
907 4633 993 4688 totius
1021 4633 1150 4691 Oroatiae
1173 4635 1237 4690 bani
1263 4636 1292 4690 in
1329 4637 1397 4692 1252

145 4729 279 4798 scriptum
297 4725 481 4796 acquisiverat
499 4723 576 4782 dedit
594 4729 622 4780 et
639 4721 753 4777 tradidit
772 4720 918 4794 praedictis
937 4719 1087 4776 nobilibus
