3544 5344
357 401 400 468 38
853 423 876 466 r.
898 409 1098 478 5555551510,

411 589 472 646 ΟΧ.
500 590 535 645 Α.
563 591 643 648 121⁷.
670 587 797 644 Andreas
824 587 855 642 11
881 605 938 654 rex,
966 587 1150 658 ragrabiensis
1176 587 1310 642 dioecesis
1333 589 1532 643 monasterium
1549 605 1598 660 per

358 695 379 733 s.
397 676 561 733 Ladislaum
586 692 680 746 regem
706 673 862 740 fundatum,
889 674 973 728 ludus
996 674 1148 744 largitionis
1167 672 1304 744 stipendio
1322 673 1442 729 dotavit:
1461 681 1598 745 quatenus

358 765 480 821 sabaarii
498 781 583 836 super
594 763 739 818 Marisium
757 761 871 835 fluvium
888 761 1031 817 constituti
1048 760 1084 816 de
1102 759 1207 816 salibus
1225 761 1359 830 aquaticis
1372 760 1496 816 eiusdem
1514 761 1598 816 eccle·

359 852 417 908 siae
435 851 574 907 canonicis
591 866 643 905 nec
660 866 716 905 non
734 849 875 920 episcopo,
902 847 997 904 valens
1015 849 1050 904 50
1067 863 1173 903 marcas
1193 847 1227 903 ds
1240 847 1346 902 salibus
1357 847 1385 902 in
1397 848 1467 914 loco,
1486 848 1534 918 qui
1552 864 1598 902 vo·

358 945 403 994 tur
421 937 544 1008 Zegedin
562 937 706 992 annuatim
733 941 796 990 ante
822 936 924 991 festum
947 951 967 990 s.
993 934 1127 1006 Stephani
1146 935 1301 1006 persolvere
1319 939 1473 1001 teneamur,
1492 951 1525 988 ac
1542 935 1598 988 iam

358 1027 439 1082 dictis
458 1025 596 1081 canonicis
616 1040 705 1094 usque
732 1022 898 1093 Zagrabiam
924 1022 1031 1094 absque
1049 1023 1123 1078 omni
1144 1022 1247 1078 tributo
1265 1020 1454 1093 deportandis,
1472 1027 1500 1078 et
1518 1021 1542 1075 si
1560 1021 1599 1080 eis

359 1112 513 1186 expedierit
530 1111 681 1168 venditioni
700 1109 879 1182 exponendis.
1050 1183 1052 1186 ἡ

413 1199 677 1256 1555515555
695 1199 776 1268 episc.
795 1213 871 1268 soor.
890 1197 915 1266 1,
934 1201 977 1251 46.

414 1321 491 1375 cxl.
509 1320 544 1376 A.
562 1323 640 1374 1217.
660 1319 733 1374 Cum
758 1323 884 1390 tempore
911 1319 1079 1390 praeincepti
1105 1319 1210 1375 itineris
1237 1319 1273 1375 ad
1291 1319 1494 1376 libertationem
1511 1325 1601 1375 terrae

361 1413 472 1464 sanstae
490 1413 518 1462 et
536 1405 572 1462 ad
590 1405 811 1478 componendam
838 1405 1004 1462 discordiam
1022 1411 1050 1461 et
1067 1407 1282 1462 controversiam
1301 1423 1351 1478 pro
1369 1405 1515 1462 Jadertina
1531 1413 1604 1462 terra

360 1512 409 1550 rex
427 1495 568 1566 Ungariae
595 1493 721 1548 Andreas
748 1493 779 1547 II
805 1492 913 1563 legatos
941 1509 1007 1549 suos
1034 1495 1065 1548 P.
1093 1494 1212 1564 priorem
1236 1492 1335 1549 domus
1354 1493 1500 1565 hospitalis
1518 1495 1603 1549 totius

360 1582 525 1652 Huugariae
552 1586 580 1636 et
605 1579 796 1636 Alexandrum
822 1581 1014 1651 praepositum
1040 1580 1225 1634 transilvanae
1248 1581 1380 1636 ecelesiae
1405 1580 1539 1636 Venetiae
1567 1580 1603 1636 ad

361 1668 461 1724 ducem
478 1669 592 1724 Petrum
610 1664 689 1722 Ziani
707 1667 834 1733 misisset,
853 1666 959 1721 factum
977 1671 1020 1721 est
1038 1683 1158 1737 sequens
1177 1667 1308 1722 intereos
1321 1673 1447 1738 pactum:
1466 1667 1603 1723 Dominus

361 1773 410 1812 rex
428 1755 511 1811 debet
528 1754 594 1810 dare
613 1753 786 1824 privilegium
804 1753 958 1808 securitatis
977 1758 1004 1807 et
1022 1753 1093 1820 finis,
1113 1753 1189 1807 bulla
1207 1770 1292 1808 aurea
1303 1753 1474 1824 insignitum,
1492 1753 1605 1810 domiuo

361 1842 427 1898 duci
445 1847 473 1897 et
490 1840 681 1897 communitati
699 1839 888 1906 venetiarum,
908 1839 983 1909 quod
1003 1841 1192 1895 contentiones
1211 1839 1322 1896 habitae
1341 1839 1375 1895 de
1393 1841 1506 1896 civltute
1517 1840 1605 1896 Jadra

362 1935 391 1986 et
408 1929 469 2002 ejus
488 1927 659 2000 pertiuentiis
678 1932 844 1998 perpetuum
862 1926 946 1981 linem
964 1925 1093 1981 habeant
1112 1926 1231 1998 Insuper
1250 1926 1332 1981 debet
1348 1929 1511 1982 renunciare
1524 1944 1605 1982 cauo·

362 2017 425 2072 nieo
451 2016 496 2071 vel
521 2015 604 2085 legali
631 2018 659 2068 et
685 2019 802 2083 utroque
826 2013 882 2084 juri
909 2013 976 2068 reali
1000 2020 1028 2068 et
1052 2014 1191 2084 personali
1218 2029 1302 2084 super
1319 2013 1436 2070 Jadram
1453 2015 1503 2070 civ.
1521 2014 1602 2070 Idem

362 2102 536 2175 privilegium
562 2100 646 2156 debet
671 2100 785 2171 insuper
811 2101 975 2156 auctoritate
992 2099 1145 2172 apostolica
1172 2101 1280 2154 muniri.
1299 2101 1379 2156 Haec
1397 2102 1490 2156 omnia
1507 2102 1606 2158 confir·

365 2195 424 2244 mat
442 2189 617 2260 praepositus
635 2193 664 2243 et
680 2187 789 2257 legatus
807 2187 899 2257 regius
918 2193 1098 2242 sacramento.
1117 2187 1147 2242 P.
1166 2193 1259 2242 autem
1278 2187 1352 2258 prior
1372 2187 1401 2241 in
1422 2187 1518 2241 habitu
1538 2204 1606 2242 suae

362 2276 510 2346 religionis.
528 2275 675 2330 Praeterea
693 2273 824 2329 stabilivit
836 2273 894 2328 dux
906 2290 970 2328 cum
981 2275 1088 2343 legatis,
1101 2273 1176 2345 quod
1189 2273 1315 2328 homines
1327 2273 1472 2328 ambarum
1483 2274 1604 2344 partium

363 2365 392 2420 in
409 2361 545 2418 veniendo
563 2367 591 2416 55
608 2360 750 2416 redeundo
768 2359 847 2416 liberi
865 2362 920 2415 sint
932 2359 968 2414 ab
981 2360 1109 2416 omnibus
1123 2360 1315 2429 solutionibus,
1334 2362 1410 2416 salvo
1422 2362 1469 2422 illo
1482 2360 1557 2431 quod
1568 2361 1604 2416 de

363 2451 447 2506 rebus
465 2449 523 2504 suis
542 2449 760 2518 octuagesimum
777 2453 836 2502 tam
853 2447 882 2502 in
899 2447 1026 2514 Venetia,
1045 2463 1130 2518 quam
1147 2448 1176 2502 in
1188 2448 1320 2518 Ungaria,
1334 2449 1439 2504 solvere
1451 2453 1604 2504 teneantur.

363 2538 506 2593 Petierunt
523 2537 637 2608 insuper
653 2535 746 2606 legati,
765 2539 796 2589 ut
814 2535 872 2604 regi
890 2533 1106 2590 concederentur
1117 2551 1201 2590 naves
1214 2534 1250 2589 ad
1262 2535 1517 2606 transportandum,
1530 2535 1605 2606 quod

364 2625 424 2680 dux
441 2623 538 2679 annuit
564 2640 598 2679 ea
624 2623 742 2690 racione,
770 2621 845 2692 quod
874 2621 960 2688 navis,
979 2639 1050 2692 quae
1069 2622 1120 2676 erit
1137 2622 1307 2678 miliarorum
1324 2625 1384 2690 500,
1404 2622 1487 2678 debet
1504 2623 1606 2678 habere

364 2712 527 2768 marinarios
545 2712 587 2778 50,
606 2715 731 2766 materne
749 2715 842 2764 autem
859 2725 944 2764 naves
962 2709 1106 2764 habebunt
1123 2715 1312 2781 competentes
1331 2711 1494 2766 marinarios
1513 2711 1606 2782 plures
1691 2764 1693 2768 Α

365 2801 408 2856 vel
427 2799 579 2871 pauciores,
607 2797 760 2853 secundum
786 2797 921 2852 rationem
938 2797 1138 2866 magnitudinis
1156 2797 1199 2852 vel
1224 2797 1366 2868 parvitatis
1385 2815 1494 2865 earum;
1513 2804 1541 2853 et
1558 2815 1607 2853 rex

364 2885 466 2942 debeat
484 2885 589 2941 solvere
607 2901 658 2956 pro
685 2884 802 2940 navibus
826 2886 878 2940 500
895 2883 1044 2938 miliarium
1065 2886 1118 2940 550
1135 2884 1262 2939 marchas
1280 2885 1388 2954 argenti
1405 2889 1533 2941 monetae
1551 2884 1608 2940 Ve-

364 2975 515 3040 netiarum;
534 2974 557 3028 si
575 2973 653 3027 navis
671 2973 759 3027 maior
775 2971 865 3039 fuerit,
884 2973 947 3043 plus
960 2965 1089 3040 solvetur,
1107 2973 1131 3026 si
1143 2973 1232 3027 minor
1245 2971 1350 3041 minus3
1364 2971 1413 3027 sed
1426 2971 1502 3025 nulla
1514 2977 1606 3025 tamur

366 3061 417 3118 erit
434 3061 531 3128 minor,
550 3077 634 3131 quam
652 3065 837 3115 trecentorum
854 3059 1009 3114 miliarium.
1027 3060 1121 3116 Nares
1139 3059 1241 3114 debent
1258 3075 1320 3114 esse
1338 3064 1451 3130 paraus
1469 3057 1607 3128 usquead

365 3148 468 3204 festum
486 3147 560 3202 beati
576 3147 595 3203 J
596 3147 675 3203 acobi
694 3153 722 3202 et
738 3147 819 3202 ibunt
836 3146 982 3218 Spalatum
999 3153 1159 3220 recepturae
1177 3146 1281 3202 dietum
1299 3163 1393 3218 regem
1411 3153 1523 3202 stauos
1542 3161 1606 3200 cum

365 3235 450 3290 rebus
468 3235 525 3290 suis
544 3239 572 3290 et
590 3234 705 3304 equites,
725 3233 760 3288 sd
779 3233 947 3305 portandum
965 3250 1029 3289 eum
1049 3235 1120 3290 ultra
1137 3252 1220 3290 mare.

417 3322 530 3392 Ip'abid:
549 3321 705 3378 11555551.
724 3321 800 3378 Sicu.
817 3321 912 3377 merid.
931 3324 962 3392 1.,
978 3338 1008 3391 p.
1028 3326 1070 3375 29.

420 3447 512 3503 oxu.
530 3447 565 3502 A.
585 3449 660 3501 1217.
678 3445 805 3500 Andreas
823 3445 853 3499 11
871 3461 920 3500 rex
938 3444 1065 3500 concedit
1081 3445 1236 3501 libertatem
1254 3445 1423 3516 Tragurinis,
1442 3451 1474 3500 ut
1485 3447 1513 3500 iu
1532 3445 1609 3500 nulla

367 3551 452 3592 55555
478 3533 598 3589 debeant
624 3533 799 3603 respondere,
826 3549 878 3587 nec
904 3531 1044 3586 Domsldo
1071 3533 1173 3601 (comiti
1191 3533 1301 3604 spalat.)
1325 3550 1376 3588 uec
1404 3549 1455 3588 suo
1473 3533 1538 3599 filio,
1557 3549 1608 3588 uec

368 3621 450 3678 alicui
468 3621 546 3676 alteri
564 3636 708 3692 personae.
727 3620 866 3690 Praecipit
892 3619 1004 3674 insimul
1022 3619 1095 3675 dioto
1114 3621 1253 3676 Domaldo
1272 3625 1299 3675 ct
1317 3635 1369 3675 suo
1387 3619 1445 3674 filio
1464 3625 1606 3674 eteorum

367 3708 535 3775 homiuibus,
557 3725 593 3763 ne
610 3707 638 3761 in
665 3706 789 3762 diturum
815 3707 963 3762 molestent
989 3705 1144 3777 praedictos
1171 3707 1252 3773 cives,
1279 3707 1333 3760 nisi
1359 3705 1445 3761 velint
1470 3706 1609 3760 incurrere

367 3796 442 3866 regis
459 3794 685 3865 indignationem.
704 3793 858 3849 Oomendat
876 3794 958 3848 etiam
976 3795 1108 3863 magistro
1120 3793 1220 3850 domus
1233 3793 1336 3865 templi,
1348 3799 1380 3847 ut
1392 3793 1465 3847 cives
1477 3789 1609 3846 defendat

368 3887 464 3938 contra
482 3879 638 3953 praedictos
656 3881 778 3936 comites.
796 3881 902 3935 Datum
920 3897 969 3952 per
987 3897 1086 3935 manus
1104 3881 1203 3950 Ugrini
1221 3881 1301 3935 aulae
1319 3877 1481 3935 cancellarii.

421 3969 540 4024 Lucium
557 3968 691 4024 Memoria
708 3969 741 4024 aa·
760 3969 844 4023 ilari.
859 3984 890 4037 p.
908 3972 951 4024 29.

421 4073 529 4141 CXIII,
546 4073 581 4129 A.
600 4077 676 4130 1217.
694 4073 792 4128 Frater
809 4073 925 4128 Pontius
944 4072 979 4129 de
997 4089 1084 4140 cruce,
1103 4073 1214 4128 humilis
1232 4072 1364 4141 magister
1381 4070 1494 4125 militiae
1512 4069 1609 4140 templi

369 4178 418 4234 per
444 4161 596 4231 Ungariam
621 4167 648 4216 55
675 4159 841 4228 8155555555,
869 4167 896 4216 55
914 4161 1103 4217 locumteneus
1120 4160 1213 4230 regius
1236 4161 1265 4214 in
1285 4158 1397 4213 Oroatia
1415 4161 1443 4212 et
1460 4157 1609 4224 Dalmatia,

368 4247 500 4314 notificat,
528 4247 604 4318 quod
630 4265 694 4302 curu
719 4249 748 4302 in
775 4264 867 4315 55555,
895 4265 967 4318 quae
985 4247 1142 4302 vertebatur
1159 4248 1229 4302 inter
1248 4247 1376 4302 comitem
1393 4244 1564 4300 Domaldum
1582 4249 1611 4300 et

369 4335 509 4390 civitatem
526 4335 734 4406 traguriensem,
753 4341 896 4392 evocasset
914 4353 970 4390 uua
982 4353 1046 4390 cum
1058 4335 1119 4390 aliis
1131 4334 1272 4390 nobilibus
1285 4333 1394 4388 Oroatis
1407 4331 1503 4387 ambas
1516 4337 1610 4402 partes

368 4422 397 4476 iu
415 4423 600 4494 praesentiam
618 4439 698 4477 suam
716 4423 751 4478 ad
770 4423 884 4479 domum
902 4440 982 4478 suam
1001 4421 1123 4490 (militiae
1136 4422 1241 4492 templi)
1253 4423 1282 4475 in
1295 4437 1316 4474 s.
1330 4421 1412 4476 Petro
1425 4419 1460 4475 de
1472 4418 1608 4484 Boischie,

369 4509 489 4580 positam
507 4509 535 4564 in
553 4515 661 4565 terreno
688 4511 758 4564 iuter
783 4509 916 4564 Jaderam
943 4517 970 4564 et
996 4509 1129 4576 Vrsuam,
1156 4509 1260 4563 miserit
1290 4506 1446 4560 Domaldus
1469 4505 1609 4560 hominem

371 4611 453 4649 suum
472 4603 499 4650 st
516 4597 713 4666 Traguricnses
741 4597 859 4651 Dessam
886 4597 920 4650 de
947 4597 1031 4661 Luca,
1056 4597 1103 4666 qui
1133 4595 1324 4666 produxerunt
1341 4593 1446 4646 litteras
1463 4591 1562 4660 regias,
1580 4590 1608 4644 in

371 4682 472 4752 quibos
499 4683 561 4739 illos
588 4699 637 4737 rex
663 4684 789 4738 liberavit
816 4701 833 4738 a
856 4683 962 4754 judicio
988 4689 1046 4738 tam
1070 4682 1200 4739 Domaldi
1219 4697 1302 4751 quam
1322 4678 1449 4750 ejuslilii
1468 4685 1609 4732 eteorum
