3488 5380
736 475 881 522 memes.
1364 456 1428 524 195

242 641 370 700 bonvs.
388 643 536 712 Laterani,
555 647 597 699 21.
616 641 728 714 Aprilis
745 647 826 697 1254.
846 643 1028 700 Innocentius
1046 642 1098 700 IV.
1117 659 1192 716 popa
1210 643 1246 700 ad
1264 643 1427 716 petitionem

185 731 390 804 archiepiscopi
407 731 588 804 Spalatensis,
606 731 682 804 quod
700 745 764 788 cunr
781 731 934 786 intersum
952 736 979 786 et
998 730 1027 787 S.
1043 730 1314 804 archipresbyterum
1332 739 1359 788 et
1373 733 1428 788 ele·

185 821 261 874 riccs
279 819 411 876 eeclesiae
428 819 462 875 de
481 817 626 887 Sebenico,
646 819 824 890 traguriensis
836 818 979 887 dioecesis,
999 835 1084 891 super
1096 835 1138 886 eo,
1156 818 1232 890 quod
1249 819 1304 892 ipsi
1315 837 1333 876 a
1344 821 1426 877 iuris·

184 905 307 964 dictione
325 908 384 963 eius
394 924 424 962 se
434 907 596 963 subtrahere
613 908 772 975 niterentur,
792 907 907 962 materia
924 906 1095 976 quaestionis
1113 911 1209 963 exorta
1226 911 1308 976 esset,
1327 913 1355 964 et
1365 925 1422 966 me·

184 993 330 1050 disntibus
360 995 554 1052 archidiacono
584 1001 611 1052 et
641 996 781 1052 canonicis
811 994 943 1050 eeclesiae
972 993 1146 1066 spalatensis
1172 995 1326 1051 amicabilis
1356 997 1428 1052 inter

186 1087 284 1154 partes
302 1084 468 1156 compositio
484 1084 668 1151 intervenerit,
686 1085 777 1156 ipsam
786 1083 1013 1156 compositionem
1022 1082 1167 1139 confirmat
1179 1089 1207 1139 et
1217 1089 1306 1140 ratam
1315 1085 1425 1142 haheat

242 1169 362 1227 Lucios:
380 1173 513 1228 Menoeis
530 1172 562 1227 di
581 1173 658 1228 itast
672 1187 702 1241 p.
720 1174 763 1228 75.

238 1311 384 1369 DOLVlI.
412 1315 491 1368 1254.
514 1317 558 1370 23.
581 1313 699 1382 Aprilis.
727 1312 795 1368 Bele
818 1311 870 1368 IV.
894 1329 944 1368 rex
967 1317 1064 1369 notum
1088 1313 1162 1382 iacit,
1182 1312 1258 1384 quod
1279 1313 1424 1369 Johannes

185 1402 263 1458 tilius
281 1401 391 1457 Nicolai
407 1400 499 1456 fratris
520 1400 616 1471 Ugriui
633 1399 668 1456 de
686 1415 787 1471 genere
801 1399 885 1456 Olralr
902 1399 1047 1456 confessus
1065 1401 1108 1468 sit,
1126 1406 1229 1456 terrem
1248 1417 1328 1456 snam
1346 1399 1424 1457 Goth

185 1491 216 1545 in
235 1489 369 1545 comitatu
387 1487 502 1544 Albensi
520 1489 692 1556 existentem,
711 1503 783 1559 quae
801 1489 879 1559 prius
897 1493 970 1543 terra
995 1488 1181 1559 generationis
1206 1485 1364 1545 Guthlseled
1383 1489 1424 1545 di·

183 1578 257 1633 eitur
275 1578 406 1644 extitisse,
425 1575 569 1648 Stephano
588 1575 661 1631 bano
680 1575 765 1631 totius
790 1575 937 1631 Slavoniae
956 1576 1029 1643 (cum
1047 1575 1214 1644 consensui)
1238 1576 1424 1648 generationis

186 1663 348 1722 Guthkeled
367 1680 418 1735 pro
435 1665 471 1720 33
488 1663 588 1718 mareis
607 1663 803 1735 perpetualiter
822 1661 982 1718 vendiderit.
1000 1663 1086 1718 Porro
1104 1662 1250 1718 consessus
1268 1667 1312 1718 est
1323 1663 1423 1733 Beoha,

183 1752 261 1808 filins
273 1752 412 1818 Mochian,
425 1750 500 1822 quod
511 1759 635 1824 ternpore
646 1750 727 1805 famis
737 1756 801 1822 post
810 1750 944 1806 insultum
953 1750 1131 1806 Tartarorum
1141 1757 1242 1806 terram
1253 1768 1333 1806 suam
1341 1751 1424 1808 Dada

183 1842 213 1896 in
232 1841 366 1896 comitatu
384 1839 506 1895 Zabolclr
518 1839 596 1894 iuxte
613 1837 727 1910 Tyciam
736 1839 945 1910 praenominato
963 1837 1107 1909 Stephano
1123 1837 1196 1895 beno
1214 1854 1266 1910 pro
1277 1839 1312 1894 43
1324 1841 1423 1896 marcis

184 1927 386 2000 perpetualiter
403 1925 563 1982 vendiderit
581 1925 701 1980 Demum
719 1925 865 1982 confessus
875 1930 917 1982 est
935 1924 1086 1996 Gregorius
1096 1925 1169 1981 tilius
1186 1925 1288 1982 Hunth
1305 1927 1422 1996 comitis,

181 2031 213 2072 se
223 2016 417 2086 possessiones
436 2029 501 2069 suas
520 2013 647 2070 Garabsa
664 2011 773 2081 Budilo,
792 2019 820 2070 et
832 2011 930 2068 Genus
940 2013 1132 2084 interTicyam
1142 2019 1171 2068 et
1182 2013 1296 2069 fluvium
1307 2013 1423 2086 Budrug

181 2103 212 2158 in
231 2102 365 2158 comitatu
383 2101 499 2172 Zemlyn
516 2101 595 2155 iuxte
611 2099 741 2155 Karacha
760 2101 917 2170 existentes,
935 2099 1024 2156 eidem
1042 2099 1186 2172 Stephano
1207 2101 1282 2157 bano
1299 2119 1352 2174 pro
1370 2103 1422 2159 100

178 2189 285 2244 marcis
302 2189 408 2259 argenti
429 2187 593 2244 vendidisse.

237 2276 334 2344 nster.-
354 2276 444 2332 moen
462 2275 530 2346 dipl.
549 2275 643 2345 Hesp.
667 2275 715 2330 Vl.
732 2274 784 2330 ccl.
803 2279 828 2329 2.
845 2291 873 2345 p.
891 2279 953 2332 226.
983 2276 1104 2332 Wensel:
1127 2277 1191 2332 Ood.
1210 2275 1279 2346 dipl.
1295 2276 1419 2346 patrios.

186 2363 252 2419 VII.
273 2367 315 2420 43.

240 2521 408 2580 Donvm.
435 2521 568 2596 Requsii,
587 2525 631 2576 22.
648 2521 725 2579 Maii
742 2525 817 2580 1254.
835 2521 951 2578 Judices
969 2527 996 2577 et
1013 2538 1158 2579 commune
1176 2522 1293 2593 Ragusii
1310 2527 1337 2578 et
1353 2520 1422 2578 duo·

179 2609 275 2667 decim
292 2609 402 2666 nobiles
418 2611 511 2666 iurant
526 2612 636 2682 lupeno
654 2609 814 2666 Radosisvo
832 2617 860 2664 et
877 2610 938 2680 ejus
956 2609 1124 2681 proceribus,
1143 2626 1173 2665 se
1190 2627 1254 2666 curn
1266 2609 1302 2664 iis
1314 2609 1422 2665 firmam

201 2715 284 2754 acern
301 2703 458 2754 servaturos
476 2713 545 2754 esse.
563 2697 678 2752 Jnrant:
696 2696 801 2752 Vuien
820 2697 939 2766 ilignis,
958 2696 1091 2753 Mikulica
1108 2697 1275 2768 PedenJetit,
1294 2695 1421 2753 Andreas

180 2715 319 2856 denovit,
341 2786 474 2856 PetronJa
500 2785 615 2852 Bundit,
643 2785 743 2840 Petrus
760 2784 848 2852 Batoi,
876 2784 997 2840 Michael
1023 2784 1156 2854 Pietenit,
1184 2783 1274 2840 Vllras
1296 2784 1421 2854 Mudnik,

180 2872 343 2928 Demetrius
361 2872 505 2940 ldendetit,
523 2871 637 2928 Goislav
654 2872 763 2938 Krusic,
781 2871 1078 2940 chroelavlienovit,
1096 2871 1190 2927 Tuder
1203 2869 1331 2941 Bcdsdit,
1344 2871 1418 2927 lilar-

180 2961 243 3018 tolo
260 2959 321 3015 Ban
338 2960 520 3018 Vrsanlrovit.
583 3031 585 3036 Ι

236 3048 394 3104 Miltosicls:
413 3049 488 3103 lion.
505 3048 611 3104 serbiec
625 3065 655 3118 p.
672 3051 715 3103 42.

237 3188 366 3244 DCLIX.
393 3193 470 3245 1254.
490 3192 533 3242 22.
551 3190 631 3243 Maii.
658 3187 801 3244 Badcslav
818 3187 966 3243 chlmends
983 3187 1118 3258 lupenus,
1136 3185 1210 3241 filius
1227 3185 1357 3242 Andreae
1374 3205 1421 3244 eo-

182 3277 260 3333 mitie
279 3277 434 3340 dulmensis,
458 3293 522 3332 cum
550 3276 607 3331 suis
631 3276 812 3345 infrascriptis
830 3275 971 3330 nobilibus
988 3275 1062 3330 iurat
1078 3273 1217 3329 iudicibus
1234 3279 1263 3330 et
1280 3277 1420 3330 communi

182 3363 311 3434 ngusii,
329 3379 385 3434 qna
403 3363 493 3418 fidelis
511 3363 639 3418 subditus
658 3364 730 3433 regis
748 3363 896 3432 Ungariae,
915 3377 946 3417 ee
963 3379 1027 3416 cum
1045 3361 1195 3432 Ragusinis
1214 3377 1312 3432 penem
1330 3378 1420 3418 serva·

182 3457 287 3518 turum,
306 3467 370 3506 enm
388 3467 453 3520 rege
470 3451 543 3506 Urci
562 3467 611 3522 per
629 3455 731 3506 terrm
748 3455 777 3504 et
793 3467 843 3520 per
860 3465 936 3505 mare
953 3449 1058 3505 bellum
1075 3454 1229 3520 gesturum,
1252 3462 1318 3504 cum
1334 3450 1420 3521 impe·

183 3545 278 3594 ratore
296 3553 361 3593 vero
379 3537 526 3608 Belgariae
544 3537 682 3594 Michaele
700 3538 728 3592 in
750 3537 871 3592 amicitia
896 3537 965 3592 velle
992 3537 1091 3602 vivere,
1118 3551 1264 3606 quousque
1282 3537 1418 3606 Ragnsini

183 3643 250 3682 cum
268 3642 302 3681 eo
321 3641 418 3697 pacem
436 3631 538 3680 tenent.
555 3623 657 3680 Jnrant
674 3641 709 3680 ex
728 3623 935 3680 Ohlmensibus:
953 3623 1065 3694 Pribjen
1084 3623 1217 3692 Zlolevit,
1232 3623 1344 3680 Boislav
1362 3623 1417 3677 Mr-

181 3713 267 3780 losio,
286 3712 380 3770 Obrad
390 3713 530 3782 Ivanovit,
548 3712 661 3768 Simeon
673 3712 812 3783 Balgerin,
825 3711 978 3783 Prjedislav
990 3711 1134 3778 Vllrmirit,
1146 3711 1237 3767 Berko
1249 3709 1418 3779 Redcvanit,

182 3802 294 3871 Miltjen
321 3801 425 3867 Hrelit,
453 3799 570 3870 Bogdau
597 3800 763 3868 Prvoslavic,
790 3799 905 3870 Bogdau
932 3799 1081 3866 Radoevit,
1106 3798 1227 3853 Desimir
1245 3797 1418 3870 (lruJenovit,

182 3887 294 3960 Godjen
312 3887 465 3957 Ksajmirit,
492 3885 603 3943 Prodan
621 3887 802 3956 Pcbrenovit,
831 3887 930 3958 Hrelja
947 3885 1090 3956 Redienit,
1118 3885 1230 3941 Boislev
1255 3884 1418 3954 Radolerit,

182 3977 346 4049 cepitenene
363 3975 399 4031 dc
416 3975 516 4032 Imota

236 4063 395 4120 Mitiosicir:
412 4065 486 4118 Mon.
505 4062 609 4118 aetion
627 4079 654 4132 p.
676 4067 718 4118 44.

202 4273 206 4280 .
235 4221 350 4276 DOLX.
377 4222 545 4293 deumne,
570 4225 610 4276 11.
634 4221 710 4276 Jolii
732 4224 813 4275 1254.
840 4221 1021 4276 Innocentius
1039 4218 1091 4274 IV.
1110 4234 1184 4290 pape
1201 4215 1316 4272 mandet
1332 4215 1419 4271 archi·

185 4309 317 4379 episcopo
336 4307 466 4376 iadrensi,
486 4309 618 4380 episcopo
636 4308 815 4365 scardonensi
827 4315 855 4363 et
866 4307 1059 4364 archidiacono
1077 4307 1201 4372 nonensi,
1221 4308 1260 4370 ut,
1278 4304 1344 4372 quia
1363 4303 1419 4374 epi·

184 4411 286 4468 scopus
303 4401 331 4450 et
348 4396 501 4466 capitulum
528 4397 659 4452 eeclesiae
685 4397 878 4466 Traguriensis
904 4396 933 4450 in
960 4395 1100 4449 Dalmatis
1122 4392 1254 4463 petitione
1272 4407 1324 4445 sua
1341 4407 1418 4444 mou·

184 4487 312 4548 streruut,
332 4481 482 4553 quodlicet
493 4489 614 4538 cestrum
626 4483 811 4551 Sibenicense,
823 4481 999 4552 Traguriensi
1014 4479 1152 4546 ecclesiae,
1171 4495 1243 4549 qnae
1253 4477 1418 4534 cathedralis

185 4568 245 4638 init,
264 4588 282 4624 a
299 4577 424 4641 tempore
451 4571 532 4640 cujus
557 4571 690 4626 memorie
717 4588 772 4626 non
799 4570 899 4636 existit,
927 4570 963 4622 sit
989 4569 1050 4639 lege
1068 4567 1233 4623 dioecesana
1254 4565 1417 4632 subiectum,

186 4660 278 4713 tamen
296 4659 387 4714 clerus
405 4663 433 4714 et
450 4657 571 4729 populus
590 4657 655 4713 dicti
673 4658 756 4714 castri
775 4658 828 4712 snb
845 4658 917 4712 falso
936 4661 1086 4728 praetexto,
1105 4654 1181 4725 quod
1200 4651 1294 4710 sedem
1312 4653 1418 4724 episco-

185 4745 276 4815 palem
294 4746 429 4802 hactenus
453 4743 623 4814 habuissent,
642 4743 731 4801 eidem
748 4745 918 4816 Tragurinae
940 4743 1071 4800 ecclesiae
1089 4741 1210 4798 debitam
1234 4738 1418 4798 obedientiam

1315 4831 1335 4874 t
