3488 5380
339 361 404 426 244
842 384 863 424 1.
885 369 1082 442 unumunurn,

342 551 378 604 sit
396 553 590 606 consocerum
608 553 636 604 et
654 552 776 602 erectum
793 547 823 601 in
840 545 1029 618 principaliori
1047 545 1110 602 loco
1128 544 1255 610 docetor,
1274 541 1311 598 nd
1328 541 1476 598 utilitatem
1491 548 1520 598 et
1531 559 1586 598 esr-

332 638 436 692 sitium
460 637 546 692 totius
570 635 648 705 regni
667 641 696 690 et
713 633 749 690 nd
778 634 894 688 tutelam
918 632 1030 688 confinii
1054 631 1212 702 fundatum,
1236 630 1371 686 reluxerit
1395 630 1435 685 eis
1458 629 1585 686 debitum

338 724 522 780 ducentarum
541 739 693 794 pensurum
711 738 782 793 quss
799 721 874 776 cives
893 719 1018 776 ciusdem
1036 720 1118 774 castri
1137 718 1211 774 beno
1229 718 1341 774 nomine
1358 715 1479 772 domtus
1496 733 1585 773 sonu-

337 812 405 868 stim
424 811 530 867 solvere
548 809 723 866 tenebuntur.
744 809 864 880 Insuper
886 807 1065 878 compobsvit
1088 806 1226 862 civitstsm
1247 804 1363 861 liberem
1381 809 1408 860 et
1426 809 1585 876 exemptam

341 915 403 954 csse
421 898 458 953 sb
477 898 553 954 omni
566 896 761 968 jnrisdictione
779 895 947 967 episcopalis
970 894 1122 964 dignitatis,
1144 893 1338 965 praesentibus
1361 898 1390 948 et
1411 893 1585 948 consentien-

339 986 414 1041 tibus
432 986 565 1056 magistro
584 983 693 1040 Thobis
711 983 879 1055 praeposito,
897 998 970 1052 mag.
998 983 1079 1036 Petro
1097 980 1299 1050 nehidiooono,
1323 996 1396 1051 meg.
1420 979 1496 1035 Burs
1519 996 1584 1038 osu·

343 1079 412 1141 tore,
431 1073 578 1128 Prothssio
597 1070 714 1127 custode
731 1077 759 1126 et
777 1069 921 1141 Stephano
939 1068 1054 1125 decsno.

393 1159 522 1216 Tkoltic':
540 1151 614 1214 Mon.
633 1159 709 1214 civit.
730 1157 849 1228 Zourob.
873 1157 899 1210 Τ.
918 1159 941 1209 Ι.
961 1157 1029 1212 Doc.
1049 1160 1091 1210 36.

392 1299 610 1358 DCCOXVIII.
630 1301 705 1355 1261.
725 1300 792 1354 Belo
810 1298 862 1354 IV.
880 1314 929 1352 rex
947 1296 1082 1364 notiiicst,
1106 1296 1182 1367 quod
1200 1312 1266 1352 cum
1284 1296 1372 1362 Korei
1395 1297 1463 1353 civis
1481 1298 1586 1354 Voroc-

338 1388 442 1443 diensis
460 1388 485 1442 oi
503 1392 532 1442 et
550 1387 607 1442 tilio
626 1403 678 1442 suo
697 1385 840 1458 Stephano
859 1385 947 1439 mults
965 1384 1076 1440 servitis
1094 1388 1122 1440 ct
1139 1383 1275 1454 obsequis
1293 1385 1584 1456 praestitisseteidem

338 1475 375 1532 ob
394 1476 492 1530 merito
510 1491 562 1530 sus
580 1479 680 1528 terrem
709 1473 782 1530 Petri
805 1473 882 1528 Cslri
903 1471 1064 1544 jobsgionis
1088 1471 1252 1527 znlsdiensis
1275 1472 1358 1526 metri
1382 1473 1443 1527 sine
1465 1472 1585 1529 haerede

338 1562 505 1630 decedentis,
529 1562 559 1616 in
584 1561 676 1616 comit.
700 1560 788 1615 uelud.
807 1560 971 1615 existentem
989 1576 1054 1614 cum
1072 1559 1202 1614 omnibus
1225 1560 1405 1630 pertinentiis,
1426 1561 1498 1616 sicut
1521 1577 1585 1616 com

339 1649 416 1704 (irak
438 1648 528 1704 bonus
552 1647 764 1714 Transilvsnus,
791 1662 885 1703 comes
909 1645 945 1701 de
970 1647 1094 1714 Zounuc‚
1111 1647 1265 1702 secundnm
1290 1646 1454 1702 mundatum
1478 1649 1585 1719 regium

338 1735 562 1807 circumscripsit,
581 1735 699 1790 contulit
716 1735 769 1789 sub
786 1735 840 1790 hnc
857 1733 1030 1790 conditione:
1048 1741 1079 1789 ut
1098 1733 1201 1789 ibidem
1218 1734 1323 1790 debent
1334 1735 1506 1791 commorari
1526 1725 1586 1791 Me-

339 1830 433 1879 tsrum
451 1829 545 1878 sutem
568 1822 657 1894 prims
681 1822 778 1892 incipit
800 1822 829 1876 in
854 1820 945 1876 littore
970 1821 1063 1875 Dravo
1087 1825 1115 1876 et
1137 1820 1225 1876 tendit
1249 1821 1327 1876 iuxta
1344 1827 1445 1877 terram
1464 1821 1587 1878 Orucit'e

340 1927 442 1978 rorum,
461 1908 563 1963 obinde
582 1909 680 1964 mansit
705 1908 820 1963 flurium
845 1907 942 1976 Bugne
966 1912 993 1962 et
1017 1925 1067 1979 pcr
1086 1908 1201 1962 flurium
1220 1908 1365 1979 Bugniche
1392 1907 1469 1963 rodit
1490 1925 1588 1964 rcrsns

337 1995 480 2052 meridiem
506 1995 541 2050 sd
566 1995 686 2050 rivulum
705 1994 830 2050 Chernec
848 1994 896 2049 nbi
915 1995 943 2049 in
961 1994 1096 2050 distnncis
1114 2012 1131 2050 s
1148 1995 1229 2050 metis
1247 1994 1452 2051 cruciferorum
1471 1997 1585 2051 coniun-

339 2086 414 2156 gitur
431 2085 512 2138 metis
530 2088 619 2138 terrae
637 2083 665 2136 in
685 2083 773 2154 Gopij.
792 2083 880 2137 Tenet
898 2087 986 2138 motos
1004 2099 1069 2138 cum
1087 2083 1215 2138 Romano
1245 2089 1272 2138 et
1298 2099 1348 2154 per
1374 2083 1490 2153 longum
1511 2085 1589 2140 redit

339 2171 375 2226 sd
394 2172 514 2226 rivulum
534 2169 656 2240 Halyns.
675 2170 729 2225 Per
747 2170 821 2224 vium
839 2170 913 2224 venit
931 2169 967 2224 ud
988 2175 1102 2239 pontem
1129 2169 1178 2224 ubi
1206 2170 1321 2242 Hsiyns
1344 2169 1531 2242 dupplicatur,
1559 2177 1588 2227 et

340 2276 390 2330 per
408 2264 528 2313 veterem
546 2258 620 2312 rium
644 2257 680 2312 sd
705 2257 848 2314 fraxinum
865 2258 944 2312 iusto
966 2255 1060 2312 vilium
1081 2273 1166 2328 suprs
1183 2257 1304 2311 rivulum
1322 2256 1450 2328 Sceguus
1468 2257 1542 2312 cedit
1559 2258 1587 2313 in

339 2351 455 2401 suetum
474 2346 671 2402 exercitualem
691 2361 779 2418 prope
802 2343 916 2399 domum
934 2344 1048 2398 Martini
1066 2343 1116 2399 tilii
1132 2343 1264 2399 Ladizlui.
1287 2344 1332 2399 sb
1344 2345 1449 2400 oriente
1461 2343 1497 2400 sd
1509 2361 1587 2408 mon-

338 2434 455 2489 ticulum
483 2433 570 2490 Ozlos
599 2433 720 2502 gonche,
748 2449 798 2504 per
824 2432 915 2486 surim
942 2435 1031 2486 metas
1050 2435 1078 2486 et
1095 2430 1190 2486 vilium
1208 2430 1322 2503 Georgii
1346 2430 1438 2486 reddit
1461 2431 1497 2486 sd
1519 2433 1586 2487 litus

337 2522 456 2576 Drsvne.

390 2607 439 2662 Eu
458 2612 633 2675 transumpto
653 2605 775 2676 capituli
794 2606 970 2663 Otcsmensis
982 2607 1022 2662 ud
1033 2606 1194 2676 petitionem
1207 2605 1297 2661 Korei
1309 2607 1379 2662 dois
1397 2605 1586 2662 Vorosdiensis

337 2696 370 2752 de
389 2713 416 2752 a.
437 2701 517 2750 1365.
539 2695 627 2751 Carta
644 2695 752 2750 membr.
771 2695 802 2748 in
821 2693 934 2749 arctico
952 2695 1076 2750 ciuitatis
1100 2693 1294 2748 Varosdiensis
1313 2696 1392 2748 Foro.
1412 2696 1435 2748 1.
1453 2694 1491 2750 N.
1510 2697 1535 2748 5.

390 2835 576 2891 Doccxlx.
597 2837 673 2890 1261.
693 2833 855 2905 Capitulum
875 2835 1007 2889 ecclesiae
1032 2833 1227 2904 ngrubiensis
1252 2837 1409 2900 attestetur,
1428 2834 1503 2905 qnod
1522 2851 1587 2892 cum

339 2924 407 2978 Belo
424 2939 474 2978 rex
491 2923 587 2993 Hung.
606 2927 707 2976 terrum
734 2921 928 2976 Keminuchlrn
946 2923 973 2976 iu
992 2922 1125 2978 comitutu
1144 2919 1179 2976 de
1198 2921 1325 2976 Guerche
1344 2922 1477 2992 magistro
1501 2922 1585 2978 Petro

340 3011 500 3083 praeposito
529 3009 692 3064 Chusmensi
720 3014 748 3063 et
772 3009 849 3062 fratri
874 3007 998 3063 ciusdem
1023 3008 1136 3063 Andrus
1160 3008 1253 3063 comiti
1280 3008 1455 3078 contulisset,
1479 3015 1508 3064 et
1530 3009 1586 3066 Ro·

337 3096 438 3152 lnndus
457 3097 548 3152 banus
566 3097 652 3152 totius
672 3095 819 3152 Slsvonice
838 3097 886 3166 qui
904 3097 981 3168 ipsos
1005 3096 1040 3152 de
1065 3095 1197 3152 mundato
1225 3097 1302 3166 regio
1326 3096 1353 3150 in
1378 3098 1585 3168 possessionem

339 3185 478 3240 introduci
497 3183 620 3241 debebst
646 3185 800 3255 capitulum
819 3199 869 3255 pro
888 3185 1045 3239 testimonio
1059 3184 1189 3255 petiisset,
1200 3187 1358 3238 nominatus
1376 3183 1430 3238 init
1446 3184 1585 3241 Martinus

340 3272 481 3342 quondum
500 3277 597 3327 custos
616 3271 754 3326 sisciensis
773 3265 845 3326 tuoc'
858 3269 988 3326 sacerdos
1007 3271 1141 3326 dioecesis
1159 3269 1276 3341 Zugrsb.
1290 3269 1422 3326 ecclesiae
1434 3269 1463 3326 S.
1477 3263 1584 3327 Marino

340 3358 375 3413 de
393 3358 541 3430 Podgorje
560 3359 608 3430 qui
627 3375 684 3414 uns
701 3375 765 3413 cum
790 3358 924 3430 pristaldo
950 3357 1014 3412 bsni
1040 3357 1167 3426 Nicolno‚
1191 3357 1239 3428 qui
1263 3357 1364 3412 dictum
1383 3361 1484 3413 terrem
1507 3357 1584 3415 dioto

339 3446 472 3514 magistro
491 3445 574 3500 Petro
594 3450 621 3500 et
639 3445 700 3515 ejus
727 3445 799 3516 pstri
823 3444 951 3499 Andreae
975 3445 1194 3516 resignaverunt.
1218 3445 1312 3499 Primo
1333 3449 1408 3499 mets
1431 3448 1520 3500 terrac
1543 3446 1584 3500 in-

336 3531 404 3602 cipit
426 3549 444 3586 s
469 3531 552 3586 fluvio
578 3530 670 3602 Culpa
694 3537 722 3586 et
746 3531 822 3588 uadit
845 3549 894 3603 per
919 3548 1004 3586 unum
1027 3531 1171 3586 Meluknm
1197 3548 1286 3602 usquc
1311 3531 1346 3586 cd
1369 3531 1484 3587 fluvium
1508 3533 1582 3604 Bryn

336 3618 415 3672 iuxta
441 3623 542 3672 terrum
565 3619 647 3674 castri
673 3618 850 3674 Goricieosis.
885 3619 939 3674 Per
963 3620 1053 3673 vsrics
1077 3625 1165 3673 metas
1190 3623 1218 3674 et
1240 3619 1337 3674 silvam
1365 3617 1531 3690 paludosum
1556 3624 1584 3674 ct

341 3705 440 3758 silvam
460 3705 559 3773 Ligetk
578 3709 639 3774 (sut
660 3705 769 3774 Sigeti)
791 3705 986 3776 tenditurque
1005 3706 1039 3761 sd
1059 3711 1173 3760 stratum
1198 3705 1340 3777 publicem
1364 3721 1436 3774 quss
1455 3704 1531 3760 vadit
1547 3704 1583 3762 de

338 3791 455 3846 ecclesis
482 3790 510 3846 S.
537 3791 637 3847 Jsoobi
666 3809 763 3848 vorsus
790 3793 883 3848 locum
910 3793 1002 3848 curiae
1027 3793 1108 3848 castri
1134 3791 1313 3856 Goriciensis,
1341 3797 1369 3846 et
1391 3809 1440 3863 per
1464 3797 1581 3859 montes,

340 3877 426 3932 velles
445 3883 473 3931 et
491 3883 579 3933 metas
598 3883 702 3934 terreos
721 3885 749 3934 et
767 3880 880 3939 arbores
905 3879 1050 3936 descendit
1067 3882 1146 3936 iuxta
1164 3885 1265 3936 terrem
1282 3880 1364 3935 cnrtri
1382 3880 1410 3934 in
1428 3879 1537 3947 vollem,
1554 3885 1584 3937 et

338 3965 410 4019 viam
429 3981 502 4035 quse
522 3965 597 4022 vadit
615 3967 650 4020 de
668 3967 730 4022 loco
749 3969 842 4022 curiae
868 3967 1027 4022 Goricensis
1052 3967 1089 4022 sd
1114 3967 1228 4024 domum
1254 3968 1410 4038 Utnnyzlnv
1434 3973 1463 4024 et
1484 3969 1584 4023 usnsit

336 4052 363 4106 in
382 4052 496 4107 fluvium
514 4053 668 4124 Zsluztnyk
685 4059 713 4108 et
731 4053 805 4109 cadit
822 4055 850 4108 in
869 4055 990 4126 Gulpnm
1009 4055 1057 4110 ubi
1074 4056 1244 4112 terminetur.

390 4129 439 4193 nx
461 4141 533 4194 actis
554 4155 604 4209 per
627 4141 730 4197 bonnm
752 4141 1041 4214 Eiuro-Hedernciry
1066 4159 1100 4198 ex
1123 4143 1201 4214 repsi
1228 4142 1342 4198 archivo
1364 4140 1491 4198 addictis.
1509 4142 1583 4198 Acta

335 4227 505 4281 Mercatorii
522 4227 555 4280 de
573 4228 728 4283 Kamensko
747 4231 826 4284 Fosc.
846 4233 868 4282 l.
887 4230 924 4286 N.
944 4235 966 4283 1.

388 4367 556 4422 DCOOXX.
585 4371 663 4422 1262.
688 4367 832 4424 Rotundus
857 4369 947 4424 bsnus
971 4371 1056 4426 totius
1080 4370 1229 4427 Slnvonirc
1253 4374 1407 4435 attestetur,
1431 4369 1508 4440 quod
1530 4369 1581 4424 Be·

335 4455 420 4508 rizlnv
438 4453 561 4524 Volchk,
584 4454 697 4525 Stepnn‚
717 4455 821 4525 Vytko,
840 4456 964 4512 Vulchik
989 4457 1063 4510 filius
1086 4458 1166 4523 Rese,
1191 4456 1320 4527 Volohey
1344 4457 1418 4511 filius
1443 4455 1537 4512 Drnsk
1554 4459 1582 4510 et

340 4541 496 4610 Drsgosinv
516 4557 566 4613 pro
585 4559 616 4598 se
637 4546 664 4596 et
682 4541 813 4597 omnibus
832 4543 966 4614 proximis
985 4544 1190 4600 resmbulsntss
1203 4561 1265 4602 cum
1279 4545 1391 4601 homins
1402 4543 1469 4598 boni
1481 4547 1583 4598 terrem

343 4627 468 4698 lisgusu
487 4627 522 4683 de
541 4629 663 4686 Murtino
681 4635 812 4686 ventroso
827 4631 978 4704 jobngions
996 4631 1079 4686 csstri
1095 4631 1177 4702 ngr.
1189 4631 1407 4704 proposuissent,
1420 4629 1496 4702 quod
1507 4629 1582 4685 dicis
