3544 5344
684 353 828 398 asama.
1340 335 1381 399 61

136 517 270 574 ecclesiae
287 517 461 588 zagrsbiensi
484 517 639 584 contulerit,
662 533 726 572 eum
750 516 847 572 eadem
875 518 943 572 silva
967 519 1066 574 fuisset
1089 533 1139 590 per
1162 519 1311 590 quemdam
1331 521 1384 576 Sn-

135 605 256 674 dsgnam
274 605 406 660 ecclesiae
425 604 573 671 subtracta,
595 604 684 658 bonae
701 605 850 659 memoriae
862 605 1020 660 Felicianus
1042 607 1266 678 archiepiscopus
1285 608 1383 678 strigo·

134 693 245 758 niensis,
265 709 351 747 eausa
369 692 421 746 sibi
439 707 522 762 super
539 691 593 746 hoc
611 692 687 760 regia
704 693 868 747 anctoritate
886 694 1044 760 commissa,
1059 709 1108 765 per
1121 695 1286 748 sententiam
1298 695 1386 750 ecele-

136 779 194 836 siae
221 780 348 834 restituit
368 779 459 850 Super
477 795 533 848 qua
551 795 683 850 processu
701 781 833 850 temporis
861 779 1006 836 Adilbreth
1025 780 1109 835 irater
1126 781 1257 836 Kaladini
1275 783 1384 836 comitis

136 867 318 936 symegiensis
336 873 364 921 et
381 865 495 935 quidam
522 866 569 920 alii
595 873 741 920 moverunt
767 873 863 922 contra
889 867 993 922 dictam
1022 869 1167 922 eeclesiam
1195 885 1289 924 coram
1309 869 1384 924 dioto

135 953 345 1024 archiepiscopo
363 953 561 1023 quaestionem.
590 953 646 1020 Qu
664 971 715 1024 pro
743 954 858 1008 eeclesia
885 955 1049 1010 sententiam
1076 955 1271 1026 promulgavit.
1298 957 1383 1012 Hauc

138 1041 305 1094 sententiam
324 1039 425 1094 factam
443 1057 460 1094 a
480 1040 548 1094 1134
565 1039 704 1110 approbat
722 1057 795 1095 nuno
814 1058 894 1112 papa.

192 1145 321 1202 Tkolds'c':
339 1147 417 1201 Mac.
436 1147 517 1215 episc.
535 1161 610 1216 supr.
630 1148 653 1216 1,
668 1163 700 1216 p.
720 1150 759 1202 61.
779 1146 913 1202 mana:
930 1149 1009 1203 Mon.
1028 1148 1125 1218 Hang.
1142 1151 1166 1218 1,
1180 1165 1211 1218 p.
1232 1153 1275 1204 85.

189 1301 292 1357 CCIX.
311 1303 470 1375 Anagniae
488 1305 533 1360 24.
553 1303 628 1358 satit
644 1307 725 1359 1227.
750 1303 901 1374 Gregorius
918 1303 962 1358 IX
981 1321 1056 1376 papa
1074 1322 1200 1360 annuens
1219 1305 1382 1376 postulatio-

133 1389 217 1444 nibus
236 1389 373 1460 Aringerii
391 1390 590 1462 archiepiscopi
607 1391 738 1460 ragusini,
763 1390 799 1446 ad
818 1391 976 1462 exemplum
1001 1391 1244 1464 praedecessorum
1263 1410 1377 1448 suorum

15 1523 24 1544 ,
132 1477 296 1544 Innocentii,
314 1477 463 1544 Anastasii,
488 1477 610 1546 Adriani,
636 1477 787 1534 Alexandri
812 1485 839 1533 et
860 1479 966 1534 Urbani
985 1479 1148 1550 pontificum
1166 1479 1281 1550 suscipit
1298 1479 1375 1534 illum

132 1564 187 1618 sub
204 1564 231 1618 b.
250 1565 325 1619 Petri
343 1569 371 1619 et
389 1581 468 1619 suam
487 1565 694 1636 protectionem,
719 1567 909 1638 possessiones
934 1567 1065 1622 eeclesiae
1084 1567 1143 1621 eius
1164 1567 1315 1633 confirmat,
1335 1568 1376 1621 uti

132 1657 161 1705 et
179 1667 276 1706 omnes
295 1651 440 1722 parochias
459 1651 493 1705 ad
513 1669 575 1706 eam
599 1653 775 1723 pertinentes,
795 1653 897 1708 sedicet
920 1671 1037 1723 regnum
1055 1653 1239 1720 Zaohulmiae,
1258 1670 1375 1724 regnum

131 1737 273 1804 Serviliae,
292 1736 367 1808 quod
386 1743 429 1792 est
445 1738 546 1804 Boena,
560 1745 588 1793 et
598 1755 715 1808 regnum
726 1739 883 1806 Tribuniae,
896 1739 1035 1795 civitatem
1052 1757 1163 1811 quoque
1175 1742 1376 1798 catarinensem

131 1841 182 1880 ssu
201 1824 301 1892 Rosae,
329 1823 544 1892 budvanensem,
573 1827 782 1895 antivarensem,
806 1827 1012 1890 liciniatensem,
1038 1825 1232 1897 scodriensem,
1251 1827 1376 1884 drivasti-

128 1928 246 1966 nensem
265 1917 292 1966 et
310 1912 482 1982 polatensem
500 1929 562 1967 cum
582 1913 709 1980 abbatiis,
728 1913 850 1969 ecclesiis
868 1920 896 1968 et
914 1915 1050 1986 parochiis
1070 1915 1136 1982 suis,
1154 1921 1229 1970 ratas
1247 1914 1375 1970 habetet

129 1999 284 2065 confirmas
311 1999 388 2069 pallii
415 2015 526 2069 quoque
554 2015 635 2054 usum
660 2001 732 2056 ultro
759 2017 872 2072 quoque
896 2000 1028 2056 concedit.
1054 1999 1284 2072 Subscripserunt
1310 2019 1374 2057 cunr

22 2125 29 2138 .
129 2086 268 2155 Gregorio
295 2085 426 2156 pontifice
453 2085 586 2156 Gelagius
614 2086 771 2142 albanensis
799 2088 955 2160 episcopus,
987 2087 1133 2142 Conradus
1164 2089 1321 2159 portuensis
1348 2094 1376 2143 et

127 2189 152 2226 s.
170 2172 299 2226 rufisnsis
318 2172 475 2242 episcopus,
500 2173 608 2228 Gvidus
636 2174 868 2245 praenestinensis
893 2175 1049 2245 episeopus,
1075 2174 1201 2230 Oliverus
1220 2173 1375 2230 sabinensis

126 2260 286 2330 episcopus,
315 2259 473 2330 Stephanus
504 2261 634 2316 basilicae
663 2263 698 2316 12
727 2262 919 2333 apostolorum
948 2261 1039 2331 presb.
1067 2261 1228 2328 cardinalis,
1253 2261 1375 2316 Thomas

127 2363 151 2400 s.
170 2345 293 2404 Sabinae
310 2346 401 2418 presb.
421 2347 531 2414 cardin,
551 2348 683 2404 Octavius
701 2363 737 2402 ss.
756 2347 845 2418 Sergii
858 2353 886 2402 et
903 2347 1004 2402 Bacchi
1022 2347 1109 2404 dioec.
1128 2347 1210 2414 card,
1232 2348 1375 2403 Rainerius

126 2432 279 2489 alliarias
295 2433 324 2488 in
344 2433 487 2488 Cosmidin
505 2433 567 2488 diac
599 2434 682 2500 card,
708 2433 867 2505 Stephanus
891 2451 913 2488 s.
937 2434 1054 2490 Adriani
1076 2434 1146 2490 diac.
1174 2433 1256 2500 card,
1275 2435 1374 2490 Petrus

125 2538 147 2574 s.
169 2519 283 2589 Georgii
301 2519 337 2574 ad
356 2519 449 2574 velum
466 2535 581 2576 aureum
599 2520 669 2576 diac.
687 2521 762 2576 card.
780 2521 834 2576 Per
852 2537 951 2576 manus
970 2521 1094 2592 magistri
1113 2520 1249 2577 Sinibaldi
1267 2538 1373 2577 arom.

127 2607 197 2662 eccl.
219 2606 443 2662 ucecancellarii.

182 2711 313 2766 Parieti:
340 2711 421 2781 illyr.
439 2727 511 2768 sacr.
534 2711 581 2781 Vl,
601 2715 642 2768 96.
661 2713 710 2766 Ec
730 2717 906 2780 transumpto
933 2712 1074 2768 tumme
1100 2713 1209 2768 arctici
1235 2713 1373 2782 raamias.

15 2875 30 2885 .
127 2797 216 2854 ΜΗΘ.
233 2814 263 2867 p.
281 2800 307 2852 8.
326 2799 357 2852 ia
374 2813 435 2853 meo
452 2797 618 2854 collectione.
1435 2803 1437 2811 ⁴

183 2937 269 2992 CCX.
303 2939 405 3006 Reate
428 2942 471 2993 30.
495 2937 570 2992 Juiii
592 2942 671 2992 1227.
697 2939 848 3010 Gregorius
871 2939 915 2994 IX
940 2957 1014 3010 pape
1044 2945 1159 3010 accepta
1182 2939 1373 3008 quaerimonia

15 3019 22 3035 '
127 3044 144 3080 a
173 3027 307 3094 magistro
332 3031 360 3080 et
385 3024 516 3080 iratribus
534 3025 648 3080 militiae
665 3027 761 3096 templi
783 3027 812 3080 in
836 3026 984 3095 Hungaria
1006 3033 1033 3080 et
1051 3026 1189 3092 Slavonia,
1218 3026 1292 3096 quod
1320 3027 1374 3096 ipsi

127 3111 268 3178 domibus,
287 3111 366 3178 villis,
386 3111 609 3182 possessionibus
627 3118 655 3166 et
671 3112 755 3166 rebus
772 3113 834 3168 aliis
855 3131 873 3167 a
891 3112 1044 3168 Colomano
1061 3130 1127 3182 rege
1145 3121 1172 3168 et
1189 3113 1260 3168 duce
1278 3112 1375 3168 Slavo·

126 3201 192 3254 niae
209 3198 314 3252 luerint
331 3199 449 3270 spoliati,
468 3197 583 3253 mandat
606 3198 820 3254 Bartholomaeo
844 3200 976 3271 episcopo
997 3206 1025 3256 et
1042 3201 1211 3271 praeposito,
1229 3216 1261 3254 ac
1280 3199 1374 3253 abbati

127 3285 314 3342 cisterciensis
332 3285 444 3352 ordinis,
463 3285 597 3340 dioecesis
621 3285 925 3355 quinqueecclesiensis,
953 3293 985 3340 ut
1001 3287 1056 3358 ipsi
1073 3286 1174 3342 laetam
1189 3287 1250 3356 jam
1268 3285 1374 3357 pridem

127 3373 200 3428 iuter
218 3372 315 3427 ambas
334 3378 427 3443 partes
446 3373 683 3443 compositionem,
707 3380 814 3427 remota
840 3373 1035 3445 appellatione,
1055 3389 1268 3445 percensuram
1290 3371 1375 3428 eccle·

22 3469 37 3493 '
127 3461 270 3515 siastieam
287 3459 391 3514 faciant
409 3461 522 3514 firmiter
540 3459 688 3516 observari.

181 3564 280 3632 Feier:
300 3563 392 3620 Oodec
409 3565 480 3634 dipl.
498 3567 592 3635 Hesp.
614 3565 680 3633 111,
698 3565 749 3620 ool.
769 3566 806 3632 Il,
824 3581 852 3634 p.
872 3567 931 3618 112.

182 3702 284 3758 CCXI.
313 3707 356 3759 20.
382 3705 500 3774 Augusti
526 3708 606 3758 1227.
633 3703 767 3774 Magister
788 3703 923 3759 Nicolaus
959 3703 1031 3758 lilius
1055 3703 1130 3758 Petri
1153 3702 1189 3758 de
1215 3701 1374 3770 Ludhregh,

126 3792 225 3846 volens
244 3791 327 3845 saluti
345 3791 453 3846 animae
471 3808 538 3846 suas
557 3797 585 3846 et
602 3791 791 3862 proximorum
809 3807 923 3846 suorum
941 3789 1094 3861 providere,
1113 3790 1200 3845 donat
1218 3805 1298 3843 suam
1310 3805 1374 3859 pos-

128 3879 284 3932 sessionem
307 3879 465 3948 empticium
487 3877 615 3932 Vrazilaz
639 3879 667 3932 in
691 3878 817 3933 districtu
840 3877 1011 3947 zagrabiensi
1035 3877 1071 3932 de
1089 3877 1222 3931 comitatu
1241 3875 1375 3930 Morocha

127 3965 261 4020 ecelesiae
280 3965 353 4020 beati
371 3966 443 4034 regis
462 3965 604 4036 Stephani,
623 3971 651 4020 et
667 3965 740 4020 harre
758 3965 838 4020 offert
855 3966 884 4019 in
901 3965 973 4020 festo
992 3962 1123 4030 eiusdem,
1143 3961 1254 4017 maioris
1273 3963 1375 4016 missae

15 4043 18 4054 ’
129 4052 222 4107 cilicio
241 4052 383 4106 existente.
402 4051 433 4107 Si
451 4059 545 4107 autem
562 4053 715 4122 capitulum
742 4067 875 4122 processu
893 4051 1025 4123 temporis
1045 4050 1163 4105 voluerit
1180 4049 1253 4103 hane
1270 4055 1372 4102 terram

129 4137 194 4193 dare
213 4138 303 4204 alicui,
323 4137 455 4208 praediali
473 4156 557 4205 more,
577 4155 631 4192 non
650 4139 739 4208 possit
757 4138 823 4194 dare
841 4139 927 4204 alteri,
946 4155 1031 4208 quam
1049 4137 1130 4190 alicui
1148 4135 1184 4190 de
1202 4136 1262 4190 eius
1280 4134 1375 4189 haere·

17 4223 29 4239 ¹
130 4224 225 4286 dibus:
244 4233 336 4280 casim
353 4242 418 4280 vero
437 4241 488 4280 sua
506 4231 534 4280 et·
551 4242 666 4280 suorum
683 4225 834 4280 haeredum
852 4226 938 4280 Zelna
956 4231 983 4279 et
1001 4223 1138 4278 Bistricha
1156 4239 1219 4276 cum
1237 4222 1295 4276 suis
1312 4237 1373 4291 per-

15 4357 21 4372 .
129 4313 254 4368 tinenciis
281 4329 338 4367 uon
366 4313 473 4383 possint
499 4313 592 4382 aliquo
619 4312 711 4367 colors
739 4329 788 4384 per
814 4312 971 4368 detentores
996 4309 1121 4366 eiusdem
1139 4307 1324 4380 possessionis
1343 4307 1372 4360 in

131 4399 223 4470 aliquo
242 4398 345 4454 offendi
364 4400 406 4454 vel
424 4399 538 4454 turbari.

183 4503 311 4562 atrise:
330 4507 408 4563 Mon.
427 4507 508 4576 episc.
526 4521 603 4576 sagr.
621 4505 646 4574 I,
661 4522 691 4574 p.
710 4509 755 4559 57.
