3544 5344
723 500 867 542 errorem.
1374 484 1416 550 85

68 676 74 701 ¹
174 665 229 719 rint
248 681 298 736 pro
316 665 437 720 remedio
456 665 611 718 animarum
629 681 741 718 suarum
760 673 786 718 et
805 669 976 720 mortuorum
996 683 1109 721 suorum
1140 667 1247 724 Volunt
1266 675 1366 738 autem,
1387 676 1418 725 ut

70 750 71 756 ’
174 769 225 821 pro
246 753 365 822 primitia
388 752 455 806 dent
481 769 627 822 perparum
646 769 733 805 unum
751 758 778 806 et
796 758 887 806 ustam
912 753 1054 808 decimam.
1071 755 1141 809 Item
1160 763 1190 810 ut
1209 761 1417 824 monasterium,

174 837 250 910 quod
270 857 333 893 curn
352 839 409 892 suis
428 839 548 892 denariis
574 839 600 892 in
624 839 685 893 loco
704 839 799 893 Brclas
823 845 1037 895 construxerunt
1061 841 1096 895 ad
1120 843 1253 898 honorem
1277 861 1298 898 s.
1317 846 1417 900 Jacobi

173 943 226 996 ap,
254 927 451 998 perpetualiter
475 927 510 980 sit
535 927 587 980 suh
612 927 781 996 protectione
805 928 946 982 Pontificis
971 929 1096 994 Romani,
1116 931 1186 984 sicut
1210 931 1366 986 continetur
1388 932 1416 985 in

66 1057 73 1103 t
173 1013 318 1082 privilegio
337 1013 456 1068 Honorii
476 1031 565 1083 papae
584 1021 612 1067 et
629 1014 656 1066 in
675 1023 752 1066 curta
779 1014 884 1068 domini
903 1015 1020 1080 Acontii,
1046 1015 1207 1071 subdiaconi
1227 1017 1245 1071 d
1272 1035 1370 1088 papae,
1390 1025 1418 1073 et

172 1100 311 1169 capellani
329 1099 468 1170 legatique
488 1100 561 1154 sedis
572 1101 751 1170 apostolicae,
770 1103 842 1156 etin
861 1109 944 1168 carta,
964 1120 1048 1172 qnam
1067 1103 1201 1172 presbiter
1213 1103 1349 1158 Gataldus
1368 1123 1416 1160 no·

172 1187 260 1240 tarius
271 1188 297 1240 in
308 1187 534 1258 archiepiscopali
549 1189 650 1257 palatio
670 1187 792 1257 scripsit;
811 1189 914 1252 volunt,
936 1195 965 1242 ut
983 1189 1055 1242 idem
1075 1191 1416 1246 monasteriumconsistat

171 1273 226 1326 sub
245 1275 341 1342 regula
366 1291 386 1327 s.
406 1274 546 1329 Benedicti
566 1282 593 1328 et
611 1275 664 1328 sub
682 1275 807 1328 custodia
826 1276 934 1328 abbatia
959 1283 986 1330 et
1003 1277 1118 1331 fratrum
1137 1277 1175 1331 ibi
1192 1277 1359 1348 degentium.
1379 1310 1413 1319 -

170 1360 287 1414 Donant
300 1361 323 1414 ei
337 1362 431 1416 vineas
444 1367 471 1415 ct
488 1369 583 1428 terras,
603 1379 674 1431 quae
693 1368 757 1416 srrnt
774 1363 801 1416 in
812 1363 901 1429 Brelo,
921 1370 948 1417 et
965 1365 1059 1418 macas
1076 1365 1105 1418 in
1117 1365 1253 1434 Vergatto
1271 1371 1299 1420 et
1316 1373 1410 1434 terras,

172 1463 246 1516 qnae
258 1449 394 1518 incipiunt
412 1449 571 1519 aspelunca
584 1451 707 1502 Mauritii
720 1455 747 1503 et
759 1449 863 1503 vadunt
877 1467 964 1519 usque
978 1450 1012 1505 ad
1025 1453 1230 1518 monasterium,
1250 1459 1278 1507 et
1289 1453 1413 1520 domum,

171 1551 244 1602 quae
270 1541 311 1588 est
335 1536 363 1589 in
388 1537 534 1590 Pusterula
557 1553 620 1590 curn
638 1536 804 1603 molendino,
831 1545 858 1591 et
877 1543 940 1606 post
958 1542 1074 1592 mortem
1092 1554 1172 1593 suam
1190 1539 1312 1606 domurn,
1340 1557 1412 1610 quaa

172 1619 226 1674 fuit
245 1623 331 1691 patris
349 1623 549 1688 Dobroslavae‚
575 1639 647 1692 quae
672 1631 713 1676 est
736 1622 771 1676 ad
796 1623 868 1678 latus
894 1623 993 1678 doinus
1011 1624 1160 1679 Dabranae
1178 1627 1307 1682 Ptochuli
1326 1633 1353 1681 et
1372 1633 1415 1682 est

171 1709 354 1779 superviam,
375 1727 446 1780 quae
465 1709 607 1764 descendit
625 1710 660 1763 ad
680 1725 812 1778 magnum
830 1717 996 1764 mereatum·
1005 1711 1042 1764 Et
1060 1709 1181 1778 domum,
1200 1729 1285 1784 quarn
1304 1714 1370 1768 emit
1386 1713 1413 1767 J.

172 1813 189 1850 a
210 1797 319 1850 Marino
339 1797 444 1862 Zrieue,
464 1815 535 1868 quae
554 1796 653 1852 domus
672 1795 841 1866 fuitCapalii
860 1803 887 1848 et
905 1795 940 1849 de
957 1795 1065 1850 Jaehna
1084 1803 1111 1851 et
1123 1805 1166 1853 est
1178 1798 1213 1853 de
1224 1799 1309 1854 latare
1323 1799 1414 1870 pelagi

170 1890 198 1936 et
216 1883 441 1938 confinatdomui
452 1884 572 1938 Catenae
583 1883 683 1951 Debigi
703 1887 730 1936 et
747 1882 850 1947 domui,
870 1898 924 1951 que
943 1883 994 1935 fuit
1012 1883 1098 1952 patria
1115 1884 1266 1951 Johannis;
1285 1892 1312 1938 ct
1330 1886 1413 1938 istam

170 1969 286 2022 domurn
305 1970 391 2038 patris
409 1969 545 2024 dederunt
569 1969 728 2024 Grubessae
753 1969 830 2022 fratri
848 1968 875 2021 J.
895 1985 966 2037 quae
984 1969 1083 2022 domus
1102 1971 1225 2026 confluat
1243 1972 1326 2026 etiarn
1344 1971 1415 2026 aliae

170 2054 269 2110 domui
289 2057 373 2126 patris
387 2056 538 2122 Michaelis,
558 2057 585 2109 in
605 2072 659 2125 qua
678 2073 752 2109 nunc
770 2063 863 2108 manet
881 2055 954 2108 idem
964 2055 1114 2110 Grnbessa.
1133 2057 1242 2112 Vaeeas
1261 2063 1288 2112 et
1306 2075 1415 2128 pecora,

171 2159 245 2212 quae
264 2149 329 2196 sunt
347 2143 374 2196 in
394 2150 466 2196 terra
484 2160 563 2210 nova,
591 2143 730 2213 relinqunt
748 2148 812 2212 post
830 2149 947 2198 mortem
965 2143 1099 2197 coenobio
1118 2149 1145 2197 et
1163 2145 1258 2200 vineas
1276 2143 1311 2198 de
1329 2143 1414 2199 Gion·

170 2230 263 2283 chetto
276 2247 339 2284 curn
353 2230 480 2284 omnibus
494 2231 665 2300 pertinentiis
678 2237 705 2283 et
717 2229 865 2282 mobilibus
878 2229 968 2282 rebus.
983 2230 1019 2282 Et
1032 2247 1128 2284 ornnes
1140 2230 1233 2296 libros,
1247 2236 1274 2284 et
1286 2237 1413 2299 quartam

62 2306 70 2321 ⁴
169 2322 277 2386 partem
295 2318 373 2370 navis
388 2317 479 2386 Striga
491 2323 518 2371 et
530 2319 639 2370 tertiam
651 2323 757 2386 partem
777 2317 889 2370 alterius
902 2316 987 2380 navis,
1007 2321 1034 2368 et
1046 2316 1209 2384 naviculam,
1229 2325 1256 2372 et
1268 2333 1411 2372 arscanam

169 2411 198 2457 et
216 2404 291 2458 retia.
311 2405 349 2457 Et
367 2421 416 2474 pes
435 2421 456 2457 e.
474 2403 573 2458 Jacobi
591 2403 731 2456 laboretur
748 2402 783 2456 de
804 2419 859 2456 una
868 2401 939 2455 libra
960 2404 1065 2472 argenti
1087 2409 1114 2456 et
1135 2403 1215 2458 detur
1236 2405 1412 2458 monasterio.

169 2489 320 2544 Testantur
332 2492 415 2546 etiarn
427 2490 572 2561 pecuniam
582 2489 710 2544 omnibns
724 2489 780 2542 ferc
793 2489 914 2542 ecclesiis
924 2489 1090 2558 Ragusanis,
1100 2490 1262 2544 nominatim
1276 2490 1412 2545 adductis.

168 2577 272 2632 Servos
291 2585 318 2631 et
336 2577 449 2630 ancillas
468 2577 673 2646 proclamarunt
691 2576 800 2641 liberos,
820 2581 847 2629 et
865 2576 971 2645 scapuli
990 2575 1092 2629 vadant
1104 2592 1153 2646 per
1164 2577 1182 2630 4
1195 2581 1287 2646 partes
1305 2575 1408 2630 mundi.

167 2665 282 2719 Testes:
303 2663 449 2718 Mathaeus
469 2663 602 2718 Bodatiae
618 2663 713 2734 judex,
734 2662 832 2717 Vitatis
843 2661 916 2715 filius
925 2661 1043 2716 Joannis
1054 2661 1182 2716 Coledae.
1201 2661 1349 2732 heabyter
1358 2661 1410 2716 Pa·

167 2751 271 2806 schalis
289 2751 413 2805 notarius
432 2751 549 2820 scripsit.

220 2838 354 2892 Farlati:
375 2837 456 2908 illyr.
476 2837 553 2892 Saer.
574 2837 603 2892 T.
628 2838 673 2890 VI.
694 2841 735 2889 93.

221 2977 360 3032 CCXCII.
388 2979 521 3050 Raqusii,
549 2981 572 3031 4.
592 2977 745 3031 Februarii
768 2979 848 3028 1234.
876 2975 1034 3045 Stephanus
1062 2973 1222 3042 (Radoslav)
1248 2991 1297 3028 rex
1321 2974 1408 3028 totius

166 3065 285 3120 Bassiae
304 3073 332 3119 et
351 3065 500 3120 Tribuniae
519 3065 630 3118 veniens
649 3063 804 3132 Ragusium
823 3069 850 3117 et
867 3061 1016 3116 honorifice
1029 3066 1156 3131 receptus
1169 3079 1186 3114 a
1199 3060 1307 3114 Comite
1327 3061 1410 3114 Petro

165 3153 341 3206 Boleslavich
361 3159 389 3205 et
406 3151 553 3206 Theodoro
576 3151 696 3204 Krusieh
716 3157 743 3204 et
762 3156 855 3203 stota
878 3149 1074 3202 communitate
1096 3147 1214 3202 civitatis
1233 3153 1260 3202 et
1279 3147 1407 3202 omnibus

166 3238 310 3293 nobilibus
329 3257 345 3292 a
364 3255 449 3308 parvo
468 3255 556 3307 usque
568 3237 604 3290 ad
614 3253 746 3306 magnum
756 3235 988 3304 consideransque
1001 3251 1097 3288 eorum
1110 3235 1219 3288 servitia
1232 3241 1259 3288 et
1272 3233 1409 3289 exhibitos

163 3327 295 3391 honores,
320 3325 415 3378 tribuit
441 3325 480 3379 ais
504 3325 629 3378 libertate
653 3323 787 3390 veniendi,
812 3321 896 3376 eundi
915 3329 942 3375 et
960 3319 1093 3375 redeundi
1111 3339 1175 3375 cum
1193 3322 1251 3375 suis
1269 3321 1428 3375 mercibus·

164 3431 217 3484 per
234 3419 323 3467 totum
342 3429 458 3481 regnum
477 3429 559 3466 suurn
577 3417 605 3464 et
623 3428 672 3481 per
690 3417 790 3463 terram
809 3409 984 3463 Zachulmiae
1004 3413 1031 3462 et
1049 3408 1140 3474 Zetae,
1166 3415 1193 3461 et
1216 3407 1315 3462 liberat
1333 3407 1373 3460 eis
1392 3423 1409 3460 a

165 3499 305 3571 portoriis,
324 3498 493 3568 quibuslibet
511 3496 669 3552 dationibus
688 3503 716 3550 et
733 3513 750 3549 a
769 3495 844 3550 datio
866 3495 900 3548 de
922 3494 1016 3558 aneis,
1036 3510 1105 3562 quas
1124 3494 1284 3564 plantarunt
1301 3493 1329 3546 in
1350 3493 1409 3546 eius

164 3595 383 3728 terrhiltiperht:
400 3672 479 3726 Mon.
498 3671 612 3726 Serbica
627 3687 656 3739 p.
676 3673 717 3721 19.

219 3812 378 3867 coxam.
396 3812 545 3881 Laterani,
564 3815 604 3864 13.
623 3810 704 3865 Febr.
722 3813 796 3864 1234.
823 3807 972 3876 Gregorius
991 3807 1035 3860 IX
1053 3821 1128 3876 papa
1146 3803 1260 3858 mandat
1278 3803 1407 3858 omnihus

163 3901 381 3971 archiepiscopis
406 3907 434 3954 et
451 3899 598 3970 episcopis,
626 3895 773 3952 abhatibus
793 3901 820 3949 et
847 3894 907 3948 aliis
935 3894 1064 3964 praelatis
1091 3909 1124 3946 ac
1152 3891 1284 3946 universis
1304 3889 1406 3944 Christi

163 3987 304 4053 fidehbus,
324 4003 373 4058 per
392 3987 552 4052 Caracclae,
580 3986 688 4050 latram,
714 3983 889 4047 Dalmatiam,
915 3981 1044 4047 Bosnam,
1064 3979 1213 4041 Oroatiarn,
1239 3978 1363 4032 Servium
1381 3983 1409 4032 et

163 4075 235 4129 alias
253 4081 346 4145 partes
366 4073 514 4130 Slavoniae
532 4072 695 4137 constitutis,
715 4075 747 4124 ut
764 4071 883 4140 priorem
900 4084 913 4121 s
935 4067 1138 4122 Bartholomaei
1150 4065 1186 4120 de
1197 4064 1327 4131 Trisulto,
1345 4069 1406 4118 tan·

162 4180 250 4232 quarn
268 4161 341 4218 sedis
360 4161 528 4233 apostolicae
546 4161 675 4229 legatum,
694 4158 840 4228 recipiant;
859 4173 922 4210 cum
939 4155 967 4208 in
986 4155 1089 4209 Bosnia
1102 4159 1129 4208 et
1141 4152 1236 4208 ricinis
1258 4150 1405 4222 provinciis

163 4267 268 4320 magns
286 4249 367 4321 eopia
385 4247 555 4320 perfidorum
573 4245 730 4312 excreverit,
749 4244 824 4315 quod
843 4245 899 4300 iam
917 4247 976 4296 tota
993 4247 1066 4296 terra
1084 4241 1159 4294 velut
1177 4239 1285 4293 deserta
1302 4238 1404 4306 lugeat

218 4355 351 4408 Thamar:
371 4353 448 4409 Mon.
466 4359 516 4408 oet.
535 4355 627 4421 Harey.
647 4354 679 4419 1,,
694 4368 725 4419 p.
745 4353 804 4402 122.
824 4351 920 4417 Fejer:
942 4347 1007 4401 Ood.
1026 4345 1095 4414 dipl.
1114 4345 1170 4399 ΙΙΙ.
1189 4359 1213 4396 a.
1234 4343 1281 4410 IL,
1296 4357 1326 4409 p.
1341 4345 1404 4394 379.

217 4493 368 4549 CCXOIV.
388 4493 533 4564 Traqurii,
552 4495 593 4545 18.
612 4491 762 4544 Februarii
780 4493 856 4545 1234.
877 4485 1055 4542 Praesidente
1073 4498 1182 4537 summo
1195 4479 1325 4549 ponhlios
1338 4479 1406 4535 Gre-

162 4581 243 4652 gorio
253 4581 302 4646 IX,
313 4579 426 4635 Andrea
436 4581 517 4635 tertio
528 4577 578 4646 (ΙΙ)
588 4583 734 4647 regnatore
743 4575 905 4644 Hungariae
915 4573 1095 4643 gubernante,
1109 4570 1257 4637 Treguano
1267 4566 1406 4636 episcopo,

162 4667 307 4739 Stephano
326 4667 433 4732 comite,
450 4665 590 4735 judicibus
610 4681 653 4718 ser
664 4663 767 4718 Oasoto
786 4660 954 4717 etSaladino
966 4658 1092 4728 Tragurii
1105 4652 1295 4710 existentibus.
1314 4653 1405 4706 Dessa

160 4756 256 4810 Lucae
276 4754 417 4824 quondam
436 4754 518 4821 iilius,
542 4769 659 4808 assensu
678 4751 780 4807 Stanaa
799 4749 893 4804 uxoris
912 4763 980 4802 suae
998 4743 1121 4816 disponit
1139 4745 1312 4805 testamento,
1331 4738 1407 4809 quod

1284 4832 1301 4891 6
