3464 5382
685 419 829 464 rueme.
1317 395 1378 456 115

196 587 377 646 ccoxom.
395 587 542 654 Laterani,
562 589 641 638 mo.
661 589 704 639 30.
724 583 807 638 Maii.
835 581 987 652 Gregorius
1005 581 1055 636 IX.
1074 595 1148 651 papa
1165 579 1248 634 mittit
1266 578 1380 650 pallium

143 679 230 736 010010
247 676 377 733 Jadrensi
395 675 431 730 ad
449 673 611 747 petitionem
629 673 688 728 eius
706 672 865 728 nuntiorum
884 668 1032 740 Grisogoni
1050 667 1174 724 canonici
1192 665 1336 724 Jadrensis
1355 670 1382 721 et

144 764 291 837 Symeonis
309 762 462 836 presbyteri
478 761 515 818 de
532 761 664 818 venetiis.

198 851 328 908 1110111011
347 852 423 906 Mea.
442 849 631 906 8100100110.
650 851 673 903 1.
689 865 718 918 p.
738 852 781 902 96.

197 956 375 1014 cccxcw.
393 956 542 1024 Laterani,
561 957 637 1010 1240.
658 959 683 1008 0.
700 954 791 1010 danii.
811 954 962 1026 Gregorius
977 954 1029 1009 IX.
1043 971 1117 1025 papa
1134 952 1285 1026 respondet
1302 953 1381 1007 Golo-

144 1063 228 1101 mano
245 1044 304 1114 regi
328 1043 436 1099 0111001
454 1042 615 1100 slavorum:
641 1057 706 1096 cum
733 1057 782 1113 per
808 1043 935 1096 nuntium
960 1057 1042 1096 suum
1060 1041 1182 1108 Petrum,
1209 1039 1324 1096 latorem
1341 1055 1383 1092 re·

145 1132 249 1205 sponsi,
277 1131 454 1202 postulasset,
481 1128 556 1201 quod
583 1145 647 1184 cum
674 1127 846 1200 Spalatcnsis
873 1128 988 1183 ecclesia
1015 1135 1128 1198 propter
1155 1127 1276 1198 plurium
1299 1126 1381 1182 male·

144 1221 281 1275 factorum
298 1219 425 1273 incursus
442 1216 478 1272 ad
496 1217 572 1272 illam
589 1215 730 1272 devenerit
747 1220 906 1286 egestatem,
925 1221 956 1270 ut
974 1215 1196 1287 archiepiscopus
1211 1214 1383 1286 spalatensis

145 1307 239 1362 subire
262 1304 446 1361 mendicitatis
469 1303 650 1376 opprobrium
678 1303 865 1374 compellatur,
893 1301 991 1358 suadet
1015 1303 1103 1374 ipsius
1127 1310 1308 1375 spontaneam
1326 1317 1383 1357 ces·

145 1395 253 1451 sionem
270 1393 391 1464 recipere
410 1397 438 1446 et
455 1390 571 1447 eandem
597 1392 741 1446 ecclesiam
768 1391 845 1445 unire
863 1390 1034 1461 zagrabiensi
1056 1391 1195 1458 ecclesiae,
1222 1387 1384 1462 praesertim

145 1499 211 1538 cum
229 1481 288 1536 dux
306 1483 420 1551 paratus
438 1479 539 1534 existet
556 1477 688 1534 ducatum
711 1478 859 1536 Slavoniae
882 1478 1053 1550 zagrabiensi
1071 1479 1202 1550 episcopo
1221 1495 1271 1548 pro
1289 1477 1383 1530 melio·

147 1567 237 1624 rando
258 1572 333 1622 statu
350 1567 439 1638 ipsius
458 1565 628 1636 spalatensis
647 1566 778 1622 ecclesiae
795 1565 901 1622 liberali
925 1567 1027 1637 pietate
1045 1565 1180 1631 conferre;
1208 1579 1303 1619 verum
1320 1579 1382 1617 cum

146 1657 175 1710 in
192 1661 272 1711 tanto
289 1654 401 1724 negotio
419 1653 455 1708 011
471 1653 629 1708 maturitate
647 1654 759 1724 praevia
777 1652 991 1725 procedendum,
1010 1669 1094 1724 super
1111 1651 1213 1707 unione
1225 1647 1385 1704 huiusmodi

145 1743 248 1814 requiri
266 1740 348 1798 debet
365 1756 496 1796 assensus
514 1741 714 1812 archiepiscopi
732 1741 884 1798 colocensis
902 1741 999 1812 Ugrini
1013 1757 1045 1796 ac
1058 1739 1179 1812 episcopi
1198 1737 1384 1808 aagrabiensis

147 1829 282 1902 Stephani
300 1834 328 1884 et
345 1827 531 1899 capitulorum
551 1827 687 1883 dictarum
704 1828 890 1898 eeclesiarum,
917 1828 992 1899 quod
1012 1835 1105 1884 autem
1122 1826 1187 1882 inde
1205 1826 1295 1892 faciet,
1322 1841 1384 1896 pro·

146 1933 228 1974 cassu
245 1916 378 1987 temporis
397 1915 497 1987 poterit
513 1914 572 1971 sedi
584 1915 753 1987 apostolicae
770 1917 904 1984 intimare,
924 1921 955 1971 01
973 1933 1056 1988 super
1067 1915 1121 1970 boc
1133 1913 1270 1986 provideri
1288 1913 1385 1984 possit.

198 2005 331 2060 Kolone:
348 2003 419 2059 Hiat.
433 2004 496 2058 crit.
513 2003 552 2072 V„
569 2005 632 2058 887.
650 2004 746 2071 scier:
764 2004 822 2060 cod.
835 2005 897 2073 dipl
917 2007 1010 2074 111010.
1022 2003 1075 2072 IV,
1093 2005 1117 2055 1.
1133 2020 1161 2073 p.
1173 2005 1232 2057 183.
1253 2001 1384 2056 111010οε

147 2095 221 2148 lion.
239 2097 289 2146 act.
308 2091 404 2161 Hunc.
423 2091 445 2143 Ι.
465 2094 524 2144 170.

200 2177 364 2234 GGGXGV.
382 2181 416 2234 lm
433 2179 547 2248 Zolum,
565 2181 641 2234 1240.
659 2183 684 2235 2.
702 2179 767 2234 idm
786 2181 912 2250 Augusti.
936 2180 1003 2234 Bela
1020 2179 1072 2234 IV.
1091 2195 1140 2234 rex
1158 2180 1290 2246 notificat,
1309 2179 1384 2250 quod

147 2285 211 2324 cum
225 2267 293 2322 Jula
305 2264 394 2321 banus
412 2265 561 2336 quondam,
579 2264 614 2320 dc
632 2282 733 2335 genere
750 2266 839 2333 Kean,
858 2283 908 2337 pro
926 2267 1072 2321 manifesto
1090 2267 1260 2322 infidelitatis
1271 2266 1385 2321 crimine

148 2373 197 2428 per
215 2371 295 2410 suam
312 2361 341 2410 et
357 2353 448 2408 fratris
476 2354 519 2408 sui
544 2353 688 2409 Golomani
706 2354 779 2424 regis
797 2359 825 2408 et
842 2353 920 2408 ducis
937 2355 1022 2408 totius
1047 2353 1194 2409 Slavoniae
1213 2371 1245 2409 ac
1263 2353 1385 2410 omniurn

147 2444 284 2498 baronum
302 2459 416 2498 suorum
434 2441 599 2496 sententiam
616 2441 715 2496 fuisset
731 2441 943 2516 condemnatus,¹
957 2460 989 2496 ac
1008 2442 1136 2497 universa
1152 2443 1241 2512 ipsius
1259 2441 1333 2496 bona
1350 2439 1385 2494 ad

146 2530 220 2602 regia
238 2546 352 2584 manum
378 2529 495 2584 fuissent
521 2527 658 2595 devoluta,
686 2529 748 2600 ipso
776 2545 855 2584 suam
873 2529 1004 2584 11100110
1022 2531 1105 2600 regiis
1123 2530 1239 2584 vinculis
1266 2529 1386 2594 finiente,

147 2618 354 2691 possessionem
371 2616 432 2686 ejus
450 2615 582 2671 Torduna
599 2633 662 2671 cum
681 2616 809 2671 omnibus
825 2606 1006 2687 pertinentiis,
1028 2617 1057 2671 in
1075 2618 1208 2672 comitatu
1226 2616 1261 2671 de
1279 2613 1386 2670 Bursad

147 2706 334 2770 constitutam,
353 2703 453 2760 Nicolo
471 2704 563 2759 comiti
581 2703 617 2758 de
635 2703 743 2758 Gumur
761 2705 818 2760 filio
835 2703 915 2774 Gurg
933 2704 969 2758 ob
987 2705 1085 2760 merita
1103 2705 1163 2760 eius
1181 2703 1334 2760 contulerit.

205 2793 324 2847 chrel:
345 2791 409 2847 Ood.
429 2791 498 2860 dipl.
517 2791 626 2860 Arpcd.
650 2792 756 2862 V11.p.
776 2795 834 2847 100.

200 2895 381 2953 GCOXOVI.
399 2895 486 2964 Apud
503 2897 623 2964 criptam
636 2897 777 2964 ferratam
797 2901 820 2948 6.
839 2897 960 2966 Augusti
978 2901 1055 2952 1240.
1074 2896 1226 2966 Gregorius
1246 2898 1296 2952 IX.
1314 2915 1389 2968 papa

149 2991 245 3041 evocat
261 2985 332 3038 inter
349 2988 473 3038 caeteros
491 2983 629 3054 praelatos
657 2983 796 3053 Ungariae
824 2983 987 3054 episcopum
1008 2983 1222 3054 agrabienaem,
1250 2989 1387 3054 utusque

150 3071 185 3126 ad
203 3072 359 3143 proximum
377 3070 481 3125 festum
498 3071 704 3126 resurrectionis
722 3070 875 3126 dominicae
888 3069 924 3125 ad
937 3071 996 3126 0100
1009 3071 1193 3142 praesentiam
1206 3071 1387 3142 personaliter

151 3159 248 3227 veniat,
266 3175 330 3214 curn
348 3158 467 3228 grandes
486 3163 600 3213 eventus
619 3163 646 3212 et
663 3174 745 3212 casus
764 3156 837 3212 sedis
855 3157 1025 3230 apostolicae
1042 3175 1098 3212 non
1111 3158 1226 3228 ignoret
1244 3163 1388 3228 praeterea

150 3253 181 3302 ut
198 3247 435 3316 suffraganeorum
453 3243 588 3315 capitulis,
616 3243 763 3299 abbatibus
788 3251 815 3300 et
840 3245 969 3316 praelatis
994 3262 1061 3300 0000
1089 3246 1244 3316 provinciae
1262 3245 1388 3314 iniungat

149 3335 311 3389 auctoritate
328 3332 489 3404 apostolica,
515 3338 546 3386 ut
563 3331 661 3387 eodem
679 3332 796 3388 termino
821 3333 856 3388 ad
882 3332 978 3389 sedem
996 3333 1177 3405 apostolicam
1195 3335 1307 3388 nuntios
1326 3333 1387 3388 mit

148 3427 207 3477 tere
224 3437 280 3476 non
299 3423 478 3491 postponant

200 3508 300 3576 100101.-
315 3507 380 3563 Ood.
390 3507 459 3576 dipl.
469 3507 527 3574 1V.‚
537 3511 559 3561 1.
568 3523 599 3576 p.
610 3509 670 3561 181.
683 3507 812 3562 1110111011
825 3509 902 3562 Mors.
914 3507 988 3563 Hiat.
999 3509 1092 3578 Hanc.
1101 3508 1280 3576 respicientia
1288 3509 1312 3562 1.
1326 3512 1386 3564 179.

201 3630 397 3686 cccxcvii
417 3631 660 3702 Quinqececclceiis
678 3646 766 3685 mense
785 3631 907 3684 Octobris
925 3634 1004 3686 1210.
1033 3632 1194 3686 Farcassius
1213 3633 1388 3703 praepositus

149 3717 453 3789 Quinqueecclesiensis
466 3721 601 3774 00101010
618 3717 771 3788 capitulum
789 3718 939 3785 notificant,
958 3717 1034 3789 quod
1053 3719 1190 3774 Martinus
1209 3720 1283 3774 filius
1300 3720 1388 3790 Botya

148 3807 256 3863 comitis
275 3823 331 3861 una
348 3822 412 3861 cum
429 3805 499 3860 Peta
517 3806 573 3860 filio
591 3806 745 3877 Fermeney
756 3805 791 3862 de
804 3806 868 3860 villa
886 3806 980 3862 Nemti
998 3805 1145 3876 (Nemeil),
1163 3808 1210 3878 qui
1223 3826 1274 3879 pro
1289 3808 1388 3863 Baken

148 3894 248 3950 comite
265 3899 385 3960 venerat,
413 3910 496 3964 quem
522 3892 613 3948 dictas
631 3893 768 3948 Martinus
795 3911 889 3950 coram
915 3895 983 3950 Bela
1006 3911 1071 3965 rege
1089 3895 1118 3950 in
1135 3911 1249 3950 causam
1267 3901 1388 3951 traxerat

148 3999 199 4053 pro
217 3981 328 4037 duobus
347 3979 466 4052 praediis
484 3981 598 4052 Heyreh
617 3987 645 4036 et
661 3981 763 4048 Ludat,
788 3985 816 4036 01
833 3999 874 4048 00,
903 3981 978 4053 quod
996 3981 1087 4038 dictus
1104 3983 1202 4039 Buken
1221 4001 1271 4056 pro
1290 3983 1388 4038 Prisda

149 4069 222 4124 bano
241 4067 421 4136 fideiusserat‚
449 4074 476 4124 et
502 4068 576 4124 dicta
603 4068 717 4140 praedia
743 4069 829 4124 fnisse
858 4069 974 4140 perdita,
1001 4089 1052 4142 pro
1069 4072 1131 4142 ipso
1150 4071 1256 4136 Buken,
1286 4070 1387 4125 dictam

149 4173 213 4212 vero
231 4172 344 4211 cauam
362 4155 491 4211 dominus
509 4173 558 4212 rex
585 4156 633 4212 tali
659 4155 743 4212 modo
771 4156 945 4222 adiudicavit
973 4163 1005 4212 01
1021 4157 1113 4213 dictus
1131 4159 1268 4213 Martinus
1286 4159 1388 4212 iuuaret

148 4261 212 4299 cum
229 4241 376 4298 duodecim
387 4242 545 4300 bominibus
557 4260 649 4300 coram
663 4243 710 4310 eis,
728 4243 841 4298 tandem
853 4243 1038 4300 mediantibus
1057 4245 1137 4300 bonis
1155 4246 1219 4299 viris
1237 4245 1272 4300 ad
1286 4245 1388 4302 bonam

149 4347 246 4404 pacem
264 4329 434 4387 devenerunt
451 4330 500 4386 tali
517 4330 609 4398 modo,
638 4329 713 4402 quod
741 4331 839 4386 Buken
868 4349 919 4404 pro
947 4333 1067 4403 praediis
1090 4337 1118 4388 et
1141 4351 1192 4404 pro
1211 4331 1388 4389 fideiussione

149 4419 270 4474 Martino
289 4419 407 4474 solveret
430 4423 541 4474 centum
559 4435 674 4487 marcas,
699 4435 769 4489 quaa
795 4419 932 4474 Martinus
950 4421 1094 4476 consessus
1112 4425 1154 4474 est
1172 4436 1201 4474 se
1219 4421 1388 4492 integraliter

148 4507 286 4578 recepisse
303 4505 340 4566 ab
358 4505 473 4562 Hendre
491 4505 527 4562 de
543 4523 644 4576 genere
662 4505 757 4563 Nemti
775 4507 875 4564 comite
892 4507 928 4564 de
946 4509 1033 4575 wlco,
1062 4509 1111 4578 qui
1129 4525 1179 4579 pro
1197 4507 1271 4564 dicto
1288 4508 1387 4565 Bulren

149 4609 245 4650 socero
263 4611 315 4650 suo
332 4593 403 4648 dixit
420 4610 451 4648 se
468 4610 563 4649 coram
581 4595 703 4666 capitulo
722 4595 844 4651 solvisse.

208 4681 325 4736 chael:
346 4680 410 4736 000.
430 4681 500 4750 dipl.
519 4682 628 4750 Arped.
652 4663 715 4738 Vir.
731 4698 760 4752 p.
779 4685 835 4736 111.

1267 4771 1285 4806 ὓ
