3464 5382
363 423 423 485 154
851 437 873 480 r.
895 422 1096 491 arnume,

362 606 488 678 mines,
515 609 543 662 et
567 605 691 662 deeimss
716 605 773 674 lini,
799 619 872 676 quse
898 602 968 658 litte
994 606 1135 670 sonentur,
1162 605 1191 658 et
1213 599 1347 658 mbunrm
1379 599 1431 656 lori
1454 600 1597 668 eonesdit;

360 685 503 767 praeterea
525 692 575 750 det
592 691 645 748 illis
663 691 779 748 eundem
804 696 913 759 terrem
938 707 1022 762 quem
1039 690 1145 762 priores
1162 689 1290 746 dominns
1316 689 1345 744 in
1370 687 1482 746 Iuenoh
1508 689 1598 762 possi·

361 781 472 838 debent.
491 780 580 854 Oujns
598 785 689 836 metse
707 779 796 852 primu
812 783 885 836 terre
907 777 1064 848 iobugionis
1088 777 1212 850 episcopi
1229 775 1315 844 Povlr,
1333 792 1384 848 per
1400 775 1490 832 verius
1507 781 1600 834 metus

359 869 395 924 od
413 869 529 924 fluvium
553 867 750 924 Ohemeruioss
772 865 808 922 sd
830 867 931 934 loenm,
950 863 998 920 nbi
1015 869 1058 921 est
1080 863 1269 921 molendinum
1287 862 1454 930 deomefii
1477 862 1599 920 indeed

358 953 547 1012 molendinum
565 953 652 1027 Soytk
669 970 753 1026 snper
771 951 889 1008 eundem
907 951 1030 1023 llurinm,
1047 955 1076 1008 et
1093 967 1179 1023 penes
1196 949 1334 1022 qnosdem
1345 949 1450 1006 rivulos
1467 955 1496 1008 et
1507 957 1600 1006 metes

359 1043 490 1099 arboreus
507 1041 543 1097 nd
562 1042 679 1114 primum
696 1047 807 1098 metum.
824 1039 897 1094 Item
914 1038 963 1094 dut
980 1039 1034 1094 illis
1049 1035 1106 1094 dno
1128 1037 1266 1110 mancipis
1287 1053 1351 1092 cnm
1372 1037 1435 1093 filiis
1448 1043 1476 1094 et
1486 1037 1600 1094 filnbns

359 1137 386 1188 et
404 1133 508 1188 duriam
526 1147 590 1186 oum
611 1128 741 1186 domibus
765 1132 794 1184 et
815 1125 946 1182 aedificiis
971 1141 1058 1198 prope
1076 1125 1222 1182 eeclesiam
1240 1124 1269 1182 S.
1287 1125 1403 1181 Msriee.
1424 1126 1529 1182 Dstum
1546 1142 1601 1196 per

359 1233 459 1274 munus
478 1216 601 1288 magistri
619 1215 693 1272 Petri
711 1213 895 1270 archidianoni
913 1211 948 1268 de
966 1211 1096 1268 Kemlnlr.

415 1303 541 1360 mliii:
560 1305 680 1359 Menum.
699 1301 780 1372 epioe.
799 1299 909 1371 ramat.
928 1301 994 1369 lp.
1012 1303 1056 1354 88.

412 1409 509 1466 DXV.
527 1409 563 1464 Δ.
580 1411 658 1461 1216.
676 1407 744 1464 Bels
761 1422 810 1462 rex
827 1405 880 1462 IV.
897 1404 1026 1474 deolerst,
1044 1405 1128 1478 quod,
1147 1405 1213 1478 quis
1230 1409 1308 1478 pstor
1324 1405 1385 1478 ojus
1403 1404 1530 1462 Andreas
1547 1423 1602 1464 rex

361 1498 469 1554 Bohme
495 1496 583 1552 lilium
609 1494 716 1566 Gymk,
743 1495 822 1551 onius
847 1499 973 1550 suevum
988 1492 1111 1548 similiter
1129 1491 1236 1550 Bohme
1254 1509 1304 1564 pro
1322 1491 1503 1548 fidelitstibns
1521 1494 1602 1550 exhi·

363 1585 427 1640 bitis
445 1581 668 1658 progenitoribus
690 1583 755 1650 suis,
773 1583 880 1650 Petrus,
898 1582 947 1654 qui
964 1579 1105 1652 quondum
1128 1581 1205 1652 regni
1222 1580 1441 1652 gubernaculum
1458 1581 1601 1652 obtinens,

362 1689 463 1730 nomen
480 1671 554 1742 regis
571 1675 754 1742 usurpaverat
770 1669 831 1736 sibi,
850 1675 878 1726 et
894 1675 996 1724 terrem
1013 1667 1125 1724 (lumen
1145 1669 1214 1741 ipsis
1231 1667 1359 1725 suserens
1377 1685 1441 1724 oum
1459 1669 1516 1724 suis
1534 1687 1603 1742 pro·

361 1760 443 1814 rimis
462 1758 615 1830 expulerat,
632 1757 700 1814 dnm
723 1774 774 1830 pro
798 1755 957 1814 defensione
980 1761 1070 1813 terres
1093 1761 1206 1813 sanetae
1223 1773 1287 1812 oum
1304 1755 1421 1814 suemus
1437 1755 1549 1827 regibus
1568 1763 1602 1812 et

361 1845 479 1902 ducibus
497 1845 651 1900 christiam
674 1861 750 1902 msre
773 1845 971 1912 nansrvissent,
993 1843 1022 1898 in
1040 1844 1099 1902 seio
1125 1849 1153 1900 et
1170 1843 1223 1900 snb
1241 1843 1341 1900 vexillo
1358 1843 1436 1900 dunis
1460 1843 1599 1900 Polonise

363 1949 412 2005 per
431 1949 482 1988 sue
500 1938 561 1990 sote
579 1933 700 1988 virtuose
727 1937 756 1988 et
772 1931 865 1988 fidelis
883 1932 1000 1999 servitiu,
1019 1947 1086 1988 snos
1104 1933 1293 2004 progenitores
1311 1932 1372 1988 sine
1389 1947 1486 1988 eorum
1503 1947 1602 1988 exoss-

362 2019 441 2076 sibus
458 2019 493 2076 de
510 2035 597 2090 regno
623 2018 787 2090 Hungurise
810 2017 942 2090 expulsos
969 2018 1100 2086 extitisse,
1117 2034 1318 2090 recognoscens
1334 2019 1364 2074 in
1382 2035 1498 2090 regnum
1515 2035 1603 2076 suurn

363 2107 510 2174 reduxerit,
528 2112 556 2163 et
573 2113 675 2162 terrem
686 2107 798 2162 Turuolr
810 2107 835 2162 ei
847 2106 980 2172 restitnit;
998 2105 1047 2164 sed
1059 2121 1123 2162 oum
1134 2106 1229 2178 populi
1241 2106 1269 2162 in
1282 2107 1344 2179 ipsu
1356 2111 1430 2162 terre
1441 2105 1603 2180 existentes,

362 2194 494 2251 defuneto
512 2194 574 2266 ipso
593 2193 699 2250 Bohme
716 2194 744 2248 in
764 2192 889 2265 pertibus
908 2192 1055 2250 Sluroniso
1072 2193 1101 2248 in
1118 2192 1235 2249 servitiis
1252 2193 1334 2264 regis,
1352 2194 1605 2252 sermionense

364 2283 451 2338 filium
471 2281 578 2338 Bolrms
595 2287 623 2338 et
641 2297 707 2338 suos
725 2281 867 2354 proximos
885 2280 1070 2352 querimoniss
1088 2279 1259 2352 frequentius
1282 2281 1477 2353 porrexissent,
1495 2281 1607 2340 oonsert

366 2387 416 2426 rex
433 2371 463 2426 in
481 2369 673 2426 ooncnmbium
696 2369 764 2424 alise
788 2375 875 2426 terres
896 2367 971 2426 dioto
994 2368 1132 2424 Leustnolr
1157 2374 1185 2426 et
1206 2368 1281 2426 illius
1304 2368 1606 2438 monstruosorum

368 2458 509 2528 proximis,
527 2474 562 2512 ex
580 2473 699 2528 quorum
716 2457 822 2527 gremio
839 2455 925 2526 ntiqui
943 2456 971 2510 in
997 2453 1102 2526 proelio
1119 2471 1183 2511 oum
1200 2455 1322 2512 Turtnris
1339 2457 1487 2512 commisso
1505 2457 1607 2516 extite-

364 2551 429 2600 runt
446 2544 611 2616 interempti.

422 2632 543 2687 Weorel:
559 2630 827 2701 cernissemus.
847 2630 876 2687 Τ.
893 2629 954 2686 Vm
966 2646 994 2701 p.
1006 2634 1068 2686 207.

1523 2707 1529 2736 t

417 2752 623 2809 val.1247.
641 2757 666 2808 7.
684 2753 828 2808 renueris.
847 2753 1008 2826 Oepitulum
1025 2753 1196 2809 ehssmensis
1213 2754 1345 2810 eoelesise
1362 2755 1507 2825 significet,
1525 2755 1604 2828 qnod

365 2842 433 2898 dnm
452 2841 643 2912 possessiones
660 2840 819 2896 Msehsrise
836 2841 885 2896 filii
904 2839 1045 2913 Stephani,
1063 2840 1162 2896 eodem
1181 2841 1322 2897 Msdrsris
1343 2845 1371 2897 et
1387 2841 1452 2898 filiis
1469 2843 1527 2898 suis
1545 2843 1605 2900 ism

367 2929 439 2984 siem
456 2928 601 2984 unirersse
617 2928 709 2983 osrnis
725 2927 865 2998 ingressis,
883 2927 919 2983 sd
936 2943 1036 2983 munus
1055 2943 1169 2984 snorum
1186 2929 1455 3000 consanguineorum
1471 2927 1604 3001 Gregorii

366 3021 394 3071 et
412 3015 535 3073 Thomse
559 3013 678 3070 filiorum
702 3015 833 3084 Thomas,
858 3015 931 3071 Petri
958 3015 1074 3087 pueruli,
1098 3013 1148 3070 lilii
1170 3015 1312 3086 quondsm
1335 3017 1459 3088 mugistri
1482 3019 1557 3074 Petri
1575 3026 1606 3076 et

367 3101 496 3158 Andreae
513 3101 606 3158 fratris
623 3101 749 3158 eiusdem
765 3101 882 3158 fuissent
899 3101 1054 3170 devolutas,
1072 3100 1156 3158 iidem
1175 3101 1317 3174 penitioum
1343 3103 1467 3160 feoernnt
1483 3105 1555 3162 inter
1574 3123 1605 3163 se

366 3190 538 3246 divisionem.
556 3189 703 3245 'l'errerum
721 3189 810 3261 prims
827 3195 901 3246 mete
913 3195 956 3244 est
968 3190 1047 3244 iuxtu
1057 3189 1171 3245 flurium
1184 3188 1313 3258 Ohssmn,
1325 3190 1354 3246 in
1366 3192 1457 3262 priore
1468 3191 1606 3250 divumne

365 3277 490 3332 Thomas
508 3275 573 3331 bani
591 3283 619 3332 et
636 3275 780 3348 Stephani,
797 3282 826 3332 et
842 3275 932 3332 tendit
948 3275 984 3332 ed
1001 3281 1090 3332 metus
1108 3276 1255 3333 orientsles
1272 3291 1363 3348 usque
1380 3277 1415 3334 sd
1433 3284 1536 3336 metum
1554 3281 1606 3337 lilii

366 3364 449 3431 Petri,
468 3367 496 3419 et
513 3364 650 3418 transiens
674 3365 701 3418 in
725 3363 882 3419 inferiorem
907 3369 1013 3436 purtem
1036 3363 1089 3418 sori
1112 3363 1197 3419 intrat
1217 3365 1246 3419 in
1270 3364 1385 3421 lindum
1411 3367 1518 3434 Enseu
1536 3369 1605 3424 item

367 3456 440 3506 terre
457 3450 578 3506 existens
595 3451 666 3506 inter
683 3449 782 3507 fluvios
800 3451 877 3506 Zoro
894 3456 922 3507 et
938 3450 1024 3518 Lens,
1043 3466 1115 3522 quse
1133 3451 1248 3522 contigit
1259 3451 1395 3508 'l'lromsm
1406 3459 1436 3510 et
1447 3453 1605 3523 Andreem;

367 3540 434 3595 item
452 3543 551 3610 quarte
569 3554 634 3610 pers
651 3543 740 3595 terreo
757 3537 830 3596 ultus
853 3539 958 3595 Zovnm
981 3555 1077 3595 verens
1100 3537 1244 3595 eeclesiam
1262 3539 1291 3594 S.
1309 3539 1431 3608 Martini,
1449 3557 1521 3612 quse
1539 3557 1607 3598 mn·

367 3626 430 3697 tigit
447 3624 552 3682 eisdem
569 3625 600 3682 T.
619 3629 647 3681 et
665 3628 699 3682 A.
718 3631 746 3682 et
762 3631 818 3682 tres
835 3632 929 3698 portes
946 3631 1035 3683 terreo
1052 3625 1125 3683 ultre
1143 3625 1249 3682 Zovum
1266 3641 1362 3683 versus
1379 3627 1522 3685 meridiem
1539 3645 1606 3686 oon·
1711 3643 1712 3650 ¹

368 3714 480 3784 tingunt
496 3712 661 3796 Gregorium
686 3718 714 3769 et
738 3713 852 3769 Petrum
873 3713 960 3772 filium
977 3713 1064 3782 Petri;
1082 3713 1148 3770 item
1165 3716 1265 3785 quarte
1285 3726 1351 3786 pers
1369 3714 1459 3771 Pstlm
1475 3716 1504 3770 in
1522 3713 1607 3773 Hun-

368 3801 447 3872 geris
464 3800 584 3856 existens
609 3800 645 3856 sd
670 3807 776 3873 purtem
801 3801 1009 3858 meridionalem
1025 3801 1142 3872 contigit
1159 3799 1324 3872 Gregorium
1342 3805 1370 3858 et
1386 3801 1499 3859 Petrum
1516 3803 1607 3860 filium

368 3887 451 3944 Petri.
470 3887 507 3944 Et
523 3886 593 3944 hoen
609 3887 708 3945 divisio
726 3887 800 3944 leole
817 3894 860 3944 est
878 3905 962 3960 super
979 3895 1080 3944 terrem
1096 3887 1133 3944 de
1144 3887 1305 3944 Munuxlov.
1317 3889 1462 3946 Existente
1474 3889 1606 3964 Philippo

370 3975 502 4118 ορίειὲἓρο
520 3975 699 4046 regrsbiensi,
716 3976 829 4032 Zozims
845 3977 1013 4050 praeposito,
1025 3976 1114 4032 Paulo
1125 3975 1236 4044 lentore,
1248 3974 1356 4032 anobo
1369 3981 1489 4047 tentore,
1507 3977 1606 4034 Luchs

369 4079 419 4118 eus
469 4079 493 4119 e.

425 4149 489 4206 uod.
508 4149 577 4220 dipl.
588 4149 701 4220 patrius
717 4155 738 4207 t.
760 4149 840 4207 7111.
856 4167 886 4221 p.
899 4155 942 4206 33.
962 4151 1011 4207 En
1022 4150 1135 4208 aretino
1146 4151 1274 4207 comitem
1292 4151 1399 4208 lilrdtdi
1416 4153 1448 4208 in
1475 4153 1604 4224 munes

423 4253 549 4310 van.
566 4255 712 4328 Lugduni,
731 4259 774 4312 29.
791 4256 930 4312 Joeuorii
948 4259 1024 4314 1247.
1042 4256 1221 4313 Innocentius
1238 4255 1290 4311 IV.
1309 4267 1383 4329 psps
1401 4263 1496 4314 monet
1511 4273 1607 4329 regem

372 4343 542 4414 Hungsrise,
561 4349 593 4398 nt
609 4348 705 4400 oontrs
728 4343 881 4400 haereticos
905 4343 1057 4401 bosnenses
1074 4342 1214 4416 procedet,
1241 4344 1404 4415 promittens
1422 4345 1455 4414 ei,
1474 4361 1504 4402 se
1522 4361 1608 4418 snper

373 4430 446 4486 fonto
465 4436 554 4486 terrae
572 4430 717 4488 bonnensis
735 4431 774 4486 nil
792 4432 902 4503 penitus
919 4429 1102 4501 deeretnmm,
1119 4433 1171 4488 nisi
1189 4431 1225 4489 de
1242 4448 1295 4488 suo
1312 4433 1428 4490 oonsilio
1440 4437 1468 4490 et
1480 4449 1607 4490 msensn.

426 4518 555 4574 Mser:
572 4520 692 4574 Moesum.
711 4523 761 4575 oet.
780 4519 875 4592 Hesp.
893 4520 918 4590 1,
934 4535 964 4589 p.
983 4523 1045 4574 202.

424 4623 564 4680 DXVIII.
584 4625 618 4679 In
636 4625 704 4681 slbs
716 4625 816 4698 liegiu
828 4629 853 4682 9.
872 4625 1024 4684 Februarii
1041 4629 1118 4682 1247.
1136 4625 1205 4682 Beln
1215 4625 1268 4683 IV.
1285 4642 1335 4683 rex
1346 4625 1460 4682 mundet
1476 4625 1607 4698 capitulis

374 4709 567 4768 chenedieneis
585 4717 614 4770 et
630 4711 784 4770 orodiensis
807 4715 946 4783 eoelesine,
971 4719 1002 4770 ut
1025 4712 1061 4768 ud
1079 4713 1241 4785 petitionem
1258 4713 1365 4772 comilis
1386 4713 1540 4785 Pongrsoii,
1556 4714 1608 4772 lilii
