3480 5356
706 425 851 468 anonam.
1336 397 1399 463 315

209 587 318 644 MLIX.
338 589 425 657 Apud
442 589 534 644 urbem
551 596 673 646 veterna.
693 594 770 646 1272.
789 595 829 645 11.
849 589 958 644 Martii.
979 587 1118 658 Georgius
1139 587 1175 642 X.
1197 603 1272 658 papa
1284 587 1398 640 mandat

155 675 289 747 episcopo
306 675 488 746 Zagrabiensi
512 683 544 732 ut
565 676 681 748 indagat
695 677 733 733 de
751 676 874 735 moribus
898 675 962 732 cleri
988 677 1031 730 sui
1056 680 1084 730 et
1105 674 1141 730 ad
1165 673 1313 730 concilium
1340 674 1400 729 uni-

155 763 262 818 versale
280 761 389 818 referat.

210 850 500 906 stammana.
520 851 615 919 Huap.
637 853 666 906 T.
686 851 708 906 1.
727 869 754 920 p.
775 853 838 907 294.

208 989 302 1046 ltux.
328 991 438 1047 Budas.
463 993 542 1045 1272.
567 993 612 1045 20.
636 991 744 1046 Morti&
770 991 932 1062 Capitulum
954 989 1093 1044 Budensis
1114 989 1247 1044 ecclesiae
1272 987 1307 1042 ad
1332 989 1400 1058 peti·

155 1077 259 1132 tionem
277 1077 326 1132 viri
345 1077 447 1132 nobilis
469 1077 542 1133 Petri
561 1077 610 1132 filii
628 1076 663 1132 de
681 1077 782 1133 Zonul
800 1077 836 1133 de
854 1094 939 1148 gener
956 1076 1075 1132 Zovnulr
1093 1076 1213 1130 exmittit
1238 1083 1293 1130 tres
1317 1091 1400 1130 cano·

154 1165 270 1219 nonicor
290 1181 365 1232 suos,
385 1181 435 1236 pro
453 1163 617 1220 ratificando
635 1169 803 1220 testamento
821 1164 946 1220 eiusdem
970 1165 1054 1231 Petri,
1078 1164 1126 1234 qui
1149 1168 1236 1217 terras
1261 1179 1326 1216 snas
1350 1163 1400 1216 Ze·

155 1251 263 1322 derkyn
281 1251 360 1307 iuxta
379 1257 493 1322 pontem
511 1253 623 1322 Namya
640 1268 705 1307 cum
723 1251 840 1308 ecclesia
858 1251 887 1308 S.
907 1251 1005 1306 Crucis
1022 1251 1125 1306 ibidem
1138 1249 1291 1317 aedificata,
1309 1251 1337 1302 in
1355 1266 1400 1304 co·

155 1338 254 1393 mitatu
271 1339 392 1394 Barania
410 1345 438 1394 et
455 1339 583 1394 Zamaria
601 1355 687 1410 prope
706 1355 807 1409 aquam
831 1339 932 1394 Drawa
955 1338 1143 1408 insuperiori
1168 1337 1249 1394 villas
1271 1336 1400 1406 Hagmas

156 1426 183 1479 iu
209 1426 341 1482 comitatu
359 1427 487 1482 Walkow
511 1442 574 1481 eum
600 1426 730 1482 omnibus
756 1426 928 1498 pertinentiis
946 1431 974 1480 et
991 1426 1072 1496 aquis
1100 1425 1202 1494 legavit
1220 1423 1353 1480 ecclesiae
1371 1423 1400 1480 S.

161 1513 267 1568 Mariae
285 1512 321 1568 de
339 1514 438 1570 Insula
456 1530 507 1586 pro
525 1513 641 1569 remidio
660 1515 769 1570 animae
787 1529 863 1570 suae.
882 1514 1003 1584 Insuper
1020 1528 1115 1568 servos
1134 1528 1201 1568 suos
1217 1511 1335 1582 Pamph,
1352 1511 1401 1566 Ja-

158 1599 268 1668 cobum,
286 1601 411 1656 Blasium
430 1608 457 1658 et
475 1601 675 1672 Margaritbsm
693 1601 823 1657 ancilium
842 1605 978 1672 perpetua
1001 1600 1127 1656 libertate
1147 1600 1291 1654 investivit.
1317 1598 1401 1652 Hanc

156 1687 368 1758 dispositionem
381 1689 455 1744 Petri
467 1689 502 1744 de
514 1689 652 1745 Zederkin
664 1689 837 1744 confirmavit
855 1688 938 1743 etiam
956 1687 1116 1758 Stephanus
1134 1702 1183 1742 rex
1202 1686 1301 1742 eodem
1319 1695 1400 1740 anno.

209 1774 304 1842 Fey'er:
326 1776 392 1832 Ouo.
410 1776 479 1846 dipl.
498 1777 533 1833 R.
559 1777 588 1832 V.
607 1778 658 1832 voi.
678 1777 701 1834 Ι.
716 1796 747 1844 p.
767 1778 829 1845 188,
846 1779 906 1829 189.

209 1915 318 1970 MLXI.
338 1919 416 1972 1272.
438 1919 478 1968 14.
497 1917 615 1986 Aprilis.
635 1916 796 1986 Capitulum
815 1915 948 1970 ecclesiae
967 1913 1098 1970 Albensis
1116 1919 1214 1970 notum
1232 1913 1304 1980 facit,
1324 1911 1400 1982 quod

157 2003 288 2072 magister
306 2001 450 2058 Johaunes
469 2003 658 2060 thesaurarius
677 2003 872 2073 Zagrabiensis
890 2002 1023 2057 ecclesiae
1041 2001 1151 2058 litteras
1170 2001 1242 2070 regis
1267 1999 1400 2070 Stephani

155 2089 289 2160 exhibuit,
307 2091 410 2160 quibus
441 2091 481 2145 eis
507 2089 629 2158 mandat,
655 2097 793 2161 quatenus
817 2093 992 2160 transumpta
1016 2089 1221 2160 privilegiorum
1245 2087 1400 2142 Timothsei

155 2177 279 2247 episcopi
298 2175 486 2246 Zagrabieusi,
505 2177 596 2247 sigillo
615 2178 755 2233 autentico
773 2177 917 2246 assignare
935 2175 1044 2232 debeat.

210 2263 334 2319 Tlolds‘c':
354 2265 431 2320 Mon.
449 2263 512 2320 tter.
535 2266 562 2319 Τ.
581 2266 605 2319 Ι.
621 2281 651 2334 p.
677 2269 734 2320 161.

190 2402 317 2458 MLXII.
336 2407 411 2460 1272.
431 2409 476 2460 28.
496 2405 614 2474 Aprilis.
634 2404 795 2475 Stephanus
816 2403 852 2460 V.
877 2419 926 2459 rex
949 2403 1082 2474 notificat,
1106 2402 1182 2473 quod
1207 2417 1270 2458 cum
1294 2403 1402 2458 nobiles

154 2491 205 2544 viri
224 2490 259 2546 N.
279 2490 314 2547 de
332 2491 367 2545 N.
392 2491 440 2545 filii
459 2489 493 2545 N.
515 2491 578 2546 bani
597 2491 671 2547 bona
689 2492 717 2545 in
737 2493 863 2562 pueritia,
876 2491 982 2546 meliori
997 2490 1231 2557 indolescenda,
1251 2497 1278 2545 et
1296 2491 1402 2560 optima
1503 2487 1508 2494 ’

155 2578 183 2631 in
202 2579 345 2633 iuventute
365 2579 465 2634 virtute
489 2578 628 2648 fulgentes
653 2579 737 2633 Belse
756 2579 813 2648 regi
833 2579 904 2648 patri
924 2593 975 2633 suo
994 2578 1022 2632 in
1040 2577 1156 2632 dirersis
1178 2577 1401 2647 expeditionibus

154 2665 323 2720 laudabilem
342 2681 452 2735 semper
469 2665 672 2736 impendissent
690 2665 855 2720 famulatum
874 2671 901 2719 et
919 2671 984 2736 post
1001 2665 1109 2720 obitum
1122 2665 1194 2734 regis
1213 2669 1309 2742 opntru
1323 2665 1399 2718 Otto-

154 2767 250 2806 oarum
268 2767 362 2820 regem
393 2751 488 2806 fidelia
510 2753 707 2822 praestiterunt
733 2753 852 2808 servitis.
879 2753 1026 2808 Praeterea
1052 2767 1115 2806 cum
1143 2751 1284 2805 Henricus
1313 2750 1401 2804 banus

153 2839 228 2892 lilius
255 2837 380 2902 Henrici,
406 2837 517 2893 deserta
544 2839 634 2910 patria
661 2845 689 2894 et
717 2838 832 2909 proditis
859 2839 956 2894 castris
981 2837 1016 2892 sd
1045 2843 1240 2908 praenotatum
1258 2853 1351 2905 regem
1370 2853 1400 2890 se

154 2925 350 2992 transtulisset,
369 2924 404 2980 ad
424 2926 642 2996 expugnandum
664 2925 751 2996 ipsius
769 2931 891 2981 castrum
916 2925 1013 2995 Kuzeg
1039 2924 1176 2990 destinati,
1201 2940 1251 2994 per
1274 2924 1397 2993 ipsorum

155 3013 281 3068 militiam
302 3019 495 3083 recuperatum
513 3022 556 3068 est
574 3012 647 3067 idem
669 3019 801 3080 castrum,
829 3013 959 3082 quocirca
983 3013 1022 3066 eis
1046 3027 1095 3068 rex
1118 3011 1236 3066 contulit
1258 3009 1397 3079 quendam

155 3117 271 3156 vacuam
289 3107 391 3156 terram
409 3103 556 3156 comitatus
570 3099 751 3156 Castriferrei.
764 3099 956 3155 Existuntibus
971 3099 1035 3154 Joh.
1055 3099 1264 3168 archiepiscopo
1283 3096 1397 3178 Spelat.‚

154 3189 301 3244 Timotheo
320 3189 453 3260 episcopo
473 3188 599 3258 sagrata,
617 3187 764 3244 Joachimo
783 3187 856 3243 bano
875 3187 960 3242 totius
979 3185 1062 3252 Siue,
1081 3185 1186 3240 Ponich
1205 3184 1279 3239 bano
1297 3186 1398 3239 comite

155 3275 319 3332 Ssladieusi.
918 3271 923 3281 “

207 3362 302 3430 Fejer:
323 3363 388 3418 God.
407 3362 478 3432 dipl.
500 3365 528 3418 Τ.
553 3361 582 3416 V.
601 3363 652 3416 ool.
672 3363 696 3418 1.
716 3380 743 3430 p.
764 3365 826 3416 234.

190 3504 331 3568 MLXIII.
353 3503 522 3574 zaprabias.
547 3507 627 3560 1272.
653 3505 695 3557 29.
720 3503 804 3558 Maii.
829 3500 989 3573 Stephanus
1008 3502 1043 3558 V.
1062 3518 1111 3557 rex
1129 3501 1274 3556 confirmat
1291 3500 1327 3555 sd
1350 3517 1398 3570 pe·

155 3590 280 3644 titionem
299 3591 407 3661 Moysis
419 3591 540 3660 ¹palatini
558 3595 586 3643 et
603 3590 711 3645 comitis
724 3590 920 3660 Soprouiensis
933 3589 1109 3646 donationem
1126 3589 1335 3660 possessionum
1355 3603 1398 3640 ιιι-

156 3675 266 3732 roribus
283 3675 318 3731 de
337 3677 429 3732 insula
451 3678 480 3732 B.
501 3679 541 3732 ld
559 3677 595 3732 V.
614 3677 716 3732 saetam
736 3694 785 3749 per
803 3694 875 3744 sum,
898 3677 1005 3734 ratione
1029 3678 1131 3734 sororis
1156 3683 1184 3732 et
1206 3675 1325 3730 duarum
1347 3676 1398 3728 lili·

155 3780 235 3818 arum
254 3779 367 3818 sumum
385 3765 456 3819 inter
473 3765 550 3835 ipsas
569 3779 678 3819 sorores
696 3764 882 3819 existentium.

207 3851 309 3918 Fejer:
330 3851 394 3907 noo.
414 3851 483 3920 dipl.
506 3853 534 3906 ι’.
558 3851 589 3904 V.
607 3851 659 3906 ool.
680 3852 703 3905 l.
722 3867 750 3919 p.
770 3855 828 3906 251.

209 3991 347 4048 MLXIV.
366 3992 512 4064 Toplioae.
535 3996 616 4047 1272.
635 3995 659 4046 8.
679 3992 768 4046 Jaait.
793 3990 953 4062 Stephanus
971 3990 1008 4046 V.
1027 4006 1074 4044 rex
1091 3989 1258 4063 manifestat,
1277 3987 1351 4058 quod
1370 3987 1398 4040 in

156 4082 292 4136 baronum
311 4095 425 4136 suorum
447 4079 603 4150 praeseutia
621 4077 746 4133 iudicans
764 4079 791 4132 iu
811 4077 934 4147 Toplica,
953 4075 1044 4132 edicto
1059 4076 1210 4147 praemisso
1229 4075 1350 4146 publico,
1368 4081 1399 4128 nt

157 4185 254 4224 omnes
273 4173 433 4224 causatores
452 4182 485 4222 eo
506 4183 555 4238 pro
574 4165 705 4221 tribunali
724 4165 838 4220 sedente
856 4162 954 4218 edesse
973 4162 1105 4218 deberent
1122 4161 1306 4233 peremptorie
1333 4167 1399 4213 tunc

155 4255 264 4312 nobiles
283 4257 388 4326 Matyn,
410 4256 507 4309 Petrus
527 4259 554 4308 et
571 4253 716 4308 Johannes
735 4251 783 4306 filii
802 4251 919 4320 Hetynk
937 4249 973 4305 ud
992 4251 1065 4320 regis
1090 4249 1251 4304 accedentes
1270 4263 1398 4318 praeseu-

155 4345 222 4406 tiam
241 4343 301 4398 soro
320 4343 440 4396 instante
458 4341 579 4394 iudiciali
596 4339 798 4410 proposuerint,
812 4355 842 4392 se
854 4354 938 4408 super
950 4343 1023 4392 tarra
1035 4335 1206 4392 Kantanicha
1219 4351 1268 4405 per
1286 4335 1397 4388 fratrem

155 4435 187 4485 G.
207 4431 370 4500 magistrum
399 4428 499 4484 domus
524 4427 636 4481 militiae
661 4425 768 4496 Templi
794 4439 843 4496 per
865 4425 1018 4494 Ungarism
1043 4429 1070 4477 et
1094 4421 1252 4478 Slaroniam
1277 4421 1305 4475 in
1329 4418 1397 4474 iudi-

154 4519 228 4572 cium
248 4521 385 4582 evocatos,
404 4514 566 4569 exhibentes
582 4513 755 4584 privilegium
778 4513 864 4583 patris
882 4513 954 4580 regis
973 4525 1056 4580 super
1068 4509 1130 4578 ipss
1142 4513 1215 4562 terra
1232 4507 1397 4574 consectum,

157 4603 331 4676 postulantes
360 4609 390 4657 ut
414 4601 488 4656 idem
507 4600 682 4656 confirmaret
705 4598 778 4665 (vide
802 4599 868 4668 priv,
895 4615 918 4652 a.
944 4598 1037 4664 1258);
1062 4610 1146 4664 quam
1164 4594 1324 4664 petitionem
1350 4610 1398 4647 rex

156 4691 310 4758 attendens,
329 4689 434 4745 dictum
454 4687 628 4759 privilegium
646 4671 826 4751 cobfirmarit,
845 4700 894 4754 per
912 4700 1011 4738 manus
1026 4682 1151 4749 magistri
1170 4680 1311 4734 Benedicti
1330 4681 1398 4736 Oro·
