3488 5380
346 397 410 463 240
847 419 867 460 1.
889 408 1087 476 rurummvrb,

346 585 408 642 aliia
425 584 511 642 rebus
528 583 674 656 praetiosis
692 584 717 640 ei
734 583 770 640 de
788 582 870 640 bunia
892 585 950 640 suia
967 585 1148 643 donaverunt
1179 586 1223 642 De
1241 583 1356 642 coneilio
1375 583 1461 656 igitur
1478 583 1590 655 reginae

347 673 454 729 Mariae
481 673 618 730 consortis
637 689 704 728 uuae
722 677 750 728 et
769 672 905 729 heroum
923 689 1037 730 suorum
1064 674 1179 730 donavit
1204 674 1243 728 eis
1267 673 1405 729 eidtutem
1429 673 1502 736 cirea
1525 671 1593 726 litus

346 761 430 816 marie
449 761 622 831 existentem,
640 759 713 817 Soen
732 767 867 830 vocatam,
887 778 951 816 cum
969 760 1100 816 omnibus
1120 760 1291 832 pertinentiis
1309 765 1338 816 et
1355 759 1468 816 tributo.
1486 759 1593 814 Dstum

346 865 396 920 per
413 865 514 905 manua
531 847 659 905 Farhssii
677 849 758 906 electi
776 849 906 916 albensis,
925 847 1006 903 aulae
1024 848 1251 904 vicecancellarii.

398 959 445 1010 Eu
469 961 645 1026 tranaumpto
666 955 851 1036 Geroii'repie
870 953 903 1010 de
920 971 947 1011 a
966 957 1038 1008 1322
1056 955 1088 1010 irs
1101 955 1233 1022 antiope
1247 953 1351 1010 hanam
1369 951 1590 1010 Koara-Beter-

239 1057 242 1062 '
345 1061 417 1115 vary
436 1049 461 1100 et
479 1045 559 1114 regni
576 1043 689 1100 eroirino
707 1043 818 1098 abldrb.
838 1045 871 1098 N.
889 1041 924 1098 R.
943 1045 977 1110 Δ,
995 1042 1081 1098 Fuso.
1101 1044 1178 1096 1646.
1197 1041 1236 1098 N.
1254 1045 1279 1097 1.

398 1199 585 1257 Dcoxc1x.
613 1199 681 1256 liele
698 1199 751 1255 IV.
769 1216 818 1254 rer
836 1199 981 1270 siguificat,
1000 1199 1076 1272 quod
1094 1216 1159 1256 cum
1176 1201 1205 1255 in
1223 1199 1353 1278 conflictu
1380 1217 1445 1255 cum
1466 1199 1590 1255 Tartaris

345 1291 374 1345 in
387 1283 486 1360 eampo
505 1287 546 1345 so
558 1285 648 1358 (Sajo)
662 1286 699 1342 ab
711 1285 810 1346 iisdem
823 1287 944 1343 totaliter
956 1288 1044 1344 victm
1056 1292 1085 1344 et
1096 1286 1230 1342 contusus
1243 1287 1348 1355 fideret,
1366 1285 1463 1342 videus
1481 1287 1591 1360 nullum

344 1377 480 1432 auxilinm
498 1373 605 1438 adoreo,
623 1374 747 1445 quinimo
760 1374 835 1445 quod
848 1374 982 1445 aufugere
1000 1374 1110 1442 debeat,
1132 1375 1213 1430 sicuti
1225 1376 1308 1430 etism
1326 1373 1436 1444 aufugit
1447 1371 1483 1429 ad
1496 1377 1590 1446 partes

346 1461 498 1518 maritimae
521 1477 656 1532 quaerere
680 1459 774 1517 licum
798 1461 995 1518 abscondionia
1019 1467 1047 1518 et
1068 1462 1234 1534 receptionis
1257 1461 1330 1516 intra
1353 1477 1437 1517 mare.
1465 1459 1522 1518 Ubi
1543 1459 1590 1515 de·

346 1552 460 1623 plerane
478 1549 550 1604 sicut
568 1548 674 1606 Rachel
691 1548 877 1604 consideravit
894 1550 1002 1606 ruinam
1021 1557 1049 1605 et
1066 1566 1162 1606 necem
1181 1565 1304 1605 auorum
1328 1547 1384 1604 Sed
1407 1549 1487 1604 Deue
1509 1547 1591 1602 mise·

345 1636 480 1692 ricordise
498 1636 575 1692 misit
592 1635 628 1693 ad
647 1652 711 1692 eum
729 1643 863 1706 tanquam
880 1653 916 1692 ex
934 1637 1013 1692 coelo
1031 1636 1219 1694 consolandos
1237 1637 1367 1704 illustror,
1385 1635 1549 1706 magnificor
1561 1641 1590 1690 et

345 1723 462 1780 eximios
480 1725 554 1780 viros
572 1725 745 1781 Fridericum
764 1731 792 1780 et
811 1723 1052 1780 bartholomaeum
1077 1724 1253 1796 Frangepan,
1278 1724 1326 1795 qui
1350 1721 1490 1778 douaruru
1510 1723 1537 1778 ei
1560 1721 1589 1776 in

346 1811 457 1883 scyphia
477 1817 507 1868 et
524 1812 630 1884 poculis
648 1813 740 1868 anreie
759 1817 787 1866 et
805 1811 952 1882 argenteiis
977 1811 1126 1882 plusquam
1148 1811 1206 1866 XX
1225 1812 1303 1866 milia
1320 1827 1475 1866 marearum
1493 1809 1522 1865 ln
1542 1825 1589 1880 pe·

343 1899 434 1966 cunia,
453 1916 510 1956 unc
527 1899 612 1956 verbo
630 1899 660 1954 in
678 1898 790 1969 aoyphis
813 1898 908 1968 magni
931 1898 1042 1956 valeria.
1060 1897 1247 1954 considerans
1269 1898 1340 1956 haec
1361 1897 1455 1953 tidelis
1478 1897 1590 1954 servitia

344 1985 459 2042 donavit
476 1986 516 2042 eie
534 1987 626 2042 locum
652 1986 700 2057 qui
724 1989 767 2040 est
795 2001 881 2056 penca
909 2001 992 2052 mare,
1011 1984 1136 2042 Vinodol
1162 2001 1226 2042 cum
1253 1983 1382 2042 omnibns
1408 1983 1589 2056 pertiuentiis

344 2072 432 2128 Ouiue
450 2073 601 2129 confinium
621 2071 657 2128 sd
676 2077 881 2128 tramontsuam
899 2072 1033 2144 imprimis
1052 2078 1096 2128 eet
1112 2072 1213 2128 fluvius
1232 2078 1261 2128 et
1277 2073 1356 2128 locus
1367 2071 1441 2128 Riks
1452 2072 1481 2126 in
1494 2076 1588 2128 moute

255 2223 259 2230 ¹
343 2160 428 2216 maria
446 2158 605 2232 incipiendo
630 2165 658 2216 et
681 2159 770 2216 libera
792 2177 868 2231 aqua
890 2151 1009 2216 Richina
1031 2176 1121 2232 usque
1144 2160 1317 2232 ponticulum
1340 2176 1426 2232 penee
1449 2159 1589 2216 Prohovo.

342 2247 433 2302 Trans
451 2263 552 2318 aquam
571 2248 659 2316 prima
677 2254 752 2303 meta
770 2253 813 2304 est
830 2249 858 2302 in
878 2264 935 2303 uno
953 2246 1047 2318 lapide
1064 2247 1093 2302 in
1112 2263 1169 2318 quo
1190 2253 1233 2303 est
1255 2247 1347 2303 littera
1365 2248 1390 2299 A
1408 2251 1436 2302 et
1453 2263 1528 2316 aqna
1546 2263 1589 2301 se·

342 2335 437 2405 quitur
453 2333 548 2403 libera,
567 2351 639 2405 quae
663 2351 738 2405 aque
762 2351 797 2390 ex
820 2339 914 2392 moute
940 2333 1123 2390 (irobnicenai
1146 2340 1174 2390 el
1195 2334 1315 2390 confinio
1337 2334 1460 2392 scaturit
1486 2333 1588 2389 Murus

345 2439 431 2494 supra
448 2422 595 2478 inchoator
613 2422 641 2476 in
659 2421 831 2490 Jilievicheh‚
849 2423 899 2493 qui
916 2422 1015 2478 dicitur
1039 2421 1165 2489 Presum,
1182 2438 1278 2476 murua
1297 2421 1324 2476 in
1343 2421 1450 2492 piecina
1466 2420 1503 2476 ad
1521 2419 1587 2475 Pra-

344 2509 471 2580 putische
489 2525 524 2564 ex
542 2509 590 2564 illa
610 2515 688 2580 parte
696 2509 851 2577 Tereteuih,
865 2509 943 2566 locus
955 2514 1049 2565 autem
1061 2509 1207 2565 Tersteuik
1220 2515 1314 2564 manet
1326 2509 1418 2579 regine
1431 2514 1459 2564 et
1471 2509 1587 2578 integer.

342 2595 413 2652 Inde
431 2595 467 2652 sd
486 2597 582 2668 Kupin
606 2596 715 2661 lamen,
735 2596 771 2650 ad
789 2597 873 2652 Lisen
898 2597 1007 2666 humen,
1026 2595 1062 2652 sd
1081 2597 1142 2652 lilla
1160 2595 1234 2652 rods
1250 2597 1278 2650 iu
1297 2597 1359 2652 vale
1382 2593 1547 2668 Papruthio‚
1570 2612 1588 2650 s

342 2684 414 2740 valle
433 2683 469 2739 ad
487 2690 611 2740 montem
624 2683 802 2754 Berinecheh,
820 2683 885 2739 inde
902 2683 939 2740 sd
957 2683 1122 2752 Gromscha,
1141 2683 1177 2739 ad
1195 2683 1323 2740 Preeidin
1341 2687 1369 2738 et
1386 2682 1586 2753 Babinopolye.

342 2771 423 2828 Haec
441 2777 508 2826 eunt
525 2787 590 2826 vera
608 2771 729 2828 contiuia
746 2788 764 2826 a
781 2777 860 2842 parte
878 2771 961 2826 maris
981 2770 1123 2842 usquead
1143 2769 1334 2842 Babinopolie.

392 2877 594 2932 Mammium
611 2876 662 2932 boo
676 2877 852 2946 publicatum
864 2893 917 2946 prr
934 2877 1046 2934 Krdels'o'
1058 2878 1089 2932 iu
1103 2875 1481 2952 uoririiuaemeumrnaritus
1488 2889 1519 2945 p.
1533 2879 1586 2930 195

336 2963 363 3019 ai
380 2969 419 3020 est
438 2979 472 3020 ere
491 2969 549 3020 toto
567 2964 777 3034 apochripbum,
800 2966 873 3022 siem
891 2967 986 3022 emnia
1008 2963 1125 3030 indicio,
1149 2963 1237 3035 stylus
1260 2963 1414 3019 inusitatus
1437 2963 1497 3018 eiua
1522 2968 1586 3018 um·

335 3051 421 3122 peris,
440 3057 467 3108 et
484 3067 583 3106 cerusa
595 3053 767 3122 frangepane
787 3053 931 3113 comitibus
948 3051 1046 3122 Voglae
1065 3057 1132 3106 tune
1149 3051 1240 3106 adhue
1254 3050 1425 3121 inmeritum
1438 3055 1585 3106 edantur.

342 3137 458 3194 Videtur
477 3153 532 3195 ease
545 3137 706 3208 saluflenla
726 3141 809 3212 eopia
824 3139 1016 3210 praecedentia
1040 3138 1181 3210 privilegii
1205 3138 1292 3194 Betae
1314 3139 1387 3209 regis
1410 3154 1472 3194 curu
1496 3139 1586 3194 dosc-

337 3226 412 3280 tioaa
429 3225 650 3296 uerberantes.
676 3227 820 3284 linistebat
838 3227 870 3282 in
888 3229 969 3296 copie
987 3228 1019 3284 iu
1036 3227 1115 3297 repsi
1133 3227 1246 3284 arduino
1268 3225 1385 3284 Oroatia
1408 3227 1489 3282 Foro.
1516 3229 1583 3294 370,

334 3313 373 3370 N.
392 3317 426 3368 85
445 3328 479 3368 ee
496 3313 578 3369 Fore
603 3317 679 3372 1858.
708 3317 737 3369 N
767 3318 790 3381 1,
817 3329 867 3383 per
884 3313 986 3370 bunum
1010 3314 1289 3384 libero-Hederuory
1313 3313 1427 3370 Budare
1451 3312 1585 3370 ablatam.

387 3451 499 3508 DOOO.
519 3457 596 3510 1260.
615 3453 776 3524 Stephanus
797 3453 893 3525 junior
911 3471 959 3510 rex
978 3455 1179 3527 primogenitus
1198 3455 1281 3512 Balse
1294 3453 1346 3510 1v.
1358 3453 1491 3522 notificat,
1505 3453 1582 3524 quod

335 3537 417 3594 Obsh
445 3538 577 3609 magister
606 3539 822 3598 Taveruicorum
853 3558 967 3597 suorum
999 3547 1028 3597 et
1051 3558 1144 3598 comes
1172 3540 1344 3597 Zaladieusie
1369 3540 1522 3612 postulavit
1549 3545 1582 3596 ut

335 3624 476 3696 quandam
500 3631 601 3681 terram
630 3643 799 3697 praeconum
823 3629 907 3686 castri
931 3628 1111 3698 Zaladiensie,
1132 3629 1246 3701 Gheuay
1268 3629 1391 3700 quinque
1417 3633 1583 3698 aratrorum,

334 3711 444 3768 Terdec
456 3713 514 3768 filio
526 3713 608 3768 Heur
622 3714 734 3770 confere
747 3714 915 3786 dignaretur.
933 3715 994 3772 Res
1009 3715 1190 3772 censideratis
1202 3716 1320 3771 aervitiis
1333 3715 1398 3771 dicti
1409 3714 1519 3774 Tordae
1532 3715 1582 3787 qui

335 3799 365 3854 in
382 3798 457 3854 bello
476 3805 574 3856 contra
592 3798 693 3856 ducem
712 3803 842 3858 Austriae
860 3805 1033 3859 conservavit
1051 3809 1173 3860 castrum
1191 3803 1293 3859 Leuka
1311 3820 1441 3875 pugnans
1459 3801 1528 3858 facie
1546 3801 1584 3858 ad

335 3887 436 3942 faciem
456 3893 553 3944 contra
564 3887 742 3955 Teutonicos,
760 3887 796 3944 de
815 3890 917 3960 quibus
934 3891 1037 3946 multos
1051 3892 1166 3959 occisos,
1179 3891 1282 3948 medios
1294 3889 1473 3962 decapitatoe,
1486 3907 1583 3961 quam·

338 3974 433 4045 plures
451 3974 535 4030 etiam
553 3979 651 4046 captos
669 3974 745 4031 dioto
765 3975 845 4030 Chak
862 3979 1055 4047 praesentavit
1075 3977 1162 4034 Porro
1180 3978 1208 4032 in
1226 3977 1285 4033 acie
1304 3977 1408 4034 domini
1421 3979 1465 4032 sui
1478 3977 1582 4047 (Chat)

336 4063 364 4118 iu
382 4061 543 4132 Bulgariam
561 4061 740 4131 proficiscens
758 4061 860 4118 ibidem
879 4064 1005 4120 exhibuit
1022 4063 1113 4121 laudis
1131 4066 1230 4120 merita
1253 4063 1417 4120 recolendae
1436 4064 1582 4136 obponene

335 4165 365 4205 se
385 4165 451 4220 pree
469 4149 531 4204 aliis
550 4149 683 4205 exercitui
696 4148 881 4219 Bulgarorum
893 4168 944 4222 pro
956 4153 1062 4208 honore
1075 4153 1156 4222 regie.
1175 4152 1230 4208 Pro
1248 4151 1351 4222 quibue
1369 4168 1418 4207 rex
1437 4152 1462 4207 ei
1475 4151 1578 4208 dictam

333 4239 434 4291 terram
453 4235 572 4292 contulit
595 4236 676 4292 cuins
701 4242 776 4292 meta
800 4237 896 4310 incipit
913 4237 948 4294 de
966 4257 1040 4310 aqua
1057 4239 1148 4312 Lyceo
1167 4245 1194 4294 et
1213 4236 1288 4296 vadit
1306 4255 1355 4312 per
1374 4240 1465 4296 varlar
1483 4245 1579 4296 terras.

389 4341 454 4398 Ood.
473 4339 542 4412 dipl.
558 4341 674 4410 patrius
696 4341 745 4397 VI.
763 4347 826 4398 105.

386 4497 512 4555 bocci.
539 4503 619 4556 1260.
644 4501 711 4556 Bela
729 4499 781 4556 IV.
800 4518 848 4557 rex
872 4503 1004 4572 notificat,
1032 4501 1107 4573 quod
1126 4503 1307 4559 conrideratis
1334 4501 1515 4560 fidelitatibus
1533 4520 1578 4559 co-

333 4584 408 4638 mitio
434 4586 571 4655 Perohini‚
599 4603 670 4657 quan
696 4593 757 4643 tum
781 4588 808 4642 in
833 4588 989 4645 deferendis
1015 4589 1098 4645 rebus
1123 4606 1173 4645 eeu
1197 4591 1336 4647 mercibus
1359 4591 1509 4663 praeciosi·
1544 4591 1580 4645 de

333 4669 468 4742 venetiis,
487 4691 543 4731 nou
562 4674 702 4748 parcendo
727 4673 810 4732 rebue
829 4693 880 4733 neo
898 4693 1042 4748 personae,
1066 4677 1184 4734 fideliter
1206 4677 1341 4752 impendit
1365 4683 1392 4735 et
1414 4695 1465 4751 pro
1490 4677 1574 4734 rebus
