3488 5380
649 411 652 416 .
670 381 815 430 anemis.
1298 359 1371 426 251.

117 542 227 600 mendis
251 543 437 618 stipendiariis
463 549 491 604 et
514 545 737 620 expeditionibus
760 547 843 604 variis
866 547 951 606 offere
975 548 1142 605 maluerunt
1168 547 1297 617 Quorum
1325 549 1371 606 ob

118 633 248 688 meritum
266 649 315 689 eos
333 639 362 689 et
380 651 475 690 eorum
493 634 627 692 haeredes
649 636 785 692 universis
808 636 925 704 iuribus,
944 637 1040 706 gratiis
1058 639 1086 691 et
1102 635 1257 693 honoribus
1274 642 1303 692 et
1319 653 1362 692 so

116 720 252 776 lenonium
269 720 429 778 libertatum
447 722 596 778 illustrium
614 723 763 794 primatum
781 725 859 795 regni
877 723 1043 794 Hungariae
1061 723 1261 796 praerogativis
1279 725 1363 795 parti·

119 809 199 880 cipes
216 809 343 864 instituit.
362 809 487 865 Eliberat
505 811 589 866 etiam
601 809 641 866 ab
654 811 730 867 omni
738 809 846 882 judicio
861 811 954 866 eurise
966 817 995 867 et
1006 812 1085 882 regni
1094 809 1230 882 judicum,
1251 810 1365 883 dempta

115 895 220 965 regnlie
238 911 367 968 persona.
389 897 495 952 Datum
514 913 563 970 per
581 913 681 954 manue
700 897 823 956 Fercasil
849 898 980 954 Albensis
997 899 1077 954 electi
1095 903 1123 954 et
1140 897 1222 953 aulae
1239 899 1363 954 vioeueu·

169 1070 269 1138 seer.-
291 1071 357 1128 eeu.
376 1071 446 1142 urps.
467 1071 497 1128 r.
516 1061 646 1142 1V.‚voe.
665 1073 727 1128 ιιι.γ
739 1088 768 1142 p.
786 1075 844 1128 zos.

171 1210 354 1268 DCOGXLI.
376 1212 864 1271 1263.10.Noeembrts.ltnlandus
882 1212 975 1268 banus
999 1213 1085 1268 totins
1108 1213 1261 1270 Slerouiae'
1281 1213 1364 1283 signi·

115 1297 190 1362 ficut.
209 1299 368 1370 quodcum
385 1299 534 1356 Ladislans
552 1301 627 1356 iilius
644 1300 765 1358 Renoldi
783 1316 868 1373 super
894 1301 1077 1372 occupatione
1101 1306 1129 1357 et
1152 1305 1290 1356 metarum
1315 1299 1372 1368 der

116 1386 271 1442 structione
288 1392 378 1442 terrm
402 1386 540 1443 Gurbiare
563 1404 613 1460 per
636 1387 810 1460 Stephanum
829 1387 942 1456 bannm,
960 1389 1023 1460 pise
1041 1387 1247 1456 recordationis,
1264 1387 1365 1444 Soema

117 1472 213 1528 comiti
240 1473 358 1529 collam
383 1479 412 1530 et
434 1473 613 1546 postmodum
639 1489 689 1546 per
711 1474 877 1546 magistrum
900 1473 1049 1532 Nicolaum
1073 1475 1162 1530 lilium
1188 1473 1313 1530 eiusdem
1336 1479 1364 1530 et

117 1559 219 1615 trabes
236 1575 304 1616 suos
322 1560 377 1632 ipai
395 1559 526 1616 Ladielao
544 1560 670 1630 madime,
689 1560 842 1632 Georgium
858 1561 988 1618 comitem
999 1561 1088 1616 lilium
1099 1561 1224 1616 Mauritii
1236 1559 1272 1616 ad
1286 1577 1363 1634 prae·

115 1647 235 1702 sentiam
247 1646 314 1702 bani
332 1652 477 1704 evocatum
486 1648 676 1717 convenissem
695 1647 770 1704 idem
782 1663 876 1706 cemes
889 1647 1031 1720 Georgius
1048 1647 1192 1721 respondit
1204 1646 1279 1719 quod
1291 1651 1365 1704 terra

115 1733 207 1805 ipsine
227 1732 280 1789 snb
298 1735 380 1790 certis
397 1735 480 1790 metis
498 1751 515 1790 a
533 1741 606 1791 terra
624 1733 745 1792 Gurbise
763 1735 892 1791 essetab
909 1736 1026 1805 antiquo
1045 1740 1181 1806 separatu,
1200 1751 1285 1806 quem
1302 1736 1362 1792 sine

116 1819 337 1877 contradictione
355 1823 490 1879 hactenus
515 1821 640 1894 poeeedit
658 1822 707 1878 sed
727 1837 812 1894 super
835 1823 889 1878 bac
912 1821 1021 1877 nullum
1045 1823 1138 1896 potuit
1160 1823 1363 1878 munimentum

114 1923 165 1963 seu
190 1897 343 1980 privssegia
359 1909 497 1978 exhibere,
525 1909 675 1965 Ladislans
692 1915 787 1966 antem
814 1909 1001 1981 praesentarit
1027 1907 1202 1981 privilegium
1225 1903 1361 1981 Stephani

116 1995 181 2050 bani
198 1995 235 2052 de
252 2013 277 2052 a.
296 1997 364 2053 1251
383 1997 458 2066 (vide
475 1997 589 2066 ibidem)
608 1998 688 2054 cuius
707 1997 777 2053 serie
794 1995 942 2060 intellecta,
961 2001 1128 2068 provocatus
1151 2012 1246 2053 comes
1273 1994 1360 2053 Geor-

112 2083 179 2152 gius
204 2099 261 2138 nou
289 2084 380 2156 potnit
406 2083 593 2141 mnuadicere
617 2083 769 2157 privilegio,
796 2083 871 2140 uude
896 2085 1033 2140 sententia
1059 2082 1194 2139 nobilium
1221 2083 1361 2139 mediante

112 2169 206 2224 banus
224 2187 274 2241 per
290 2169 449 2228 Jobunuem
467 2171 556 2228 filium
575 2171 699 2240 Henrici,
716 2167 858 2227 homiuem
883 2186 966 2227 suum
983 2169 1050 2226 iecit
1066 2175 1155 2226 metas
1180 2170 1317 2238 renovari,
1335 2175 1363 2226 et

112 2261 217 2312 terrem
235 2256 367 2314 Ladislao
384 2259 501 2316 restitui.

173 2343 297 2402 Wssrsel:
317 2347 383 2402 God.
401 2345 471 2416 dipl
489 2346 597 2416 alpad.
616 2351 687 2402 cont.
710 2345 773 2401 VII.
791 2349 850 2401 355.
869 2359 980 2401 messe
996 2344 1046 2402 sut
1064 2361 1090 2400 α.
1110 2345 1187 2400 1253.

169 2485 368 2544 DOCGXLII.
386 2487 473 2557 Apud
490 2487 585 2543 orbern
601 2493 723 2543 murem.
744 2489 819 2540 136³.
833 2489 876 2542 21.
890 2485 1054 2542 Dauom.
1073 2484 1205 2542 Urbanus
1221 2483 1273 2540 1v.
1287 2500 1362 2556 papa

112 2570 150 2627 ad
170 2573 384 2644 postulationem
403 2573 509 2630 Mariae
526 2574 638 2644 regium
657 2573 806 2646 Vngeriae,
831 2589 904 2644 quae
927 2589 984 2628 uua
1007 2589 1071 2628 cum
1095 2571 1195 2628 marito
1217 2587 1270 2627 suo
1294 2571 1362 2628 Bela

114 2657 168 2716 lV.
186 2665 301 2731 propter
318 2661 446 2717 imorem
465 2659 500 2718 de
518 2661 661 2718 Tarmrica
677 2661 786 2718 feritate
810 2667 976 2730 conceptum
997 2658 1065 2722 dum
1083 2660 1120 2714 ad
1137 2658 1201 2715 loca
1223 2657 1361 2714 maritima

113 2747 264 2802 transitum
282 2747 401 2815 iecisset,
429 2753 457 2804 et
481 2747 622 2804 nobilibus
647 2749 745 2820 positis
768 2748 798 2802 in
821 2747 899 2817 gravi
921 2745 1083 2802 necessitate
1109 2747 1286 2818 compaciens
1310 2761 1361 2817 pro

111 2835 316 2890 sustentatione
334 2835 459 2906 ipsorum
477 2833 513 2892 de
531 2835 590 2890 suis
607 2833 830 2906 peraiernalibus
852 2833 934 2888 bonis
951 2848 1009 2890 non
1027 2831 1165 2888 modicam
1183 2831 1361 2903 expendiseet

6 2909 7 2920 ¹
111 2921 270 2992 pecuniam,
288 2922 333 2976 cui
352 2927 499 2994 propterea
522 2938 572 2976 rex
589 2921 618 2977 in
637 2921 893 2994 compensatiouem
916 2920 1038 2991 aliquam
1056 2926 1178 2975 castrum
1196 2918 1232 2974 de
1249 2919 1359 2989 Posega

111 3007 148 3061 sd
175 3024 241 3064 eum
265 3009 407 3080 pertinens
430 3009 458 3064 in
483 3008 587 3064 ducatu
611 3008 760 3066 Sluroniae
783 3009 965 3066 constitutum
988 3024 1053 3064 cum
1074 3022 1213 3064 conseneu
1236 3005 1358 3062 filiorum

111 3093 251 3165 Stephani
269 3097 343 3166 rogis
361 3100 390 3152 et
406 3095 491 3152 Belae
508 3095 588 3152 ducis
609 3093 758 3152 Slaroniee
775 3111 827 3152 nee
844 3111 901 3150 non
919 3095 1090 3166 prelatorum
1108 3099 1136 3150 et
1153 3092 1290 3148 bammum
1307 3091 1357 3148 do·

6 3161 8 3186 '
110 3181 197 3250 navit,
216 3179 320 3238 dictam
338 3181 518 3240 donatiouem
536 3189 626 3238 ratam
642 3182 736 3240 babet

166 3285 300 3344 meno:
318 3289 398 3345 Mors.
417 3295 467 3346 eet.
486 3289 581 3359 Hunc.
600 3289 624 3344 I.
644 3292 706 3342 254.

163 3427 377 3485 DOOOXLIII.
397 3430 481 3498 Apud
499 3429 591 3484 oriens
609 3435 731 3484 veterem.
750 3431 827 3484 1263.
841 3431 882 3483 21.
898 3425 1059 3483 Decembris.
1068 3425 1200 3481 Urbanus
1212 3423 1264 3480 1v.
1278 3440 1353 3496 papa

110 3515 230 3586 suscipit
247 3516 344 3572 Belem
363 3515 463 3573 ducem
482 3517 630 3574 Slaroniae
647 3517 676 3570 in
695 3531 776 3571 suum
789 3515 988 3586 protectionem
1005 3529 1070 3568 enm
1085 3511 1189 3568 ducatu
1207 3511 1356 3567 Slaroniae

110 3619 144 3659 ac
162 3603 199 3658 de
217 3603 306 3660 Olcha
324 3604 459 3674 (Wlehai,
478 3603 513 3660 de
531 3605 650 3675 Bragna,
669 3603 801 3675 Symigio,
821 3601 888 3658 Sala
905 3605 934 3657 et
951 3601 1040 3656 ferreo
1061 3604 1153 3655 coebo
1170 3615 1222 3654 nec
1239 3614 1296 3654 non
1314 3613 1370 3676 sas

109 3691 186 3746 libus
204 3692 341 3762 aquaticie
359 3697 387 3748 et
404 3691 467 3748 aliie
485 3692 597 3762 juribus
615 3697 643 3746 et
660 3689 834 3762 pertiuentiis
859 3689 917 3744 suis
941 3687 978 3743 ad
1002 3687 1145 3743 Ducatum
1162 3687 1255 3757 ipsum
1279 3700 1357 3756 spec·

109 3777 245 3848 tenebas,
263 3779 382 3850 quaein
401 3779 621 3852 praesentiarum
642 3777 813 3834 rationaliter
825 3791 855 3832 se
867 3775 992 3832 obtinere
1010 3774 1149 3847 proponit.

165 3884 284 3940 Tbetoer
302 3887 375 3942 uon.
395 3891 446 3942 nee
465 3888 556 3955 Hesp.
577 3886 601 3940 1.
620 3877 682 3941 255.

162 4025 377 4083 Doccxurv.
396 4030 474 4083 1263.
492 4027 560 4082 Bela
578 4025 631 4082 IV.
649 4041 699 4081 rex
717 4023 849 4092 unificat,
868 4021 943 4093 quod
956 4021 1089 4093 magister
1100 4017 1236 4074 Nicolaus
1249 4017 1356 4073 cancel·

108 4113 197 4169 lerina
215 4113 404 4184 dapiferorum
421 4115 503 4185 regis,
531 4129 624 4170 comes
648 4111 684 4168 de
709 4111 839 4178 Kemluc,
863 4115 891 4165 et
914 4108 1070 4163 Iwaublnus
1094 4105 1229 4176 magister
1250 4104 1356 4175 pincer-

108 4217 209 4256 narum
227 4200 310 4256 Belae
328 4199 408 4257 ducis
425 4202 513 4256 totius
531 4199 687 4266 slavonice,
706 4199 756 4253 filii
773 4197 856 4268 regie,
873 4194 995 4251 consensi
1008 4194 1070 4260 siut,
1090 4190 1248 4264 quodcum
1267 4189 1355 4245 Karul

110 4293 137 4342 et
153 4286 306 4343 Ladielaue
330 4287 379 4341 tilii
403 4286 542 4358 Reynoldi
559 4303 577 4342 a
595 4287 737 4358 primaevo
761 4301 830 4362 suae
852 4282 988 4355 pueritiae
1011 4286 1144 4352 tempore,
1164 4278 1235 4350 patri
1259 4293 1355 4332 eorum

6 4379 7 4400 ¹
110 4375 254 4448 Stephano
272 4374 400 4430 videlicet
417 4374 491 4430 bano
509 4373 652 4445 quondam
669 4373 756 4428 totius
775 4371 922 4428 Slaroniee
949 4368 1084 4424 existente
1108 4370 1137 4421 et
1159 4365 1199 4419 eis
1223 4367 1303 4434 grata
1327 4368 1356 4418 et

109 4467 225 4536 accepta
247 4463 358 4518 servitia
385 4461 564 4533 inpedisaent,
593 4461 621 4516 in
646 4461 758 4530 signum
781 4457 908 4514 cuisdam
925 4453 1114 4511 retributionis
1132 4457 1234 4506 terram
1258 4449 1355 4504 Zome-

6 4531 7 4592 Ῐ
110 4550 182 4606 felde
204 4553 402 4621 nuncupatam,
421 4548 496 4619 quod
520 4549 574 4620 ipsi
594 4548 665 4620 patri
684 4563 781 4603 eorum
799 4550 827 4601 et
845 4544 885 4600 eis
907 4543 1016 4598 ratione
1038 4545 1127 4595 terrae
1152 4538 1211 4592 sine
1234 4534 1373 4591 haerede

109 4637 269 4695 decedentis
296 4637 472 4693 contulerant
495 4636 567 4692 inter
589 4634 721 4690 Drawum
739 4638 767 4690 et
784 4630 968 4701 Pintryubam
992 4628 1156 4685 carenum
1179 4623 1354 4682 donaverunt
