3480 5356
295 491 359 560 288
797 515 816 556 1.
834 501 1032 567 aerumnose,

296 680 377 748 bano,
396 679 534 750 Dyonisio
551 681 653 736 comite
671 678 822 734 saladiensi
844 678 938 750 judice
962 677 1056 734 euriae
1071 675 1160 744 ducis,
1184 676 1316 744 magistro
1341 675 1414 730 Boas
1439 675 1540 730 comite

295 766 438 822 dobicensi
456 771 484 820 et
501 767 563 822 aliis
581 767 723 822 nobilibus
742 767 827 836 regni.
847 765 984 822 Praedicti
1008 769 1101 820 antem
1126 763 1268 819 Berislaus
1286 769 1315 818 et
1333 762 1400 817 socii
1418 778 1474 832 qna
1492 761 1541 816 ite-

295 854 347 908 rati
365 853 580 910 calumniatores
597 855 663 909 lieet
681 853 833 910 secundum
859 854 938 924 regni
962 851 1188 908 consuetudinem
1215 851 1366 906 eorundem
1391 849 1541 904 calumnia-

295 945 387 995 torum
406 943 466 996 nasi
485 941 558 998 ierro
579 941 710 996 candenti
729 941 832 1010 signari
850 939 1021 1002 debuissent,
1044 945 1136 994 tamen
1162 938 1197 992 ad
1221 937 1380 992 instantiam
1406 935 1541 989 baronum

296 1028 336 1082 eis
359 1027 549 1083 misericordia
568 1029 650 1091 laets,
669 1027 780 1083 duobus
799 1045 834 1082 ex
851 1029 921 1098 ipsis
950 1027 1073 1082 Berizlao
1099 1030 1127 1081 et
1150 1024 1263 1080 Vulehlr
1287 1022 1392 1080 abscidi
1416 1023 1542 1077 iecerunt

294 1115 383 1168 crines
403 1131 478 1182 suos,
498 1120 599 1169 terram
617 1115 739 1184 Blsgusa
758 1115 879 1170 Martino
898 1112 1087 1184 relinquendo.
1107 1111 1212 1167 Datum
1231 1128 1280 1183 per
1298 1127 1398 1166 manus
1416 1109 1540 1165 Ladislai

294 1201 417 1272 episcopi
436 1201 589 1272 tynniensis
607 1201 689 1256 aulae
707 1200 786 1256 ducis
805 1201 968 1257 cancellarii.

349 1305 476 1362 reatae:
495 1306 573 1361 Mon.
591 1306 655 1362 bist.
678 1307 705 1360 Τ.
725 1307 748 1362 I.
765 1323 795 1375 p.
820 1311 880 1362 137.

347 1463 494 1518 OMLXV.
513 1466 586 1518 1268.
606 1464 674 1519 Bela
692 1464 744 1520 IV.
764 1482 813 1519 rex
830 1463 1008 1519 commendat
1025 1463 1182 1530 memoriae,
1202 1461 1279 1533 quod
1297 1477 1360 1516 cum
1378 1460 1540 1516 Demetrius

226 1565 233 1575 ·
286 1549 417 1614 ¹Marcus,
436 1549 530 1620 Prior,
556 1551 771 1614 Ohornouchet
789 1551 930 1607 Pribenuk
956 1567 988 1606 ac
1013 1551 1060 1604 alii
1087 1551 1198 1620 cognati
1227 1564 1322 1604 eorum
1349 1547 1385 1602 de
1412 1547 1541 1618 Gontoyg

295 1637 392 1708 populi
409 1638 493 1692 castri
512 1637 668 1705 Orisiensis,
687 1637 818 1705 Abraam,
831 1637 1076 1693 Bartholomaeum
1095 1641 1123 1690 et
1140 1635 1319 1690 Dominicnm
1337 1633 1410 1689 filios
1430 1633 1540 1689 comitis

295 1722 415 1778 condam
432 1724 650 1794 Bartholomaei,
672 1742 756 1796 snper
774 1725 854 1779 tertis
880 1729 958 1795 parte
982 1728 1071 1778 terrae
1095 1721 1248 1794 Guztorvyg
1272 1722 1341 1792 (sie),
1357 1737 1440 1791 quam
1465 1720 1539 1774 idem

292 1825 387 1865 comes
405 1827 495 1881 usqne
517 1811 584 1866 dum
609 1811 677 1866 vixit
695 1827 730 1866 ex
748 1811 824 1882 regia
848 1811 998 1866 donatione
1022 1809 1136 1881 pacifice
1159 1809 1330 1881 possederat,
1355 1825 1449 1864 coram
1472 1823 1539 1877 rege

291 1897 441 1952 traxissent
458 1899 486 1952 in
504 1915 626 1966 canem,
645 1899 757 1954 tandem
784 1899 850 1968 quia
875 1915 909 1952 ex
932 1903 1027 1953 tenore
1050 1899 1203 1952 litterarum
1228 1896 1364 1966 Stephani
1392 1895 1535 1966 quondam

291 1983 356 2038 bani
373 1985 460 2038 totius
478 1984 634 2047 Slavoniae,
645 1986 693 2056 qui
712 1987 802 2056 ipsam
816 1987 924 2040 tertiam
943 1991 1049 2057 partem
1068 1985 1141 2039 dicto
1154 1983 1248 2039 comiti
1260 1985 1288 2038 in
1302 1981 1444 2054 praedicta
1462 1987 1535 2036 terra

291 2073 434 2138 statuerat,
462 2073 629 2142 comperitur
658 2072 773 2128 eandem
798 2078 899 2128 terram
924 2073 1054 2144 Guutoyg
1078 2072 1165 2127 luisse
1188 2071 1337 2128 castrensis
1361 2075 1389 2125 et
1412 2067 1534 2140 populos

291 2157 375 2211 etiam
393 2173 454 2213 esse
472 2159 555 2213 castri
574 2159 716 2229 praedicti,
741 2166 768 2214 et
791 2167 904 2232 propter
927 2159 1001 2230 quod
1028 2163 1137 2231 poterat
1161 2175 1211 2214 rex
1233 2159 1324 2229 ipsam
1350 2163 1450 2212 terram
1475 2157 1536 2210 sine

291 2244 391 2299 iniuria
408 2244 490 2300 alieni
506 2246 578 2314 juris
596 2245 672 2300 dicto
690 2247 784 2302 comiti
802 2247 929 2313 conferri,
953 2246 1016 2302 ideo
1040 2247 1145 2302 dimisit
1166 2245 1269 2300 dictam
1294 2244 1403 2299 tertiam
1426 2247 1534 2314 partem

290 2332 379 2402 ipsine
397 2337 486 2388 terrae
505 2349 587 2404 porro
614 2349 730 2404 quoque
753 2335 818 2388 filiis
842 2335 950 2390 comitis
973 2333 1178 2388 Bartholomaei
1205 2331 1419 2388 irrevocabiliter
1447 2329 1535 2400 possi·

289 2417 418 2476 dandam.
438 2420 542 2475 Datum
561 2437 610 2492 per
627 2435 728 2476 manus
750 2422 874 2478 Furcasii
892 2419 1118 2478 vicecancellarii.

343 2525 388 2580 Ee
406 2525 518 2582 arctico
538 2527 671 2581 cornerals'
683 2527 821 2602 ,Badmst
842 2527 906 2582 cod.
926 2527 996 2596 dipl.
1016 2527 1116 2596 Arpad
1141 2527 1218 2582 VIII.
1233 2542 1264 2595 p.
1284 2531 1348 2580 190.

341 2683 502 2740 OMLXVI.
529 2687 609 2738 1268.
637 2683 667 2752 (J
669 2699 773 2739 oannes
791 2683 838 2752 V)
856 2684 1081 2754 archiepiscopus
1107 2683 1280 2754 Spalatensis
1298 2683 1365 2738 facit
1382 2687 1531 2738 testamen·

289 2774 387 2825 teriam
406 2769 616 2840 dispositionem
633 2786 690 2840 qna
709 2770 848 2826 mediante
865 2776 965 2824 terram
984 2777 1047 2826 octo
1060 2773 1214 2825 aratrorum
1226 2771 1334 2826 Polona
1347 2771 1449 2826 dictam
1462 2771 1533 2824 inter

289 2857 415 2912 Dravum
434 2862 462 2912 et
480 2857 592 2912 Murem
609 2857 709 2912 fluvios
728 2858 857 2912 situatam
876 2857 954 2912 fratri
973 2873 1025 2912 suo
1043 2858 1137 2913 comiti
1155 2857 1311 2912 Lanchreto
1330 2857 1413 2928 legat.

343 2963 379 3016 In
398 2961 510 3016 aretino
529 2962 662 3016 camerali
680 2962 811 3017 Badcnsi.
831 2965 863 3017 N.
883 2962 918 3017 R.
938 2963 969 3015 Α.
989 2963 1071 3017 Faec.
1091 2967 1149 3014 516.
1169 2964 1202 3014 N.
1222 2966 1266 3017 45.

341 3117 522 3174 Mcuxvss.
547 3122 629 3174 1268.
657 3118 737 3173 Chai
761 3119 864 3188 banus,
889 3134 982 3173 comes
1007 3117 1184 3184 aalsdiensis,
1209 3118 1303 3173 Pausa
1326 3133 1429 3188 comes,
1454 3117 1532 3172 Hen-

289 3206 371 3274 ricns,
384 3205 528 3274 Goganns,
539 3203 612 3275 Vyd,
626 3204 793 3260 Valentinus
812 3211 840 3260 et
857 3205 996 3273 Buehlr(o)
1010 3205 1114 3260 indices
1128 3221 1145 3258 a
1157 3221 1222 3274 rege
1240 3204 1366 3274 deputati
1379 3205 1532 3272 notificant,

289 3291 364 3362 qnod
383 3308 447 3348 cum
467 3292 535 3346 Bela
552 3305 600 3346 rex
620 3292 761 3362 Ungariae
779 3296 808 3348 et
826 3292 893 3346 Bela
916 3291 975 3346 dux
994 3292 1142 3348 Slaroniae
1159 3291 1228 3362 ipsis
1246 3291 1346 3359 missis,
1363 3295 1465 3346 terram
1482 3305 1532 3346 no·

290 3377 388 3434 billum
408 3395 457 3450 per
475 3384 565 3433 totum
579 3417 586 3432 .
599 3419 626 3434 ..
645 3379 775 3434 duxerint
799 3379 983 3435 revocandam
1001 3385 1029 3433 et
1045 3379 1252 3448 restituendam,
1271 3385 1371 3434 terram
1394 3377 1532 3433 nobilium

289 3465 325 3520 de
343 3467 418 3533 Zela,
437 3465 472 3521 de
490 3465 685 3534 castrensibus,
703 3466 739 3521 de
758 3466 924 3534 uduornicis,
944 3466 979 3522 de
997 3467 1109 3538 populis
1124 3468 1244 3536 reginae,
1263 3466 1298 3522 de
1316 3465 1427 3537 populis
1446 3465 1531 3520 Belae

288 3551 368 3608 ducis
395 3557 423 3607 et
446 3552 481 3608 de
506 3547 618 3624 populis
643 3553 821 3608 eeclesiarum
846 3559 1004 3625 occupatas,
1031 3555 1242 3610 manumiserint
1268 3551 1461 3608 restituendas.
1490 3551 1531 3606 Hi

288 3640 372 3708 igitur
391 3641 511 3708 exmissi,
530 3640 685 3696 didicerunt
703 3640 800 3711 quod:
827 3647 900 3696 terra
918 3641 1053 3696 Leduslai
1072 3648 1099 3696 et
1117 3642 1251 3713 Stephani
1269 3641 1389 3695 filiorum
1410 3639 1484 3696 Petri
1502 3647 1532 3694 et

288 3727 368 3782 Pauli
387 3731 415 3781 et
431 3728 549 3783 aliorum
573 3728 689 3783 fratrum
708 3729 843 3784 nobilium
870 3729 906 3784 de
933 3729 1029 3784 Bocha
1052 3729 1087 3784 80
1110 3730 1206 3798 iugera
1229 3728 1382 3796 continens,
1410 3743 1459 3798 per
1485 3743 1531 3782 ca·

289 3819 410 3868 strenses
437 3813 473 3868 de
497 3815 591 3870 Bocha
615 3821 643 3870 et
667 3817 825 3885 sagittarios
851 3816 886 3872 de
916 3815 1037 3885 Hazugd
1065 3815 1186 3870 indebite
1216 3821 1352 3886 occupata
1375 3816 1418 3883 sit,
1445 3831 1532 3884 qnam

287 3906 387 3956 terram
407 3902 447 3956 eis
464 3903 650 3957 restituerunt.
670 3904 747 3958 Meta
765 3905 853 3974 prima
871 3903 968 3974 incipit
993 3903 1072 3958 iuxta
1097 3902 1211 3957 fluvium
1233 3903 1353 3970 Buehcs,
1377 3901 1454 3958 vadit
1480 3918 1531 3974 per

286 4003 401 4044 nemora
419 3988 454 4042 ad
472 4006 574 4059 aquam
593 3991 679 4061 Plyzg
697 3997 724 4045 et
742 4008 792 4062 per
810 3991 927 4046 eandem
952 3995 1097 4060 separatur
1118 4006 1135 4044 a
1154 3990 1291 4059 sagitariis
1309 3990 1345 4044 de
1363 3989 1493 4060 Haeugd.

340 4094 389 4148 Eu
407 4095 583 4162 natoqrnplro
597 4095 730 4162 familiae
748 4095 955 4164 Skablidianac,
980 4095 1118 4150 Jansoeic'
1142 4102 1167 4150 et
1192 4096 1284 4163 ll'ejer:
1312 4095 1377 4152 coe.
1401 4095 1471 4163 dipl.
1500 4097 1531 4151 T.

287 4181 304 4235 1
311 4179 339 4237 V.
357 4181 410 4236 eol.
429 4181 485 4236 ΙΙΙ.
501 4197 531 4249 p.
550 4186 611 4235 485.

340 4335 536 4392 OMLXVIII.
556 4341 636 4393 1268.
656 4339 736 4394 enak
755 4340 844 4394 banus
862 4357 955 4396 comes
973 4339 1153 4408 Zaladiensis,
1173 4339 1275 4406 Pausa,
1294 4339 1441 4407 Henricus,
1454 4338 1530 4410 Vyd,

288 4423 432 4493 Goganus,
449 4423 616 4479 Valentinus
641 4431 667 4480 et
689 4427 826 4496 Buohlrto)
848 4427 957 4497 judices
981 4446 998 4483 a
1023 4427 1135 4483 domino
1159 4443 1223 4496 rege
1250 4443 1334 4498 super
1358 4427 1531 4482 restitutione

288 4515 423 4565 terrarum
441 4511 468 4564 in
489 4511 621 4566 comitatu
647 4512 802 4567 Zaladiensi
827 4513 953 4584 deputati
976 4514 1125 4582 declarant,
1150 4513 1226 4585 quod
1250 4530 1314 4568 cum
1337 4513 1406 4568 Bela
1430 4530 1479 4568 rex
1503 4520 1532 4569 et

290 4595 319 4652 S.
339 4598 428 4665 (Bela)
448 4615 498 4668 per
517 4597 561 4651 dei
580 4599 697 4668 gratiam
715 4599 774 4654 dux
791 4602 877 4656 totius
896 4601 1044 4656 Slavoniae
1063 4603 1122 4656 eius
1140 4602 1213 4656 filius
1231 4601 1410 4668 decreverint,
1423 4607 1455 4656 ut
1465 4615 1530 4673 pos·

287 4683 424 4738 sessiones
446 4684 588 4754 quaelibet
614 4686 749 4741 nobilium
776 4705 825 4758 per
852 4693 942 4743 totum
965 4705 1081 4758 regnum
1106 4690 1228 4759 pristinis
1252 4687 1461 4760 possessoribus
1488 4703 1531 4743 re·

287 4769 476 4842 stituerentur,
504 4773 662 4830 convocatis
689 4775 818 4832 omnibus
845 4776 893 4847 qui
917 4775 953 4833 ad
977 4776 1031 4834 hoc
1060 4775 1172 4833 inerant
1195 4775 1366 4834 convocandi
1393 4781 1420 4833 et
1446 4777 1529 4834 tactis
