3488 5380
369 387 434 454 180
630 485 636 498 ·
873 413 894 454 1.
910 397 1109 466 manavit,

419 576 525 634 DOIX.
552 576 639 634 arbe.
658 579 700 634 13.
718 575 884 646 Septembris
901 579 979 634 1251.
1006 577 1190 650 Temporibus
1218 577 1319 634 Marini
1336 577 1500 636 Mauroceni
1524 575 1608 634 ducis

368 663 560 734 venetiarum,
578 663 714 736 Stephani
732 663 866 722 tabensis
883 665 1008 737 episcopi
1027 681 1060 721 ac
1072 666 1161 721 Marci
1178 665 1257 721 Ziaui
1274 665 1397 732 comitis;
1416 664 1612 736 praesentibus

370 751 467 808 bladis
495 752 589 821 Zoleo,
617 751 715 809 Marco
733 751 769 808 ds
788 751 950 822 Romasulo,
969 758 997 808 ct
1014 753 1137 824 Georgio
1155 752 1190 810 de
1207 753 1336 824 Vallaga.
1363 751 1500 809 Verussia
1523 751 1614 808 abbas

368 839 398 898 fl.
418 839 562 912 Stephani,
580 839 714 896 arbensis
731 839 875 908 dioecesis,
903 841 1015 898 Marcus
1033 841 1136 898 Zianm
1154 838 1331 912 supradictus
1356 856 1450 897 comes
1468 840 1614 909 Arbensis,

368 927 498 984 Olsmeus
517 926 605 982 bladii
623 926 659 984 de
676 927 811 996 Rusaldo,
830 927 986 984 Domaldus
1005 927 1040 984 de
1058 929 1238 1000 Martinussa,
1256 933 1284 984 et
1300 927 1433 998 Dimigna
1460 925 1614 983 Gambetta

367 1013 474 1072 iudices
493 1014 588 1070 arbitri
606 1013 788 1072 decreverunt
804 1016 833 1070 in
851 1032 937 1072 causa
949 1016 1021 1072 inter
1038 1015 1153 1072 Petrum
1164 1015 1201 1072 de
1211 1013 1367 1072 Romasulo
1384 1013 1612 1072 archidiaconum

368 1101 527 1160 arbensem
544 1107 572 1158 ct
590 1103 649 1159 eius
677 1103 830 1174 capitulum
848 1119 883 1158 ex
902 1119 965 1171 ιιιιιι,
984 1109 1012 1158 et
1030 1101 1158 1158 Medium
1176 1102 1304 1160 abbatem
1323 1101 1353 1160 S.
1374 1103 1450 1160 Petri
1477 1101 1613 1159 Arbensis

370 1189 505 1247 dioecesis
523 1207 586 1246 cam
606 1207 658 1248 suo
676 1195 815 1248 conventu
833 1207 868 1246 ex
886 1191 973 1246 altera
992 1197 1078 1262 parte,
1107 1190 1183 1262 quod
1210 1189 1246 1247 de
1273 1191 1356 1262 plena
1379 1189 1522 1246 voluntate
1540 1189 1614 1246 inter

369 1294 400 1335 se
417 1277 646 1335 concordaverint
671 1279 770 1336 ambae
798 1285 892 1350 partes
909 1279 938 1334 iu
955 1277 1098 1350 episcopio
1125 1277 1252 1346 Arbeusi,
1274 1295 1340 1334 cum
1358 1277 1501 1334 voluntate
1530 1277 1616 1333 etiam

373 1366 501 1439 superius
520 1366 733 1435 nominatorum,
752 1370 783 1422 ut
800 1365 935 1438 quidquid
953 1365 1019 1422 dicti
1038 1365 1142 1422 iudices
1156 1364 1251 1421 arbitri
1262 1364 1456 1434 ordinaverint,
1469 1379 1520 1438 pro
1533 1363 1614 1420 firmo

370 1453 492 1511 habeant
509 1453 563 1510 sub
581 1471 655 1526 pena
671 1453 747 1510 mille
765 1469 945 1526 perperorum
972 1452 1149 1509 donariorum
1175 1453 1349 1510 Venetorum
1374 1469 1523 1526 partorum
1541 1452 1614 1509 ordi-

371 1545 478 1611 nantes,
497 1541 573 1612 quod
591 1540 680 1597 abbas
697 1541 857 1596 monasterii
875 1541 904 1598 S.
921 1541 996 1597 Petri
1015 1558 1078 1598 cum
1096 1558 1149 1598 suc
1162 1547 1300 1598 conventu
1314 1558 1364 1614 per
1381 1557 1462 1598 suum
1479 1541 1614 1597 nuncium

370 1634 498 1686 teneatur
514 1629 631 1686 inritare
648 1629 812 1702 episcopum
830 1629 984 1686 Arbeueem
1000 1646 1065 1685 oum
1083 1645 1135 1685 suo
1147 1629 1270 1702 capitulo
1288 1635 1351 1686 octo
1362 1629 1422 1686 dies
1433 1633 1500 1685 aute
1511 1627 1616 1684 festum

371 1716 401 1774 fl.
419 1716 502 1784 Petri,
521 1721 550 1772 et
567 1717 681 1781 clericis,
699 1716 748 1788 qui
766 1715 801 1772 ud
820 1715 923 1772 festum
949 1716 1037 1785 ibunt,
1064 1722 1211 1773 teneantur
1236 1716 1301 1772 dare
1328 1715 1475 1790 prandium
1503 1731 1614 1787 compe-

372 1807 451 1872 tens,
469 1804 536 1860 item
560 1807 706 1861 teneantur
723 1804 832 1860 mittere
850 1804 878 1859 in
896 1804 990 1874 vigilia
1008 1803 1037 1861 S.
1060 1805 1136 1861 Petri
1160 1822 1210 1878 pro
1223 1804 1340 1861 domiuo
1357 1805 1490 1876 episcopo
1508 1809 1537 1860 et
1560 1819 1613 1860 suc

373 1891 496 1962 capitulo
515 1907 566 1948 scx
584 1908 681 1964 equos,
700 1893 723 1947 si
741 1893 941 1949 monasterinm
964 1890 1093 1948 habuerit
1110 1908 1177 1948 suos
1196 1909 1292 1964 equos,
1310 1893 1334 1948 si
1352 1909 1416 1961 nou,
1434 1891 1566 1948 admiuus
1584 1890 1613 1946 id

372 1978 449 2050 quod
467 1978 604 2047 habuerit,
622 1985 653 2036 et
670 1979 694 2036 si
713 1996 794 2036 suum
813 1995 917 2050 equum
935 1995 990 2035 nou
1009 1979 1165 2050 habuerint,
1186 1980 1224 2034 nil
1242 1979 1364 2036 debeaut
1380 1978 1521 2036 mandare.
1539 1979 1614 2035 Item

371 2067 572 2124 monasterium
590 2066 674 2124 debet
696 2068 808 2123 mittere
826 2083 878 2138 pro
895 2066 1003 2136 capella
1027 2068 1166 2139 episcopi3
1193 2073 1222 2123 et
1244 2067 1357 2139 quando
1381 2069 1614 2140 episcopatuum

373 2154 433 2210 suis
451 2155 557 2211 clericis
575 2154 667 2211 veniet
685 2154 721 2210 ad
739 2153 946 2222 monesterium,
964 2154 1000 2210 ed
1018 2155 1174 2226 ingressum
1201 2155 1335 2212 ecclcsiae
1353 2173 1416 2212 cum
1434 2155 1613 2228 processione

373 2241 462 2298 abbas
479 2260 543 2300 cum
562 2244 621 2298 ruis
638 2242 782 2299 monachis
799 2241 903 2298 debent
921 2242 1014 2298 venire
1031 2259 1096 2300 cum
1109 2243 1222 2300 incenso
1234 2248 1263 2299 et
1277 2259 1351 2315 aqua
1369 2250 1465 2300 sanctu
1482 2250 1511 2300 et
1527 2242 1614 2300 hono

372 2329 447 2386 rides
467 2330 589 2402 recipere
607 2345 669 2398 eos3
689 2335 718 2386 et
734 2334 795 2386 tota
813 2330 920 2396 offerta,
947 2346 1019 2400 quae
1044 2331 1148 2386 venerit
1175 2335 1239 2386 ante
1266 2332 1380 2386 missam
1406 2332 1548 2400 maiorem,
1566 2330 1615 2388 de·

372 2418 466 2474 veniat
482 2418 666 2485 monasterio;
684 2423 713 2474 et
732 2433 828 2472 omuea
840 2416 945 2472 denarii
964 2416 999 2472 de
1017 2417 1123 2486 offena,
1142 2435 1215 2488 quac
1232 2419 1356 2474 venerint
1373 2417 1410 2474 ab
1421 2419 1500 2476 initio
1513 2417 1616 2474 missae

374 2505 495 2574 maioris,
514 2507 663 2578 episeopus
686 2523 752 2561 cum
776 2523 828 2562 suo
851 2505 977 2577 capitulo
994 2504 1110 2572 habeat3
1128 2505 1244 2577 insuper
1266 2505 1420 2578 capitulum
1439 2508 1531 2562 mittat
1547 2523 1617 2562 anu-

375 2595 442 2650 atim
469 2609 551 2650 suum
577 2594 708 2650 clericum
743 2593 893 2662 nuncium,
929 2593 978 2665 qui
1007 2593 1135 2648 invitabit
1161 2593 1290 2650 abbatem
1317 2609 1382 2650 cum
1411 2601 1550 2650 conventu
1579 2592 1617 2649 ad

375 2681 477 2738 festum
506 2681 638 2738 victoriae
655 2681 684 2739 S.
704 2680 915 2752 Christophori3
942 2686 971 2736 et
988 2680 1077 2736 abbas
1094 2679 1178 2736 debet
1195 2687 1268 2737 stare
1282 2682 1365 2753 juxta
1382 2681 1616 2750 archidiaconum,

376 2775 406 2826 et
422 2769 552 2826 monachi
569 2769 674 2826 debent
690 2768 794 2825 habers
812 2769 840 2824 in
859 2769 1027 2826 monasterio
1045 2785 1133 2824 unum
1149 2768 1274 2826 modium
1291 2768 1327 2826 de
1346 2769 1419 2826 sino,

425 2858 474 2914 ue
492 2863 670 2928 transumpto
688 2858 760 2913 cassi
777 2861 854 2911 1739.
872 2857 910 2911 Ιιι
927 2872 986 2912 saec
1005 2855 1172 2912 collectione.

423 2981 515 3037 DOX.
543 2983 618 3037 1251.
642 2985 667 3036 θ.
687 2979 823 3037 Octobris.
850 2980 920 3036 Bela
937 2979 988 3036 tv.
1006 2996 1055 3036 rex
1073 2978 1205 3046 notificat,
1232 2979 1308 3050 quod
1326 2997 1390 3036 cum
1408 2977 1617 3037 exhaereditatc

374 3067 442 3125 Juia
462 3068 534 3125 banc
554 3075 668 3140 propter
686 3084 801 3124 suorum
819 3067 987 3138 exigentiam
1006 3067 1166 3123 meritorum
1187 3083 1280 3122 servos
1299 3067 1387 3138 ipsine
1406 3071 1434 3122 et
1455 3067 1570 3123 ancillas
1589 3067 1619 3122 in

372 3156 486 3229 praedic
505 3155 540 3212 de
558 3155 675 3212 Nekcha
692 3155 816 3224 (Nabica)
835 3153 977 3225 quondam
990 3145 1148 3218 existentes,
1166 3153 1256 3226 quiet
1273 3170 1346 3224 quae
1363 3153 1482 3227 dispersi
1494 3155 1614 3222 fuerant,

372 3242 448 3300 fideli
467 3242 628 3300 Alexandro
646 3241 695 3296 filii
713 3241 848 3298 Demetrii
875 3242 993 3310 comitis,
1021 3247 1141 3312 cognato
1159 3241 1248 3312 ipsius
1265 3241 1285 3297 J
1287 3243 1349 3298 ulae
1370 3241 1444 3311 bani,
1462 3243 1490 3298 in
1509 3259 1616 3300 recom-

379 3331 573 3403 pensationem
592 3329 766 3386 serdtiorum
784 3329 955 3398 contulisset,
973 3327 1047 3386 idem
1065 3335 1164 3401 postea
1181 3329 1341 3385 Alexander
1357 3329 1494 3402 quasdam
1512 3331 1619 3388 litteras

374 3418 455 3474 Pauli
472 3417 582 3474 comitis
609 3416 781 3472 Zaladiensis
799 3423 827 3472 et
844 3416 943 3472 iudicis
970 3418 1063 3473 cuneo
1080 3416 1116 3473 de
1134 3434 1159 3472 a.
1178 3417 1255 3474 1250.
1276 3417 1501 3490 praesentaverit,
1531 3420 1620 3475 conti·

374 3509 486 3562 neuma:
504 3503 580 3577 quod
599 3520 662 3560 cum
681 3505 839 3560 Demetrius
857 3521 951 3561 comes
969 3505 1083 3561 uitasset
1099 3504 1136 3560 ad
1154 3505 1340 3576 praesentiam
1363 3506 1436 3578 regis
1463 3504 1617 3562 Vlchinum

374 3592 551 3664 iobagIouem
580 3593 663 3649 casui
690 3591 726 3647 de
752 3592 870 3661 Barana,
897 3593 1070 3664 requisiverit
1088 3592 1124 3648 ab
1141 3609 1175 3648 eo
1193 3592 1251 3650 duo
1275 3595 1422 3666 mancipia,
1451 3593 1570 3666 Neglich
1590 3600 1619 3650 et

374 3680 489 3750 Milhau,
508 3697 663 3752 quaecum
681 3679 745 3735 liliis
763 3685 791 3734 et
815 3679 935 3736 biliabue
962 3679 1059 3736 decem
1086 3680 1178 3752 capita
1202 3680 1345 3737 hominum
1372 3697 1435 3738 esse
1461 3682 1613 3748 asserebat,

377 3783 484 3839 quaeve
508 3767 621 3824 domina
648 3783 720 3823 uxor
736 3767 819 3823 Julae
845 3767 911 3823 bani
938 3773 1043 3824 emerat
1069 3784 1132 3825 cum
1151 3773 1230 3839 patre
1248 3787 1344 3826 eorum
1362 3769 1453 3842 Ratay
1470 3787 1488 3826 a
1506 3769 1617 3826 chhiu

374 3855 554 3927 supradicto,
583 3871 656 3926 quae
687 3856 770 3912 stiam
800 3854 874 3910 idem
903 3856 1013 3913 chhiu
1048 3861 1113 3928 pust
1148 3856 1255 3912 obitum
1291 3857 1448 3929 praedictae
1483 3857 1613 3914 dominae

373 3941 483 4000 blandis
511 3943 603 4000 verbis
630 3941 665 3999 ad
684 3960 714 4000 se
732 3949 891 4012 retraxerat,
920 3943 968 4000 sed
998 3951 1096 4016 postea
1123 3949 1257 4002 abracius
1275 3946 1303 4000 in
1324 3961 1440 4002 causam
1466 3944 1617 4002 reddiderit

373 4047 467 4088 coram
493 4031 601 4088 Ivanlra
627 4031 762 4105 pristaldo
785 4037 814 4088 et
837 4029 979 4088 Cruciierc
997 4031 1032 4087 dc
1050 4031 1176 4088 Nekcha.
1203 4033 1315 4090 Praeter
1343 4032 1463 4105 Naglich
1481 4037 1509 4090 et
1526 4033 1616 4089 Milan

374 4120 488 4176 luerunt
514 4119 606 4176 adhuc
631 4119 772 4192 mancipia
790 4119 885 4175 Blasin
903 4125 932 4176 et
950 4120 1023 4175 filius
1050 4121 1110 4177 eius
1136 4120 1235 4176 Tintur
1253 4127 1281 4176 et
1298 4120 1397 4177 iratres
1420 4121 1496 4177 Blasi
1514 4121 1613 4177 Patrue

374 4211 403 4264 et
419 4207 525 4264 Paulus
544 4213 572 4263 et
590 4207 663 4263 filius
682 4207 784 4263 sororis
802 4223 898 4263 eorum
917 4206 1010 4264 Rcdlo
1028 4213 1057 4264 et
1074 4207 1131 4263 filia
1149 4209 1252 4265 scrofis
1269 4209 1346 4266 Juba
1364 4207 1486 4280 (Ljnbc).

426 4295 521 4365 Fejer:
542 4295 606 4352 Geel.
625 4295 695 4365 dipl.
713 4299 806 4365 Hune.
828 4297 857 4351 Τ.
875 4296 895 4351 1
898 4297 926 4350 V.
945 4296 998 4352 eol.
1018 4300 1079 4366 ep.
1098 4299 1156 4353 103.

427 4417 534 4475 DCXI.
561 4420 638 4472 1251.
658 4421 682 4470 5.
701 4417 866 4472 Nouembris.
894 4417 1057 4488 Capitulum
1083 4419 1216 4476 sedenim
1235 4417 1365 4474 albensis
1384 4423 1510 4488 metatur,
1528 4419 1618 4474 virum

375 4503 564 4577 Gyurkonem,
591 4505 679 4560 filium
707 4503 802 4561 Ochus
829 4503 1028 4575 (ohterico.)
1056 4507 1199 4578 quondam
1217 4507 1291 4576 bani,
1312 4507 1517 4579 possessiouem
1537 4523 1618 4564 suam

375 4591 472 4650 Pecsel
491 4593 572 4648 sitam
590 4594 618 4648 iu
643 4592 726 4649 Scala
752 4591 830 4648 iuxta
855 4593 948 4650 lacum
978 4593 1095 4650 Baletcn
1123 4611 1187 4650 cum
1214 4595 1311 4666 viginti
1336 4593 1448 4653 duobus
1476 4593 1617 4667 capitibus

372 4679 571 4750 libertinorum,
590 4683 719 4752 (quorum
735 4679 848 4736 nomina
864 4680 992 4750 citantur,
1010 4682 1376 4754 etinterreliquos,h1irka,
1397 4681 1467 4754 Orit,
1480 4683 1613 4754 Peturka,
