<?xml version="1.0" encoding="UTF-8"?>
<!DOCTYPE html PUBLIC "-//W3C//DTD XHTML 1.0 Transitional//EN"
    "http://www.w3.org/TR/xhtml1/DTD/xhtml1-transitional.dtd">
<html xmlns="http://www.w3.org/1999/xhtml" xml:lang="en" lang="en">
 <head>
  <title>
</title>
<meta http-equiv="Content-Type" content="text/html;charset=utf-8" />
  <meta name='ocr-system' content='tesseract 3.04.00' />
  <meta name='ocr-capabilities' content='ocr_page ocr_carea ocr_par ocr_line ocrx_word'/>
</head>
<body>
  <div class='ocr_page' id='page_1' title='image "./regestadocument00sakcgoog_0060.png"; bbox 0 0 3544 5344; ppageno 0'>
   <div class='ocr_carea' id='block_1_1' title="bbox 355 485 1097 562">
    <p class='ocr_par' dir='ltr' id='par_1_1' title="bbox 355 485 1097 562">
     <span class='ocr_line' id='line_1_1' title="bbox 355 485 1097 562; baseline -0.004 -11"><span class='ocrx_word' id='word_1_1' title='bbox 355 485 399 551; x_wconf 81' lang='lat'>54</span> <span class='ocrx_word' id='word_1_2' title='bbox 852 507 873 548; x_wconf 87' lang='lat' dir='ltr'>r.</span> <span class='ocrx_word' id='word_1_3' title='bbox 896 493 1097 562; x_wconf 68' lang='lat' dir='ltr'>autumavit,</span> 
     </span>
    </p>
   </div>
   <div class='ocr_carea' id='block_1_2' title="bbox 356 668 1599 1521">
    <p class='ocr_par' dir='ltr' id='par_1_2' title="bbox 356 668 1599 1438">
     <span class='ocr_line' id='line_1_2' title="bbox 409 668 1598 739; baseline 0 -11"><span class='ocrx_word' id='word_1_4' title='bbox 409 669 600 728; x_wconf 81' lang='lat' dir='ltr'>CLXXVIII.</span> <span class='ocrx_word' id='word_1_5' title='bbox 619 671 654 724; x_wconf 76' lang='lat' dir='ltr'>A.</span> <span class='ocrx_word' id='word_1_6' title='bbox 672 673 747 726; x_wconf 76' lang='lat'><em>1225.</em></span> <span class='ocrx_word' id='word_1_7' title='bbox 766 669 834 724; x_wconf 89' lang='lat' dir='ltr'>Bela</span> <span class='ocrx_word' id='word_1_8' title='bbox 850 685 899 724; x_wconf 86' lang='lat' dir='ltr'>rex</span> <span class='ocrx_word' id='word_1_9' title='bbox 915 668 1010 739; x_wconf 90' lang='lat' dir='ltr'>junior</span> <span class='ocrx_word' id='word_1_10' title='bbox 1027 669 1225 739; x_wconf 86' lang='lat' dir='ltr'>primogenitus</span> <span class='ocrx_word' id='word_1_11' title='bbox 1243 669 1316 738; x_wconf 88' lang='lat' dir='ltr'>regis</span> <span class='ocrx_word' id='word_1_12' title='bbox 1335 669 1462 726; x_wconf 78' lang='lat' dir='ltr'>Andreae</span> <span class='ocrx_word' id='word_1_13' title='bbox 1474 674 1598 729; x_wconf 91' lang='lat' dir='ltr'>conside-</span> 
     </span>
     <span class='ocr_line' id='line_1_3' title="bbox 356 755 1595 828; baseline -0.001 -14"><span class='ocrx_word' id='word_1_14' title='bbox 356 775 421 814; x_wconf 87' lang='lat' dir='ltr'>rans</span> <span class='ocrx_word' id='word_1_15' title='bbox 446 757 650 814; x_wconf 86' lang='lat' dir='ltr'>multitudinem</span> <span class='ocrx_word' id='word_1_16' title='bbox 674 756 848 812; x_wconf 83' lang='lat' dir='ltr'>servitiorum</span> <span class='ocrx_word' id='word_1_17' title='bbox 871 755 1008 810; x_wconf 85' lang='lat' dir='ltr'>Buduuae</span> <span class='ocrx_word' id='word_1_18' title='bbox 1026 761 1053 810; x_wconf 93' lang='lat' dir='ltr'>et</span> <span class='ocrx_word' id='word_1_19' title='bbox 1070 755 1185 810; x_wconf 76' lang='lat' dir='ltr'><strong>fratrum</strong></span> <span class='ocrx_word' id='word_1_20' title='bbox 1206 772 1319 812; x_wconf 89' lang='lat' dir='ltr'>suorum</span> <span class='ocrx_word' id='word_1_21' title='bbox 1337 757 1413 812; x_wconf 84' lang='lat' dir='ltr'>Iwan</span> <span class='ocrx_word' id='word_1_22' title='bbox 1431 763 1459 813; x_wconf 91' lang='lat' dir='ltr'>et</span> <span class='ocrx_word' id='word_1_23' title='bbox 1476 759 1595 828; x_wconf 85' lang='lat' dir='ltr'>Leocha,</span> 
     </span>
     <span class='ocr_line' id='line_1_4' title="bbox 356 841 1595 914; baseline 0.001 -14"><span class='ocrx_word' id='word_1_24' title='bbox 356 863 407 902; x_wconf 87' lang='lat' dir='ltr'>nec</span> <span class='ocrx_word' id='word_1_25' title='bbox 424 861 481 901; x_wconf 92' lang='lat' dir='ltr'>non</span> <span class='ocrx_word' id='word_1_26' title='bbox 499 850 682 914; x_wconf 87' lang='lat' dir='ltr'>cognatorum</span> <span class='ocrx_word' id='word_1_27' title='bbox 706 859 821 898; x_wconf 90' lang='lat' dir='ltr'>suorum</span> <span class='ocrx_word' id='word_1_28' title='bbox 846 841 966 912; x_wconf 83' lang='lat' dir='ltr'>Georgii,</span> <span class='ocrx_word' id='word_1_29' title='bbox 991 842 1066 896; x_wconf 80' lang='lat' dir='ltr'>Iwau</span> <span class='ocrx_word' id='word_1_30' title='bbox 1091 841 1139 896; x_wconf 90' lang='lat' dir='ltr'>filii</span> <span class='ocrx_word' id='word_1_31' title='bbox 1161 841 1292 910; x_wconf 86' lang='lat' dir='ltr'>Ladizlai,</span> <span class='ocrx_word' id='word_1_32' title='bbox 1317 844 1450 912; x_wconf 82' lang='lat' dir='ltr'>Birbislai‚</span> <span class='ocrx_word' id='word_1_33' title='bbox 1479 845 1595 913; x_wconf 83' lang='lat' dir='ltr'>Nicolai,</span> 
     </span>
     <span class='ocr_line' id='line_1_5' title="bbox 356 929 1596 1000; baseline -0.001 -12"><span class='ocrx_word' id='word_1_34' title='bbox 356 932 482 998; x_wconf 89' lang='lat' dir='ltr'>Dobcbe,</span> <span class='ocrx_word' id='word_1_35' title='bbox 500 931 625 996; x_wconf 85' lang='lat' dir='ltr'>Miluani,</span> <span class='ocrx_word' id='word_1_36' title='bbox 643 929 749 996; x_wconf 83' lang='lat' dir='ltr'>Budua,</span> <span class='ocrx_word' id='word_1_37' title='bbox 767 930 843 996; x_wconf 82' lang='lat' dir='ltr'>Tolc,</span> <span class='ocrx_word' id='word_1_38' title='bbox 862 930 972 984; x_wconf 84' lang='lat' dir='ltr'>Rosooe</span> <span class='ocrx_word' id='word_1_39' title='bbox 990 935 1018 983; x_wconf 89' lang='lat' dir='ltr'>et</span> <span class='ocrx_word' id='word_1_40' title='bbox 1041 929 1158 984; x_wconf 88' lang='lat' dir='ltr'>aliorum</span> <span class='ocrx_word' id='word_1_41' title='bbox 1176 930 1254 984; x_wconf 85' lang='lat' dir='ltr'>iuxta</span> <span class='ocrx_word' id='word_1_42' title='bbox 1271 929 1394 985; x_wconf 89' lang='lat' dir='ltr'>eiusdem</span> <span class='ocrx_word' id='word_1_43' title='bbox 1412 933 1596 1000; x_wconf 76' lang='lat' dir='ltr'>generationis</span> 
     </span>
     <span class='ocr_line' id='line_1_6' title="bbox 356 1016 1595 1088; baseline 0.001 -15"><span class='ocrx_word' id='word_1_44' title='bbox 356 1019 457 1074; x_wconf 89' lang='lat' dir='ltr'>lineam</span> <span class='ocrx_word' id='word_1_45' title='bbox 475 1017 690 1084; x_wconf 78' lang='lat' dir='ltr'>descedentium,</span> <span class='ocrx_word' id='word_1_46' title='bbox 709 1017 804 1072; x_wconf 83' lang='lat' dir='ltr'>eximit</span> <span class='ocrx_word' id='word_1_47' title='bbox 826 1033 874 1072; x_wconf 91' lang='lat' dir='ltr'>eos</span> <span class='ocrx_word' id='word_1_48' title='bbox 892 1017 929 1070; x_wconf 89' lang='lat' dir='ltr'>ab</span> <span class='ocrx_word' id='word_1_49' title='bbox 956 1016 1120 1085; x_wconf 88' lang='lat' dir='ltr'>obligatoria</span> <span class='ocrx_word' id='word_1_50' title='bbox 1144 1017 1274 1071; x_wconf 79' lang='lat' dir='ltr'>servitute</span> <span class='ocrx_word' id='word_1_51' title='bbox 1298 1018 1379 1072; x_wconf 90' lang='lat' dir='ltr'>castri</span> <span class='ocrx_word' id='word_1_52' title='bbox 1403 1019 1595 1088; x_wconf 83' lang='lat' dir='ltr'>aagrabiensis,</span> 
     </span>
     <span class='ocr_line' id='line_1_7' title="bbox 357 1103 1597 1174; baseline 0.001 -15"><span class='ocrx_word' id='word_1_53' title='bbox 357 1106 452 1161; x_wconf 86' lang='lat' dir='ltr'>voleus</span> <span class='ocrx_word' id='word_1_54' title='bbox 470 1106 547 1160; x_wconf 91' lang='lat' dir='ltr'>utin</span> <span class='ocrx_word' id='word_1_55' title='bbox 567 1105 691 1158; x_wconf 89' lang='lat' dir='ltr'>futurum</span> <span class='ocrx_word' id='word_1_56' title='bbox 709 1103 826 1158; x_wconf 84' lang='lat' dir='ltr'>honesta</span> <span class='ocrx_word' id='word_1_57' title='bbox 838 1103 969 1158; x_wconf 87' lang='lat' dir='ltr'>societate</span> <span class='ocrx_word' id='word_1_58' title='bbox 987 1103 1163 1156; x_wconf 84' lang='lat' dir='ltr'>servientium</span> <span class='ocrx_word' id='word_1_59' title='bbox 1181 1104 1254 1172; x_wconf 89' lang='lat' dir='ltr'>regis</span> <span class='ocrx_word' id='word_1_60' title='bbox 1266 1103 1413 1174; x_wconf 87' lang='lat' dir='ltr'>gaudeant,</span> <span class='ocrx_word' id='word_1_61' title='bbox 1427 1113 1454 1160; x_wconf 87' lang='lat' dir='ltr'>et</span> <span class='ocrx_word' id='word_1_62' title='bbox 1465 1106 1597 1160; x_wconf 76' lang='lat' dir='ltr'>libertatis</span> 
     </span>
     <span class='ocr_line' id='line_1_8' title="bbox 356 1189 1599 1262; baseline 0.001 -16"><span class='ocrx_word' id='word_1_63' title='bbox 356 1191 487 1247; x_wconf 81' lang='lat' dir='ltr'>nobilitas</span> <span class='ocrx_word' id='word_1_64' title='bbox 504 1192 532 1245; x_wconf 92' lang='lat' dir='ltr'>in</span> <span class='ocrx_word' id='word_1_65' title='bbox 550 1197 637 1246; x_wconf 85' lang='lat' dir='ltr'>totam</span> <span class='ocrx_word' id='word_1_66' title='bbox 656 1190 838 1245; x_wconf 86' lang='lat' dir='ltr'>successionis</span> <span class='ocrx_word' id='word_1_67' title='bbox 858 1189 1047 1260; x_wconf 82' lang='lat' dir='ltr'>posteritatem</span> <span class='ocrx_word' id='word_1_68' title='bbox 1065 1189 1281 1244; x_wconf 88' lang='lat' dir='ltr'>transfundatur.</span> <span class='ocrx_word' id='word_1_69' title='bbox 1301 1189 1406 1246; x_wconf 87' lang='lat' dir='ltr'>Datum</span> <span class='ocrx_word' id='word_1_70' title='bbox 1428 1209 1477 1262; x_wconf 89' lang='lat' dir='ltr'>per</span> <span class='ocrx_word' id='word_1_71' title='bbox 1500 1209 1599 1248; x_wconf 89' lang='lat' dir='ltr'>manus</span> 
     </span>
     <span class='ocr_line' id='line_1_9' title="bbox 357 1275 1598 1351; baseline 0.002 -19"><span class='ocrx_word' id='word_1_72' title='bbox 357 1279 481 1334; x_wconf 87' lang='lat' dir='ltr'>Mathiae</span> <span class='ocrx_word' id='word_1_73' title='bbox 498 1278 648 1348; x_wconf 72' lang='lat' dir='ltr'>praepositi</span> <span class='ocrx_word' id='word_1_74' title='bbox 666 1275 853 1346; x_wconf 83' lang='lat' dir='ltr'>zagrabiensis</span> <span class='ocrx_word' id='word_1_75' title='bbox 871 1276 951 1330; x_wconf 86' lang='lat' dir='ltr'>aulae</span> <span class='ocrx_word' id='word_1_76' title='bbox 976 1275 1144 1342; x_wconf 85' lang='lat' dir='ltr'>cancellarii;</span> <span class='ocrx_word' id='word_1_77' title='bbox 1163 1277 1346 1332; x_wconf 79' lang='lat' dir='ltr'>existentibus</span> <span class='ocrx_word' id='word_1_78' title='bbox 1364 1277 1508 1350; x_wconf 81' lang='lat' dir='ltr'>Stephano</span> <span class='ocrx_word' id='word_1_79' title='bbox 1527 1280 1598 1351; x_wconf 88' lang='lat' dir='ltr'>epis·</span> 
     </span>
     <span class='ocr_line' id='line_1_10' title="bbox 357 1362 1454 1438; baseline -0.002 -16"><span class='ocrx_word' id='word_1_80' title='bbox 357 1383 429 1438; x_wconf 87' lang='lat' dir='ltr'>copo</span> <span class='ocrx_word' id='word_1_81' title='bbox 446 1365 625 1436; x_wconf 82' lang='lat' dir='ltr'>sagrabieusi,</span> <span class='ocrx_word' id='word_1_82' title='bbox 645 1363 748 1419; x_wconf 85' lang='lat' dir='ltr'>Alader</span> <span class='ocrx_word' id='word_1_83' title='bbox 765 1365 850 1419; x_wconf 89' lang='lat' dir='ltr'>totius</span> <span class='ocrx_word' id='word_1_84' title='bbox 868 1362 1023 1430; x_wconf 82' lang='lat' dir='ltr'>SIavoaiae,</span> <span class='ocrx_word' id='word_1_85' title='bbox 1042 1363 1134 1418; x_wconf 90' lang='lat' dir='ltr'>Vonie</span> <span class='ocrx_word' id='word_1_86' title='bbox 1151 1363 1187 1418; x_wconf 89' lang='lat' dir='ltr'>de</span> <span class='ocrx_word' id='word_1_87' title='bbox 1205 1364 1347 1419; x_wconf 87' lang='lat' dir='ltr'>maritimis</span> <span class='ocrx_word' id='word_1_88' title='bbox 1366 1364 1454 1421; x_wconf 85' lang='lat' dir='ltr'>banis.</span> 
     </span>
    </p>

    <p class='ocr_par' dir='ltr' id='par_1_3' title="bbox 410 1451 1052 1521">
     <span class='ocr_line' id='line_1_11' title="bbox 410 1451 1052 1521; baseline -0.009 -15"><span class='ocrx_word' id='word_1_89' title='bbox 410 1453 505 1521; x_wconf 58' lang='lat' dir='ltr'>fider:</span> <span class='ocrx_word' id='word_1_90' title='bbox 532 1452 598 1507; x_wconf 81' lang='lat' dir='ltr'>Cod.</span> <span class='ocrx_word' id='word_1_91' title='bbox 621 1452 690 1520; x_wconf 78' lang='lat' dir='ltr'>dipl.</span> <span class='ocrx_word' id='word_1_92' title='bbox 717 1451 745 1506; x_wconf 82' lang='lat' dir='ltr'>T.</span> <span class='ocrx_word' id='word_1_93' title='bbox 763 1453 851 1518; x_wconf 69' lang='lat' dir='ltr'>lira</span> <span class='ocrx_word' id='word_1_94' title='bbox 878 1451 929 1520; x_wconf 85' lang='lat'>11,</span> <span class='ocrx_word' id='word_1_95' title='bbox 944 1467 974 1518; x_wconf 85' lang='lat' dir='ltr'>p.</span> <span class='ocrx_word' id='word_1_96' title='bbox 995 1453 1052 1504; x_wconf 79' lang='grc'><em>481.</em></span> 
     </span>
    </p>
   </div>
   <div class='ocr_carea' id='block_1_3' title="bbox 358 1571 1602 2421">
    <p class='ocr_par' dir='ltr' id='par_1_4' title="bbox 358 1571 1602 2421">
     <span class='ocr_line' id='line_1_12' title="bbox 410 1571 1599 1645; baseline -0.001 -16"><span class='ocrx_word' id='word_1_97' title='bbox 410 1574 571 1629; x_wconf 81' lang='lat' dir='ltr'>chxlx.</span> <span class='ocrx_word' id='word_1_98' title='bbox 591 1575 622 1628; x_wconf 80' lang='grc' dir='ltr'>Α.</span> <span class='ocrx_word' id='word_1_99' title='bbox 641 1575 720 1626; x_wconf 84' lang='lat'><em>1225.</em></span> <span class='ocrx_word' id='word_1_100' title='bbox 740 1571 807 1626; x_wconf 87' lang='lat' dir='ltr'>Bela</span> <span class='ocrx_word' id='word_1_101' title='bbox 824 1589 873 1626; x_wconf 85' lang='lat' dir='ltr'>rex</span> <span class='ocrx_word' id='word_1_102' title='bbox 888 1571 990 1643; x_wconf 88' lang='lat' dir='ltr'>junior,</span> <span class='ocrx_word' id='word_1_103' title='bbox 1009 1573 1141 1628; x_wconf 86' lang='lat' dir='ltr'>ecclesiae</span> <span class='ocrx_word' id='word_1_104' title='bbox 1159 1573 1185 1626; x_wconf 95' lang='lat' dir='ltr'>b.</span> <span class='ocrx_word' id='word_1_105' title='bbox 1204 1573 1241 1627; x_wconf 77' lang='lat' dir='ltr'>lt</span> <span class='ocrx_word' id='word_1_106' title='bbox 1257 1573 1290 1628; x_wconf 93' lang='lat' dir='ltr'>V.</span> <span class='ocrx_word' id='word_1_107' title='bbox 1303 1573 1338 1629; x_wconf 92' lang='lat' dir='ltr'>de</span> <span class='ocrx_word' id='word_1_108' title='bbox 1350 1573 1495 1645; x_wconf 87' lang='lat' dir='ltr'>Topulcha</span> <span class='ocrx_word' id='word_1_109' title='bbox 1507 1576 1599 1630; x_wconf 86' lang='lat' dir='ltr'>cister-</span> 
     </span>
     <span class='ocr_line' id='line_1_13' title="bbox 358 1659 1600 1731; baseline -0.002 -14"><span class='ocrx_word' id='word_1_110' title='bbox 358 1663 459 1718; x_wconf 87' lang='lat' dir='ltr'>ciensis</span> <span class='ocrx_word' id='word_1_111' title='bbox 477 1659 590 1726; x_wconf 89' lang='lat' dir='ltr'>ordinis,</span> <span class='ocrx_word' id='word_1_112' title='bbox 609 1677 626 1714; x_wconf 89' lang='lat' dir='ltr'>a</span> <span class='ocrx_word' id='word_1_113' title='bbox 644 1665 723 1730; x_wconf 90' lang='lat' dir='ltr'>patre</span> <span class='ocrx_word' id='word_1_114' title='bbox 746 1675 810 1728; x_wconf 86' lang='lat' dir='ltr'>rege</span> <span class='ocrx_word' id='word_1_115' title='bbox 835 1659 947 1712; x_wconf 87' lang='lat' dir='ltr'>Andrea</span> <span class='ocrx_word' id='word_1_116' title='bbox 970 1659 1110 1724; x_wconf 83' lang='lat' dir='ltr'>fundatae,</span> <span class='ocrx_word' id='word_1_117' title='bbox 1135 1677 1186 1731; x_wconf 89' lang='lat' dir='ltr'>pro</span> <span class='ocrx_word' id='word_1_118' title='bbox 1211 1661 1300 1715; x_wconf 87' lang='lat' dir='ltr'>salute</span> <span class='ocrx_word' id='word_1_119' title='bbox 1321 1662 1416 1714; x_wconf 90' lang='lat' dir='ltr'>matris</span> <span class='ocrx_word' id='word_1_120' title='bbox 1440 1677 1508 1715; x_wconf 88' lang='lat' dir='ltr'>suae</span> <span class='ocrx_word' id='word_1_121' title='bbox 1532 1659 1600 1716; x_wconf 85' lang='lat' dir='ltr'>Ger·</span> 
     </span>
     <span class='ocr_line' id='line_1_14' title="bbox 358 1744 1601 1816; baseline -0.002 -12"><span class='ocrx_word' id='word_1_122' title='bbox 358 1747 447 1804; x_wconf 89' lang='lat' dir='ltr'>trudis</span> <span class='ocrx_word' id='word_1_123' title='bbox 471 1747 578 1802; x_wconf 83' lang='lat' dir='ltr'>confert</span> <span class='ocrx_word' id='word_1_124' title='bbox 604 1746 632 1799; x_wconf 90' lang='lat' dir='ltr'>in</span> <span class='ocrx_word' id='word_1_125' title='bbox 656 1761 725 1800; x_wconf 88' lang='lat' dir='ltr'>usus</span> <span class='ocrx_word' id='word_1_126' title='bbox 752 1744 868 1799; x_wconf 85' lang='lat' dir='ltr'>fratrum</span> <span class='ocrx_word' id='word_1_127' title='bbox 892 1753 920 1800; x_wconf 92' lang='lat' dir='ltr'>et</span> <span class='ocrx_word' id='word_1_128' title='bbox 938 1763 1091 1816; x_wconf 89' lang='lat' dir='ltr'>pauperum</span> <span class='ocrx_word' id='word_1_129' title='bbox 1111 1748 1348 1814; x_wconf 86' lang='lat' dir='ltr'>sustentationem,</span> <span class='ocrx_word' id='word_1_130' title='bbox 1367 1747 1533 1801; x_wconf 83' lang='lat' dir='ltr'>marturinae</span> <span class='ocrx_word' id='word_1_131' title='bbox 1552 1764 1601 1802; x_wconf 86' lang='lat' dir='ltr'>sex</span> 
     </span>
     <span class='ocr_line' id='line_1_15' title="bbox 360 1831 1599 1906; baseline -0.002 -16"><span class='ocrx_word' id='word_1_132' title='bbox 360 1835 570 1906; x_wconf 79' lang='lat' dir='ltr'>generationum</span> <span class='ocrx_word' id='word_1_133' title='bbox 596 1833 744 1886; x_wconf 83' lang='lat' dir='ltr'>comitatus</span> <span class='ocrx_word' id='word_1_134' title='bbox 770 1831 806 1886; x_wconf 91' lang='lat' dir='ltr'>de</span> <span class='ocrx_word' id='word_1_135' title='bbox 833 1831 916 1898; x_wconf 88' lang='lat' dir='ltr'>Gora,</span> <span class='ocrx_word' id='word_1_136' title='bbox 945 1839 972 1886; x_wconf 88' lang='lat' dir='ltr'>et</span> <span class='ocrx_word' id='word_1_137' title='bbox 996 1831 1108 1902; x_wconf 88' lang='lat' dir='ltr'>quidem</span> <span class='ocrx_word' id='word_1_138' title='bbox 1126 1833 1254 1888; x_wconf 89' lang='lat' dir='ltr'>Pribisiai</span> <span class='ocrx_word' id='word_1_139' title='bbox 1271 1833 1306 1888; x_wconf 92' lang='lat' dir='ltr'>de</span> <span class='ocrx_word' id='word_1_140' title='bbox 1324 1833 1413 1903; x_wconf 88' lang='lat' dir='ltr'>Bojna</span> <span class='ocrx_word' id='word_1_141' title='bbox 1432 1837 1459 1888; x_wconf 90' lang='lat' dir='ltr'>et</span> <span class='ocrx_word' id='word_1_142' title='bbox 1477 1833 1599 1900; x_wconf 79' lang='lat' dir='ltr'>fratrum,</span> 
     </span>
     <span class='ocr_line' id='line_1_16' title="bbox 359 1917 1597 1992; baseline -0.002 -16"><span class='ocrx_word' id='word_1_143' title='bbox 359 1921 483 1992; x_wconf 84' lang='lat' dir='ltr'>Alpreth,</span> <span class='ocrx_word' id='word_1_144' title='bbox 502 1919 614 1974; x_wconf 82' lang='lat' dir='ltr'>Martini</span> <span class='ocrx_word' id='word_1_145' title='bbox 632 1919 681 1974; x_wconf 90' lang='lat' dir='ltr'>filii</span> <span class='ocrx_word' id='word_1_146' title='bbox 699 1917 858 1984; x_wconf 88' lang='lat' dir='ltr'>Brochouis,</span> <span class='ocrx_word' id='word_1_147' title='bbox 878 1917 974 1986; x_wconf 85' lang='lat' dir='ltr'>Ratae,</span> <span class='ocrx_word' id='word_1_148' title='bbox 993 1919 1077 1973; x_wconf 88' lang='lat' dir='ltr'>Bislai</span> <span class='ocrx_word' id='word_1_149' title='bbox 1096 1925 1124 1974; x_wconf 92' lang='lat' dir='ltr'>et</span> <span class='ocrx_word' id='word_1_150' title='bbox 1146 1921 1256 1974; x_wconf 85' lang='lat' dir='ltr'>Trucha</span> <span class='ocrx_word' id='word_1_151' title='bbox 1274 1926 1301 1974; x_wconf 90' lang='lat' dir='ltr'>et</span> <span class='ocrx_word' id='word_1_152' title='bbox 1318 1921 1434 1974; x_wconf 90' lang='lat' dir='ltr'>fratrum</span> <span class='ocrx_word' id='word_1_153' title='bbox 1452 1925 1480 1974; x_wconf 91' lang='lat' dir='ltr'>et</span> <span class='ocrx_word' id='word_1_154' title='bbox 1497 1936 1597 1990; x_wconf 84' lang='lat' dir='ltr'>cogua-</span> 
     </span>
     <span class='ocr_line' id='line_1_17' title="bbox 359 2004 1601 2076; baseline -0.002 -13"><span class='ocrx_word' id='word_1_155' title='bbox 359 2014 452 2063; x_wconf 88' lang='lat' dir='ltr'>torum</span> <span class='ocrx_word' id='word_1_156' title='bbox 479 2021 608 2071; x_wconf 90' lang='lat' dir='ltr'>suorum;</span> <span class='ocrx_word' id='word_1_157' title='bbox 634 2004 722 2060; x_wconf 91' lang='lat' dir='ltr'>donat</span> <span class='ocrx_word' id='word_1_158' title='bbox 749 2005 832 2059; x_wconf 88' lang='lat' dir='ltr'>etiam</span> <span class='ocrx_word' id='word_1_159' title='bbox 858 2023 897 2060; x_wconf 83' lang='lat' dir='ltr'>xx</span> <span class='ocrx_word' id='word_1_160' title='bbox 924 2022 1039 2071; x_wconf 89' lang='lat' dir='ltr'>marcas,</span> <span class='ocrx_word' id='word_1_161' title='bbox 1067 2022 1138 2075; x_wconf 88' lang='lat' dir='ltr'>quas</span> <span class='ocrx_word' id='word_1_162' title='bbox 1165 2007 1308 2060; x_wconf 89' lang='lat' dir='ltr'>annuatim</span> <span class='ocrx_word' id='word_1_163' title='bbox 1330 2005 1413 2060; x_wconf 89' lang='lat' dir='ltr'>iidem</span> <span class='ocrx_word' id='word_1_164' title='bbox 1435 2005 1601 2076; x_wconf 85' lang='lat' dir='ltr'>jobagionee</span> 
     </span>
     <span class='ocr_line' id='line_1_18' title="bbox 360 2089 1602 2163; baseline -0.001 -16"><span class='ocrx_word' id='word_1_165' title='bbox 360 2093 467 2150; x_wconf 82' lang='lat' dir='ltr'>solvere</span> <span class='ocrx_word' id='word_1_166' title='bbox 484 2092 631 2147; x_wconf 90' lang='lat' dir='ltr'>debebant.</span> <span class='ocrx_word' id='word_1_167' title='bbox 656 2092 768 2146; x_wconf 86' lang='lat' dir='ltr'>Testes:</span> <span class='ocrx_word' id='word_1_168' title='bbox 797 2089 971 2146; x_wconf 86' lang='lat' dir='ltr'>Guehulinus</span> <span class='ocrx_word' id='word_1_169' title='bbox 990 2093 1049 2162; x_wconf 87' lang='lat' dir='ltr'>(sic)</span> <span class='ocrx_word' id='word_1_170' title='bbox 1072 2093 1296 2163; x_wconf 82' lang='lat' dir='ltr'>archiepiscopus</span> <span class='ocrx_word' id='word_1_171' title='bbox 1315 2092 1488 2163; x_wconf 85' lang='lat' dir='ltr'>spalatensis,</span> <span class='ocrx_word' id='word_1_172' title='bbox 1508 2093 1602 2146; x_wconf 86' lang='lat' dir='ltr'>Micha</span> 
     </span>
     <span class='ocr_line' id='line_1_19' title="bbox 360 2177 1601 2249; baseline -0.002 -15"><span class='ocrx_word' id='word_1_173' title='bbox 360 2180 493 2243; x_wconf 86' lang='lat' dir='ltr'>tiniensis,</span> <span class='ocrx_word' id='word_1_174' title='bbox 521 2178 658 2232; x_wconf 82' lang='lat' dir='ltr'>Martinus</span> <span class='ocrx_word' id='word_1_175' title='bbox 685 2177 871 2232; x_wconf 82' lang='lat' dir='ltr'>corbaviensis</span> <span class='ocrx_word' id='word_1_176' title='bbox 899 2179 1029 2249; x_wconf 86' lang='lat' dir='ltr'>episcopi,</span> <span class='ocrx_word' id='word_1_177' title='bbox 1058 2179 1093 2232; x_wconf 91' lang='lat' dir='ltr'>N.</span> <span class='ocrx_word' id='word_1_178' title='bbox 1121 2178 1242 2232; x_wconf 89' lang='lat' dir='ltr'>marchio</span> <span class='ocrx_word' id='word_1_179' title='bbox 1269 2179 1368 2233; x_wconf 89' lang='lat' dir='ltr'>Istriae</span> <span class='ocrx_word' id='word_1_180' title='bbox 1396 2178 1549 2233; x_wconf 88' lang='lat' dir='ltr'>avunculus</span> <span class='ocrx_word' id='word_1_181' title='bbox 1568 2195 1601 2232; x_wconf 89' lang='lat' dir='ltr'>ac</span> 
     </span>
     <span class='ocr_line' id='line_1_20' title="bbox 360 2264 1600 2334; baseline -0.002 -13"><span class='ocrx_word' id='word_1_182' title='bbox 360 2273 450 2321; x_wconf 91' lang='lat' dir='ltr'>rector</span> <span class='ocrx_word' id='word_1_183' title='bbox 467 2265 547 2334; x_wconf 90' lang='lat' dir='ltr'>regis,</span> <span class='ocrx_word' id='word_1_184' title='bbox 566 2281 617 2318; x_wconf 87' lang='lat' dir='ltr'>uec</span> <span class='ocrx_word' id='word_1_185' title='bbox 628 2281 683 2318; x_wconf 92' lang='lat' dir='ltr'>uon</span> <span class='ocrx_word' id='word_1_186' title='bbox 697 2281 790 2318; x_wconf 89' lang='lat' dir='ltr'>comes</span> <span class='ocrx_word' id='word_1_187' title='bbox 802 2265 992 2332; x_wconf 88' lang='lat' dir='ltr'>mosonieusis,</span> <span class='ocrx_word' id='word_1_188' title='bbox 1006 2265 1086 2319; x_wconf 84' lang='lat' dir='ltr'>Chelr</span> <span class='ocrx_word' id='word_1_189' title='bbox 1099 2264 1299 2334; x_wconf 89' lang='lat' dir='ltr'>bodrugiensis,</span> <span class='ocrx_word' id='word_1_190' title='bbox 1312 2265 1406 2320; x_wconf 89' lang='lat' dir='ltr'>Pousa</span> <span class='ocrx_word' id='word_1_191' title='bbox 1418 2267 1500 2320; x_wconf 88' lang='lat' dir='ltr'>castri</span> <span class='ocrx_word' id='word_1_192' title='bbox 1512 2265 1600 2331; x_wconf 87' lang='lat' dir='ltr'>ferrei,</span> 
     </span>
     <span class='ocr_line' id='line_1_21' title="bbox 362 2349 1602 2421; baseline -0.002 -14"><span class='ocrx_word' id='word_1_193' title='bbox 362 2351 483 2408; x_wconf 84' lang='lat' dir='ltr'>Michael</span> <span class='ocrx_word' id='word_1_194' title='bbox 495 2351 677 2421; x_wconf 82' lang='lat' dir='ltr'>symigiensis,</span> <span class='ocrx_word' id='word_1_195' title='bbox 688 2349 818 2404; x_wconf 86' lang='lat' dir='ltr'>Wakiam</span> <span class='ocrx_word' id='word_1_196' title='bbox 826 2351 1018 2419; x_wconf 84' lang='lat' dir='ltr'>sagrabiensis‚</span> <span class='ocrx_word' id='word_1_197' title='bbox 1028 2350 1172 2406; x_wconf 84' lang='lat' dir='ltr'>Aladanus</span> <span class='ocrx_word' id='word_1_198' title='bbox 1181 2353 1383 2406; x_wconf 85' lang='lat' dir='ltr'>tavernieorum</span> <span class='ocrx_word' id='word_1_199' title='bbox 1394 2369 1465 2421; x_wconf 89' lang='lat' dir='ltr'>mag.</span> <span class='ocrx_word' id='word_1_200' title='bbox 1476 2351 1602 2406; x_wconf 84' lang='lat' dir='ltr'>Andreas</span> 
     </span>
    </p>
   </div>
   <div class='ocr_carea' id='block_1_4' title="bbox 254 2437 1601 2520">
    <p class='ocr_par' dir='ltr' id='par_1_5' title="bbox 254 2437 1601 2520">
     <span class='ocr_line' id='line_1_22' title="bbox 254 2437 1601 2520; baseline -0.004 -24"><span class='ocrx_word' id='word_1_201' title='bbox 254 2511 257 2520; x_wconf 32' lang='grc' dir='ltr'>Ι</span> <span class='ocrx_word' id='word_1_202' title='bbox 360 2439 556 2510; x_wconf 86' lang='lat' dir='ltr'>dapiferornm,</span> <span class='ocrx_word' id='word_1_203' title='bbox 576 2437 755 2506; x_wconf 88' lang='lat' dir='ltr'>Bagamerius</span> <span class='ocrx_word' id='word_1_204' title='bbox 778 2438 915 2508; x_wconf 87' lang='lat' dir='ltr'>pincerna,</span> <span class='ocrx_word' id='word_1_205' title='bbox 935 2438 1055 2492; x_wconf 84' lang='lat' dir='ltr'>Mathias</span> <span class='ocrx_word' id='word_1_206' title='bbox 1073 2439 1259 2508; x_wconf 86' lang='lat' dir='ltr'>zagrabieusis</span> <span class='ocrx_word' id='word_1_207' title='bbox 1277 2439 1408 2494; x_wconf 86' lang='lat' dir='ltr'>ecclcsiae</span> <span class='ocrx_word' id='word_1_208' title='bbox 1427 2439 1601 2509; x_wconf 85' lang='lat' dir='ltr'>praepositus</span> 
     </span>
    </p>
   </div>
   <div class='ocr_carea' id='block_1_5' title="bbox 361 2523 1369 2699">
    <p class='ocr_par' dir='ltr' id='par_1_6' title="bbox 361 2523 1369 2699">
     <span class='ocr_line' id='line_1_23' title="bbox 361 2523 1369 2596; baseline -0.002 -15"><span class='ocrx_word' id='word_1_209' title='bbox 361 2531 389 2581; x_wconf 89' lang='lat' dir='ltr'>et</span> <span class='ocrx_word' id='word_1_210' title='bbox 406 2525 487 2580; x_wconf 87' lang='lat' dir='ltr'>aulae</span> <span class='ocrx_word' id='word_1_211' title='bbox 505 2523 692 2590; x_wconf 87' lang='lat' dir='ltr'>cancellarius,</span> <span class='ocrx_word' id='word_1_212' title='bbox 712 2523 870 2595; x_wconf 85' lang='lat' dir='ltr'>Stephanus</span> <span class='ocrx_word' id='word_1_213' title='bbox 889 2525 992 2580; x_wconf 87' lang='lat' dir='ltr'>electus</span> <span class='ocrx_word' id='word_1_214' title='bbox 1010 2525 1158 2596; x_wconf 88' lang='lat' dir='ltr'>episcopus</span> <span class='ocrx_word' id='word_1_215' title='bbox 1176 2525 1369 2595; x_wconf 84' lang='lat' dir='ltr'>zagrabicusis.</span> 
     </span>
     <span class='ocr_line' id='line_1_24' title="bbox 418 2629 1101 2699; baseline 0.004 -18"><span class='ocrx_word' id='word_1_216' title='bbox 418 2629 544 2684; x_wconf 78' lang='lat' dir='ltr'>Tkoldit:</span> <span class='ocrx_word' id='word_1_217' title='bbox 562 2631 743 2684; x_wconf 79' lang='lat' dir='ltr'>Monumento</span> <span class='ocrx_word' id='word_1_218' title='bbox 760 2641 822 2698; x_wconf 79' lang='lat' dir='ltr'>epp.</span> <span class='ocrx_word' id='word_1_219' title='bbox 839 2629 950 2699; x_wconf 76' lang='lat' dir='ltr'>roprab.</span> <span class='ocrx_word' id='word_1_220' title='bbox 968 2629 993 2684; x_wconf 92' lang='lat' dir='ltr'>I.</span> <span class='ocrx_word' id='word_1_221' title='bbox 1008 2645 1038 2699; x_wconf 81' lang='lat' dir='ltr'>p.</span> <span class='ocrx_word' id='word_1_222' title='bbox 1058 2633 1101 2684; x_wconf 69' lang='lat'>54.</span> 
     </span>
    </p>
   </div>
   <div class='ocr_carea' id='block_1_6' title="bbox 362 2750 1611 4816">
    <p class='ocr_par' dir='ltr' id='par_1_7' title="bbox 362 2750 1611 4816">
     <span class='ocr_line' id='line_1_25' title="bbox 415 2750 1603 2821; baseline 0.002 -17"><span class='ocrx_word' id='word_1_223' title='bbox 415 2750 559 2804; x_wconf 85' lang='lat' dir='ltr'>CLXXX.</span> <span class='ocrx_word' id='word_1_224' title='bbox 578 2753 605 2804; x_wconf 83' lang='grc' dir='ltr'><strong><em>Δ</em></strong></span> <span class='ocrx_word' id='word_1_225' title='bbox 625 2753 699 2806; x_wconf 81' lang='lat'><em>1225.</em></span> <span class='ocrx_word' id='word_1_226' title='bbox 718 2750 786 2806; x_wconf 89' lang='lat' dir='ltr'>Bela</span> <span class='ocrx_word' id='word_1_227' title='bbox 803 2767 852 2805; x_wconf 90' lang='lat' dir='ltr'>rcx</span> <span class='ocrx_word' id='word_1_228' title='bbox 872 2750 967 2820; x_wconf 91' lang='lat' dir='ltr'>junior</span> <span class='ocrx_word' id='word_1_229' title='bbox 992 2751 1119 2806; x_wconf 87' lang='lat' dir='ltr'>concedit</span> <span class='ocrx_word' id='word_1_230' title='bbox 1136 2751 1292 2821; x_wconf 87' lang='lat' dir='ltr'>hospitibus</span> <span class='ocrx_word' id='word_1_231' title='bbox 1313 2751 1348 2806; x_wconf 91' lang='lat' dir='ltr'>de</span> <span class='ocrx_word' id='word_1_232' title='bbox 1366 2751 1466 2806; x_wconf 90' lang='lat' dir='ltr'>Peruia</span> <span class='ocrx_word' id='word_1_233' title='bbox 1484 2752 1603 2820; x_wconf 83' lang='lat' dir='ltr'>(Perina)</span> 
     </span>
     <span class='ocr_line' id='line_1_26' title="bbox 362 2837 1603 2908; baseline 0 -16"><span class='ocrx_word' id='word_1_234' title='bbox 362 2837 434 2892; x_wconf 88' lang='lat' dir='ltr'>hanc</span> <span class='ocrx_word' id='word_1_235' title='bbox 451 2837 620 2892; x_wconf 85' lang='lat' dir='ltr'>libertatem:</span> <span class='ocrx_word' id='word_1_236' title='bbox 640 2843 671 2892; x_wconf 91' lang='lat' dir='ltr'>ut</span> <span class='ocrx_word' id='word_1_237' title='bbox 689 2853 738 2908; x_wconf 85' lang='lat' dir='ltr'>per</span> <span class='ocrx_word' id='word_1_238' title='bbox 756 2843 862 2908; x_wconf 89' lang='lat' dir='ltr'>septem</span> <span class='ocrx_word' id='word_1_239' title='bbox 880 2855 969 2892; x_wconf 90' lang='lat' dir='ltr'>annos</span> <span class='ocrx_word' id='word_1_240' title='bbox 987 2839 1015 2891; x_wconf 92' lang='lat' dir='ltr'>in</span> <span class='ocrx_word' id='word_1_241' title='bbox 1037 2839 1114 2892; x_wconf 89' lang='lat' dir='ltr'>nullo</span> <span class='ocrx_word' id='word_1_242' title='bbox 1133 2839 1157 2892; x_wconf 91' lang='lat' dir='ltr'>ei</span> <span class='ocrx_word' id='word_1_243' title='bbox 1179 2845 1332 2904; x_wconf 90' lang='lat' dir='ltr'>teneantur,</span> <span class='ocrx_word' id='word_1_244' title='bbox 1351 2855 1401 2892; x_wconf 90' lang='lat' dir='ltr'>nec</span> <span class='ocrx_word' id='word_1_245' title='bbox 1420 2837 1510 2893; x_wconf 91' lang='lat' dir='ltr'>forum</span> <span class='ocrx_word' id='word_1_246' title='bbox 1527 2837 1603 2908; x_wconf 88' lang='lat' dir='ltr'>quod</span> 
     </span>
     <span class='ocr_line' id='line_1_27' title="bbox 362 2922 1602 2996; baseline -0.001 -18"><span class='ocrx_word' id='word_1_247' title='bbox 362 2923 401 2978; x_wconf 94' lang='lat' dir='ltr'>ibi</span> <span class='ocrx_word' id='word_1_248' title='bbox 418 2922 572 2979; x_wconf 88' lang='lat' dir='ltr'>celebratur</span> <span class='ocrx_word' id='word_1_249' title='bbox 590 2941 640 2994; x_wconf 89' lang='lat' dir='ltr'>per</span> <span class='ocrx_word' id='word_1_250' title='bbox 663 2925 839 2996; x_wconf 85' lang='lat' dir='ltr'>septennium</span> <span class='ocrx_word' id='word_1_251' title='bbox 862 2925 997 2978; x_wconf 88' lang='lat' dir='ltr'>tributum</span> <span class='ocrx_word' id='word_1_252' title='bbox 1021 2925 1159 2994; x_wconf 82' lang='lat' dir='ltr'>persolvat</span> <span class='ocrx_word' id='word_1_253' title='bbox 1166 2942 1173 2990; x_wconf 86' lang='lat'>;</span> <span class='ocrx_word' id='word_1_254' title='bbox 1197 2925 1342 2978; x_wconf 89' lang='lat' dir='ltr'>transactis</span> <span class='ocrx_word' id='word_1_255' title='bbox 1367 2940 1432 2978; x_wconf 81' lang='lat' dir='ltr'>vero</span> <span class='ocrx_word' id='word_1_256' title='bbox 1453 2924 1496 2977; x_wconf 89' lang='lat' dir='ltr'>his</span> <span class='ocrx_word' id='word_1_257' title='bbox 1515 2923 1602 2989; x_wconf 88' lang='lat' dir='ltr'>anuis,</span> 
     </span>
     <span class='ocr_line' id='line_1_28' title="bbox 362 3011 1603 3082; baseline -0.001 -17"><span class='ocrx_word' id='word_1_258' title='bbox 362 3011 505 3066; x_wconf 74' lang='lat' dir='ltr'>aunuadm</span> <span class='ocrx_word' id='word_1_259' title='bbox 522 3017 635 3065; x_wconf 88' lang='lat' dir='ltr'>centum</span> <span class='ocrx_word' id='word_1_260' title='bbox 652 3027 753 3082; x_wconf 85' lang='lat' dir='ltr'>pensas</span> <span class='ocrx_word' id='word_1_261' title='bbox 772 3011 830 3080; x_wconf 91' lang='lat' dir='ltr'>regi</span> <span class='ocrx_word' id='word_1_262' title='bbox 848 3011 1014 3081; x_wconf 83' lang='lat' dir='ltr'>persolvant,</span> <span class='ocrx_word' id='word_1_263' title='bbox 1033 3011 1076 3066; x_wconf 80' lang='lat' dir='ltr'>vel</span> <span class='ocrx_word' id='word_1_264' title='bbox 1094 3011 1280 3065; x_wconf 86' lang='lat' dir='ltr'>dexterarinm</span> <span class='ocrx_word' id='word_1_265' title='bbox 1292 3017 1334 3066; x_wconf 90' lang='lat' dir='ltr'>tot</span> <span class='ocrx_word' id='word_1_266' title='bbox 1346 3012 1439 3081; x_wconf 87' lang='lat' dir='ltr'>peusis</span> <span class='ocrx_word' id='word_1_267' title='bbox 1451 3011 1603 3076; x_wconf 67' lang='lat' dir='ltr'>valentem</span> 
     </span>
     <span class='ocr_line' id='line_1_29' title="bbox 362 3097 1603 3168; baseline -0.001 -16"><span class='ocrx_word' id='word_1_268' title='bbox 362 3097 458 3152; x_wconf 89' lang='lat' dir='ltr'>tributi</span> <span class='ocrx_word' id='word_1_269' title='bbox 475 3103 569 3152; x_wconf 91' lang='lat' dir='ltr'>autem</span> <span class='ocrx_word' id='word_1_270' title='bbox 586 3098 667 3152; x_wconf 86' lang='lat' dir='ltr'>tertia</span> <span class='ocrx_word' id='word_1_271' title='bbox 691 3113 755 3167; x_wconf 87' lang='lat' dir='ltr'>pars</span> <span class='ocrx_word' id='word_1_272' title='bbox 778 3099 876 3152; x_wconf 89' lang='lat' dir='ltr'>maiori</span> <span class='ocrx_word' id='word_1_273' title='bbox 900 3097 1024 3152; x_wconf 85' lang='lat' dir='ltr'>eiusdem</span> <span class='ocrx_word' id='word_1_274' title='bbox 1048 3097 1128 3151; x_wconf 84' lang='lat' dir='ltr'>villae</span> <span class='ocrx_word' id='word_1_275' title='bbox 1147 3103 1252 3168; x_wconf 88' lang='lat' dir='ltr'>spectet</span> <span class='ocrx_word' id='word_1_276' title='bbox 1266 3097 1459 3167; x_wconf 84' lang='lat' dir='ltr'>jurisdictioni,</span> <span class='ocrx_word' id='word_1_277' title='bbox 1478 3097 1603 3152; x_wconf 85' lang='lat' dir='ltr'>residuas</span> 
     </span>
     <span class='ocr_line' id='line_1_30' title="bbox 362 3183 1604 3254; baseline 0 -16"><span class='ocrx_word' id='word_1_278' title='bbox 362 3189 457 3240; x_wconf 82' lang='lat' dir='ltr'>autem</span> <span class='ocrx_word' id='word_1_279' title='bbox 481 3189 573 3254; x_wconf 85' lang='lat' dir='ltr'>partes</span> <span class='ocrx_word' id='word_1_280' title='bbox 598 3185 655 3252; x_wconf 89' lang='lat' dir='ltr'>regi</span> <span class='ocrx_word' id='word_1_281' title='bbox 679 3183 799 3238; x_wconf 89' lang='lat' dir='ltr'>debeant</span> <span class='ocrx_word' id='word_1_282' title='bbox 822 3183 1014 3250; x_wconf 88' lang='lat' dir='ltr'>administrari,</span> <span class='ocrx_word' id='word_1_283' title='bbox 1038 3201 1089 3238; x_wconf 92' lang='lat' dir='ltr'>uec</span> <span class='ocrx_word' id='word_1_284' title='bbox 1107 3184 1206 3254; x_wconf 89' lang='lat' dir='ltr'>aliquis</span> <span class='ocrx_word' id='word_1_285' title='bbox 1230 3201 1278 3238; x_wconf 88' lang='lat' dir='ltr'>eos</span> <span class='ocrx_word' id='word_1_286' title='bbox 1305 3190 1413 3254; x_wconf 88' lang='lat' dir='ltr'>praeter</span> <span class='ocrx_word' id='word_1_287' title='bbox 1431 3183 1604 3238; x_wconf 79' lang='lat' dir='ltr'>defensorem</span> 
     </span>
     <span class='ocr_line' id='line_1_31' title="bbox 362 3269 1604 3342; baseline -0.002 -16"><span class='ocrx_word' id='word_1_288' title='bbox 362 3273 494 3342; x_wconf 88' lang='lat' dir='ltr'>ipsorum,</span> <span class='ocrx_word' id='word_1_289' title='bbox 513 3287 530 3324; x_wconf 86' lang='lat' dir='ltr'>a</span> <span class='ocrx_word' id='word_1_290' title='bbox 548 3287 613 3339; x_wconf 87' lang='lat' dir='ltr'>rege</span> <span class='ocrx_word' id='word_1_291' title='bbox 637 3276 780 3336; x_wconf 87' lang='lat' dir='ltr'>statutum,</span> <span class='ocrx_word' id='word_1_292' title='bbox 805 3270 908 3324; x_wconf 89' lang='lat' dir='ltr'>audeat</span> <span class='ocrx_word' id='word_1_293' title='bbox 931 3269 1059 3336; x_wconf 88' lang='lat' dir='ltr'>iudicare,</span> <span class='ocrx_word' id='word_1_294' title='bbox 1084 3271 1233 3340; x_wconf 89' lang='lat' dir='ltr'>appellatio</span> <span class='ocrx_word' id='word_1_295' title='bbox 1257 3277 1350 3325; x_wconf 85' lang='lat' dir='ltr'>autem</span> <span class='ocrx_word' id='word_1_296' title='bbox 1377 3287 1478 3326; x_wconf 85' lang='lat' dir='ltr'>causae</span> <span class='ocrx_word' id='word_1_297' title='bbox 1502 3269 1604 3326; x_wconf 84' lang='lat' dir='ltr'>fiatad</span> 
     </span>
     <span class='ocr_line' id='line_1_32' title="bbox 363 3355 1604 3428; baseline 0 -16"><span class='ocrx_word' id='word_1_298' title='bbox 363 3374 464 3426; x_wconf 89' lang='lat' dir='ltr'>regem.</span> <span class='ocrx_word' id='word_1_299' title='bbox 484 3355 515 3411; x_wconf 85' lang='lat' dir='ltr'>Si</span> <span class='ocrx_word' id='word_1_300' title='bbox 533 3357 628 3410; x_wconf 90' lang='lat' dir='ltr'>Bauus</span> <span class='ocrx_word' id='word_1_301' title='bbox 647 3357 686 3410; x_wconf 88' lang='lat' dir='ltr'>eis</span> <span class='ocrx_word' id='word_1_302' title='bbox 704 3356 739 3410; x_wconf 88' lang='lat' dir='ltr'>ad</span> <span class='ocrx_word' id='word_1_303' title='bbox 758 3357 880 3412; x_wconf 87' lang='lat' dir='ltr'>valorem</span> <span class='ocrx_word' id='word_1_304' title='bbox 904 3357 986 3411; x_wconf 91' lang='lat' dir='ltr'>unius</span> <span class='ocrx_word' id='word_1_305' title='bbox 1010 3373 1118 3411; x_wconf 89' lang='lat' dir='ltr'>marcae</span> <span class='ocrx_word' id='word_1_306' title='bbox 1137 3357 1289 3428; x_wconf 90' lang='lat' dir='ltr'>dampnum</span> <span class='ocrx_word' id='word_1_307' title='bbox 1307 3357 1409 3424; x_wconf 87' lang='lat' dir='ltr'>fecerit,</span> <span class='ocrx_word' id='word_1_308' title='bbox 1428 3357 1456 3410; x_wconf 93' lang='lat' dir='ltr'>in</span> <span class='ocrx_word' id='word_1_309' title='bbox 1474 3357 1604 3428; x_wconf 88' lang='lat' dir='ltr'>centuplo</span> 
     </span>
     <span class='ocr_line' id='line_1_33' title="bbox 364 3441 1605 3513; baseline 0 -15"><span class='ocrx_word' id='word_1_310' title='bbox 364 3444 508 3498; x_wconf 87' lang='lat' dir='ltr'>restituere</span> <span class='ocrx_word' id='word_1_311' title='bbox 525 3443 616 3509; x_wconf 90' lang='lat' dir='ltr'>debet,</span> <span class='ocrx_word' id='word_1_312' title='bbox 636 3443 708 3498; x_wconf 91' lang='lat' dir='ltr'>bano</span> <span class='ocrx_word' id='word_1_313' title='bbox 726 3460 782 3498; x_wconf 92' lang='lat' dir='ltr'>nou</span> <span class='ocrx_word' id='word_1_314' title='bbox 810 3442 886 3497; x_wconf 89' lang='lat' dir='ltr'>aliud</span> <span class='ocrx_word' id='word_1_315' title='bbox 905 3459 988 3513; x_wconf 89' lang='lat' dir='ltr'>quam</span> <span class='ocrx_word' id='word_1_316' title='bbox 1007 3441 1105 3497; x_wconf 91' lang='lat' dir='ltr'>domos</span> <span class='ocrx_word' id='word_1_317' title='bbox 1124 3459 1190 3497; x_wconf 91' lang='lat' dir='ltr'>suas</span> <span class='ocrx_word' id='word_1_318' title='bbox 1208 3443 1352 3497; x_wconf 88' lang='lat' dir='ltr'>occasione</span> <span class='ocrx_word' id='word_1_319' title='bbox 1369 3443 1521 3498; x_wconf 82' lang='lat' dir='ltr'>descensus</span> <span class='ocrx_word' id='word_1_320' title='bbox 1539 3443 1605 3498; x_wconf 89' lang='lat' dir='ltr'>dare</span> 
     </span>
     <span class='ocr_line' id='line_1_34' title="bbox 364 3529 1605 3600; baseline 0 -16"><span class='ocrx_word' id='word_1_321' title='bbox 364 3537 517 3595; x_wconf 87' lang='lat' dir='ltr'>teneantur,</span> <span class='ocrx_word' id='word_1_322' title='bbox 536 3529 665 3599; x_wconf 81' lang='lat' dir='ltr'>proeliis</span> <span class='ocrx_word' id='word_1_323' title='bbox 687 3530 898 3586; x_wconf 87' lang='lat' dir='ltr'>necessitatibus</span> <span class='ocrx_word' id='word_1_324' title='bbox 920 3530 1060 3600; x_wconf 88' lang='lat' dir='ltr'>praecium</span> <span class='ocrx_word' id='word_1_325' title='bbox 1082 3530 1230 3600; x_wconf 87' lang='lat' dir='ltr'>recipiunt;</span> <span class='ocrx_word' id='word_1_326' title='bbox 1254 3529 1328 3584; x_wconf 88' lang='lat' dir='ltr'>bona</span> <span class='ocrx_word' id='word_1_327' title='bbox 1347 3545 1399 3584; x_wconf 89' lang='lat' dir='ltr'>sua</span> <span class='ocrx_word' id='word_1_328' title='bbox 1416 3530 1533 3600; x_wconf 89' lang='lat' dir='ltr'>quilibet</span> <span class='ocrx_word' id='word_1_329' title='bbox 1549 3531 1605 3584; x_wconf 86' lang='lat' dir='ltr'>oui·</span> 
     </span>
     <span class='ocr_line' id='line_1_35' title="bbox 364 3615 1606 3688; baseline 0 -18"><span class='ocrx_word' id='word_1_330' title='bbox 364 3617 431 3670; x_wconf 89' lang='lat' dir='ltr'>libet</span> <span class='ocrx_word' id='word_1_331' title='bbox 448 3615 567 3670; x_wconf 86' lang='lat' dir='ltr'>testandi</span> <span class='ocrx_word' id='word_1_332' title='bbox 584 3615 686 3671; x_wconf 89' lang='lat' dir='ltr'>haheat</span> <span class='ocrx_word' id='word_1_333' title='bbox 704 3617 875 3683; x_wconf 65' lang='lat' dir='ltr'>facultatem</span> <span class='ocrx_word' id='word_1_334' title='bbox 894 3617 918 3671; x_wconf 88' lang='lat' dir='ltr'>si</span> <span class='ocrx_word' id='word_1_335' title='bbox 936 3616 1060 3688; x_wconf 86' lang='lat' dir='ltr'>prolibus</span> <span class='ocrx_word' id='word_1_336' title='bbox 1077 3617 1203 3682; x_wconf 89' lang='lat' dir='ltr'>caruerit,</span> <span class='ocrx_word' id='word_1_337' title='bbox 1222 3616 1337 3670; x_wconf 93' lang='lat' dir='ltr'>domum</span> <span class='ocrx_word' id='word_1_338' title='bbox 1349 3633 1429 3671; x_wconf 88' lang='lat' dir='ltr'>suam</span> <span class='ocrx_word' id='word_1_339' title='bbox 1446 3616 1565 3671; x_wconf 82' lang='lat' dir='ltr'>vendere</span> <span class='ocrx_word' id='word_1_340' title='bbox 1577 3621 1606 3670; x_wconf 90' lang='lat' dir='ltr'>et</span> 
     </span>
     <span class='ocr_line' id='line_1_36' title="bbox 364 3702 1605 3774; baseline -0.001 -17"><span class='ocrx_word' id='word_1_341' title='bbox 364 3703 499 3772; x_wconf 75' lang='lat' dir='ltr'>emigrare</span> <span class='ocrx_word' id='word_1_342' title='bbox 517 3703 647 3772; x_wconf 88' lang='lat' dir='ltr'>cuiquam</span> <span class='ocrx_word' id='word_1_343' title='bbox 670 3702 783 3757; x_wconf 89' lang='lat' dir='ltr'>licitum.</span> <span class='ocrx_word' id='word_1_344' title='bbox 807 3703 993 3768; x_wconf 80' lang='lat' dir='ltr'>Sacerdotem,</span> <span class='ocrx_word' id='word_1_345' title='bbox 1018 3719 1219 3773; x_wconf 90' lang='lat' dir='ltr'>quemcumque</span> <span class='ocrx_word' id='word_1_346' title='bbox 1241 3703 1384 3768; x_wconf 85' lang='lat' dir='ltr'>volueriut,</span> <span class='ocrx_word' id='word_1_347' title='bbox 1403 3704 1524 3773; x_wconf 86' lang='lat' dir='ltr'>recipere</span> <span class='ocrx_word' id='word_1_348' title='bbox 1542 3719 1605 3774; x_wconf 90' lang='lat' dir='ltr'>pos·</span> 
     </span>
     <span class='ocr_line' id='line_1_37' title="bbox 365 3787 1607 3860; baseline 0.001 -17"><span class='ocrx_word' id='word_1_349' title='bbox 365 3795 437 3844; x_wconf 88' lang='lat' dir='ltr'>sunt.</span> <span class='ocrx_word' id='word_1_350' title='bbox 455 3790 601 3844; x_wconf 87' lang='lat' dir='ltr'>Praeterea</span> <span class='ocrx_word' id='word_1_351' title='bbox 619 3789 742 3858; x_wconf 86' lang='lat' dir='ltr'>assignat</span> <span class='ocrx_word' id='word_1_352' title='bbox 759 3789 813 3843; x_wconf 87' lang='lat' dir='ltr'>illis</span> <span class='ocrx_word' id='word_1_353' title='bbox 831 3796 953 3844; x_wconf 89' lang='lat' dir='ltr'>montem</span> <span class='ocrx_word' id='word_1_354' title='bbox 972 3787 1090 3844; x_wconf 85' lang='lat' dir='ltr'>Grachie</span> <span class='ocrx_word' id='word_1_355' title='bbox 1109 3805 1159 3843; x_wconf 89' lang='lat' dir='ltr'>nec</span> <span class='ocrx_word' id='word_1_356' title='bbox 1177 3806 1232 3844; x_wconf 93' lang='lat' dir='ltr'>non</span> <span class='ocrx_word' id='word_1_357' title='bbox 1250 3795 1352 3842; x_wconf 88' lang='lat' dir='ltr'>terram</span> <span class='ocrx_word' id='word_1_358' title='bbox 1365 3789 1447 3843; x_wconf 82' lang='lat' dir='ltr'>Zalac</span> <span class='ocrx_word' id='word_1_359' title='bbox 1466 3807 1516 3859; x_wconf 91' lang='lat' dir='ltr'>pro</span> <span class='ocrx_word' id='word_1_360' title='bbox 1529 3790 1607 3860; x_wconf 84' lang='lat' dir='ltr'>plau-</span> 
     </span>
     <span class='ocr_line' id='line_1_38' title="bbox 364 3874 1607 3941; baseline 0 -10"><span class='ocrx_word' id='word_1_361' title='bbox 364 3875 456 3931; x_wconf 81' lang='lat' dir='ltr'>tandis</span> <span class='ocrx_word' id='word_1_362' title='bbox 474 3875 569 3930; x_wconf 84' lang='lat' dir='ltr'>vineis.</span> <span class='ocrx_word' id='word_1_363' title='bbox 589 3875 735 3929; x_wconf 84' lang='lat' dir='ltr'>Terrarum</span> <span class='ocrx_word' id='word_1_364' title='bbox 753 3882 846 3930; x_wconf 88' lang='lat' dir='ltr'>autem</span> <span class='ocrx_word' id='word_1_365' title='bbox 865 3875 972 3930; x_wconf 84' lang='lat' dir='ltr'>termini</span> <span class='ocrx_word' id='word_1_366' title='bbox 990 3875 1018 3929; x_wconf 92' lang='lat' dir='ltr'>hi</span> <span class='ocrx_word' id='word_1_367' title='bbox 1037 3881 1114 3928; x_wconf 88' lang='lat' dir='ltr'>sunt:</span> <span class='ocrx_word' id='word_1_368' title='bbox 1134 3874 1170 3928; x_wconf 87' lang='lat' dir='ltr'>ab</span> <span class='ocrx_word' id='word_1_369' title='bbox 1188 3875 1301 3941; x_wconf 85' lang='lat' dir='ltr'>oriente,</span> <span class='ocrx_word' id='word_1_370' title='bbox 1321 3875 1368 3928; x_wconf 90' lang='lat' dir='ltr'>ubi</span> <span class='ocrx_word' id='word_1_371' title='bbox 1387 3876 1475 3930; x_wconf 90' lang='lat' dir='ltr'>minor</span> <span class='ocrx_word' id='word_1_372' title='bbox 1491 3875 1607 3931; x_wconf 86' lang='lat' dir='ltr'>Cheme·</span> 
     </span>
     <span class='ocr_line' id='line_1_39' title="bbox 365 3959 1607 4031; baseline 0.001 -15"><span class='ocrx_word' id='word_1_373' title='bbox 365 3963 427 4017; x_wconf 89' lang='lat' dir='ltr'>nica</span> <span class='ocrx_word' id='word_1_374' title='bbox 445 3961 519 4016; x_wconf 90' lang='lat' dir='ltr'>cadit</span> <span class='ocrx_word' id='word_1_375' title='bbox 536 3963 564 4015; x_wconf 93' lang='lat' dir='ltr'>in</span> <span class='ocrx_word' id='word_1_376' title='bbox 582 3977 712 4031; x_wconf 86' lang='lat' dir='ltr'>magnam</span> <span class='ocrx_word' id='word_1_377' title='bbox 736 3962 835 4016; x_wconf 92' lang='lat' dir='ltr'>Pernia</span> <span class='ocrx_word' id='word_1_378' title='bbox 847 3979 855 4028; x_wconf 69' lang='grc' dir='ltr'><strong><em>ς</em></strong></span> <span class='ocrx_word' id='word_1_379' title='bbox 880 3961 979 4016; x_wconf 82' lang='lat' dir='ltr'>exinde</span> <span class='ocrx_word' id='word_1_380' title='bbox 1003 3962 1092 4015; x_wconf 91' lang='lat' dir='ltr'>minor</span> <span class='ocrx_word' id='word_1_381' title='bbox 1119 3961 1242 4028; x_wconf 83' lang='lat' dir='ltr'>Persica,</span> <span class='ocrx_word' id='word_1_382' title='bbox 1266 3959 1393 4031; x_wconf 80' lang='lat' dir='ltr'>dirigitur</span> <span class='ocrx_word' id='word_1_383' title='bbox 1420 3977 1515 4016; x_wconf 88' lang='lat' dir='ltr'>versus</span> <span class='ocrx_word' id='word_1_384' title='bbox 1537 3963 1607 4018; x_wconf 91' lang='lat' dir='ltr'>occi·</span> 
     </span>
     <span class='ocr_line' id='line_1_40' title="bbox 365 4047 1608 4118; baseline 0.001 -16"><span class='ocrx_word' id='word_1_385' title='bbox 365 4047 475 4102; x_wconf 89' lang='lat' dir='ltr'>dentem</span> <span class='ocrx_word' id='word_1_386' title='bbox 494 4047 641 4118; x_wconf 85' lang='lat' dir='ltr'>perviam,</span> <span class='ocrx_word' id='word_1_387' title='bbox 666 4065 738 4118; x_wconf 88' lang='lat' dir='ltr'>quae</span> <span class='ocrx_word' id='word_1_388' title='bbox 761 4047 796 4102; x_wconf 90' lang='lat' dir='ltr'>ad</span> <span class='ocrx_word' id='word_1_389' title='bbox 820 4047 968 4102; x_wconf 88' lang='lat' dir='ltr'>cruciferos</span> <span class='ocrx_word' id='word_1_390' title='bbox 992 4047 1080 4114; x_wconf 80' lang='lat' dir='ltr'>vedit3</span> <span class='ocrx_word' id='word_1_391' title='bbox 1105 4047 1153 4102; x_wconf 88' lang='lat' dir='ltr'>ubi</span> <span class='ocrx_word' id='word_1_392' title='bbox 1178 4048 1240 4117; x_wconf 87' lang='lat' dir='ltr'>ipsa</span> <span class='ocrx_word' id='word_1_393' title='bbox 1263 4049 1308 4102; x_wconf 84' lang='lat' dir='ltr'>ria</span> <span class='ocrx_word' id='word_1_394' title='bbox 1332 4055 1359 4102; x_wconf 91' lang='lat' dir='ltr'>et</span> <span class='ocrx_word' id='word_1_395' title='bbox 1383 4047 1561 4103; x_wconf 85' lang='lat' dir='ltr'>Prichlisnioa</span> <span class='ocrx_word' id='word_1_396' title='bbox 1580 4055 1608 4104; x_wconf 91' lang='lat' dir='ltr'>et</span> 
     </span>
     <span class='ocr_line' id='line_1_41' title="bbox 366 4134 1607 4206; baseline 0 -17"><span class='ocrx_word' id='word_1_397' title='bbox 366 4136 456 4190; x_wconf 91' lang='lat' dir='ltr'>Perna</span> <span class='ocrx_word' id='word_1_398' title='bbox 473 4135 555 4189; x_wconf 90' lang='lat' dir='ltr'>simul</span> <span class='ocrx_word' id='word_1_399' title='bbox 569 4135 690 4200; x_wconf 87' lang='lat' dir='ltr'>veniunt,</span> <span class='ocrx_word' id='word_1_400' title='bbox 709 4134 746 4188; x_wconf 93' lang='lat' dir='ltr'>ibi</span> <span class='ocrx_word' id='word_1_401' title='bbox 765 4140 808 4189; x_wconf 83' lang='lat' dir='ltr'>cst</span> <span class='ocrx_word' id='word_1_402' title='bbox 825 4141 911 4190; x_wconf 89' lang='lat' dir='ltr'>meta:</span> <span class='ocrx_word' id='word_1_403' title='bbox 931 4135 1108 4188; x_wconf 91' lang='lat' dir='ltr'>Prichlisuica</span> <span class='ocrx_word' id='word_1_404' title='bbox 1127 4139 1219 4188; x_wconf 87' lang='lat' dir='ltr'>autem</span> <span class='ocrx_word' id='word_1_405' title='bbox 1238 4134 1363 4190; x_wconf 90' lang='lat' dir='ltr'>ascendit</span> <span class='ocrx_word' id='word_1_406' title='bbox 1375 4135 1410 4189; x_wconf 91' lang='lat' dir='ltr'>ad</span> <span class='ocrx_word' id='word_1_407' title='bbox 1424 4141 1508 4206; x_wconf 87' lang='lat' dir='ltr'>caput</span> <span class='ocrx_word' id='word_1_408' title='bbox 1519 4136 1607 4206; x_wconf 90' lang='lat' dir='ltr'>ipsius</span> 
     </span>
     <span class='ocr_line' id='line_1_42' title="bbox 366 4220 1609 4292; baseline 0.001 -18"><span class='ocrx_word' id='word_1_409' title='bbox 366 4221 458 4287; x_wconf 89' lang='lat' dir='ltr'>fontis,</span> <span class='ocrx_word' id='word_1_410' title='bbox 477 4221 515 4274; x_wconf 92' lang='lat' dir='ltr'>ibi</span> <span class='ocrx_word' id='word_1_411' title='bbox 528 4227 570 4275; x_wconf 86' lang='lat' dir='ltr'>est</span> <span class='ocrx_word' id='word_1_412' title='bbox 582 4227 670 4288; x_wconf 83' lang='lat' dir='ltr'>meta3</span> <span class='ocrx_word' id='word_1_413' title='bbox 689 4222 766 4274; x_wconf 85' lang='lat' dir='ltr'>iuxta</span> <span class='ocrx_word' id='word_1_414' title='bbox 779 4221 903 4275; x_wconf 84' lang='lat' dir='ltr'>semitam</span> <span class='ocrx_word' id='word_1_415' title='bbox 917 4220 1090 4276; x_wconf 85' lang='lat' dir='ltr'>dextrorsum</span> <span class='ocrx_word' id='word_1_416' title='bbox 1101 4220 1176 4276; x_wconf 87' lang='lat' dir='ltr'>vadit</span> <span class='ocrx_word' id='word_1_417' title='bbox 1188 4221 1222 4275; x_wconf 90' lang='lat' dir='ltr'>ad</span> <span class='ocrx_word' id='word_1_418' title='bbox 1236 4227 1321 4292; x_wconf 88' lang='lat' dir='ltr'>caput</span> <span class='ocrx_word' id='word_1_419' title='bbox 1333 4237 1423 4290; x_wconf 88' lang='lat' dir='ltr'>aquae</span> <span class='ocrx_word' id='word_1_420' title='bbox 1435 4221 1609 4288; x_wconf 88' lang='lat' dir='ltr'>Jelesnicha;</span> 
     </span>
     <span class='ocr_line' id='line_1_43' title="bbox 366 4307 1609 4378; baseline 0.001 -17"><span class='ocrx_word' id='word_1_421' title='bbox 366 4325 439 4377; x_wconf 87' lang='lat' dir='ltr'>aqua</span> <span class='ocrx_word' id='word_1_422' title='bbox 457 4313 551 4361; x_wconf 87' lang='lat' dir='ltr'>autem</span> <span class='ocrx_word' id='word_1_423' title='bbox 574 4308 627 4362; x_wconf 89' lang='lat' dir='ltr'>ista</span> <span class='ocrx_word' id='word_1_424' title='bbox 649 4307 763 4362; x_wconf 89' lang='lat' dir='ltr'>confluit</span> <span class='ocrx_word' id='word_1_425' title='bbox 785 4308 863 4362; x_wconf 89' lang='lat' dir='ltr'>iuxta</span> <span class='ocrx_word' id='word_1_426' title='bbox 885 4308 977 4362; x_wconf 82' lang='lat' dir='ltr'>villam</span> <span class='ocrx_word' id='word_1_427' title='bbox 1005 4307 1122 4374; x_wconf 80' lang='lat' dir='ltr'>Dracen,</span> <span class='ocrx_word' id='word_1_428' title='bbox 1147 4307 1222 4362; x_wconf 88' lang='lat' dir='ltr'>cadit</span> <span class='ocrx_word' id='word_1_429' title='bbox 1245 4309 1273 4362; x_wconf 93' lang='lat' dir='ltr'>in</span> <span class='ocrx_word' id='word_1_430' title='bbox 1292 4309 1372 4374; x_wconf 75' lang='lat' dir='ltr'>dam,</span> <span class='ocrx_word' id='word_1_431' title='bbox 1391 4325 1463 4378; x_wconf 85' lang='lat' dir='ltr'>quae</span> <span class='ocrx_word' id='word_1_432' title='bbox 1482 4308 1556 4363; x_wconf 81' lang='lat' dir='ltr'>venit</span> <span class='ocrx_word' id='word_1_433' title='bbox 1573 4307 1609 4362; x_wconf 92' lang='lat' dir='ltr'>de</span> 
     </span>
     <span class='ocr_line' id='line_1_44' title="bbox 366 4393 1609 4464; baseline 0.002 -18"><span class='ocrx_word' id='word_1_434' title='bbox 366 4393 426 4449; x_wconf 90' lang='lat' dir='ltr'>foro</span> <span class='ocrx_word' id='word_1_435' title='bbox 445 4395 531 4464; x_wconf 89' lang='lat' dir='ltr'>regis;</span> <span class='ocrx_word' id='word_1_436' title='bbox 550 4399 578 4449; x_wconf 90' lang='lat' dir='ltr'>et</span> <span class='ocrx_word' id='word_1_437' title='bbox 596 4393 660 4448; x_wconf 85' lang='lat' dir='ltr'>villa</span> <span class='ocrx_word' id='word_1_438' title='bbox 678 4393 802 4448; x_wconf 89' lang='lat' dir='ltr'>ascendit</span> <span class='ocrx_word' id='word_1_439' title='bbox 825 4393 904 4448; x_wconf 86' lang='lat' dir='ltr'>iuxta</span> <span class='ocrx_word' id='word_1_440' title='bbox 927 4395 1059 4448; x_wconf 88' lang='lat' dir='ltr'>minorem</span> <span class='ocrx_word' id='word_1_441' title='bbox 1088 4393 1287 4449; x_wconf 83' lang='lat' dir='ltr'>Chemernicha</span> <span class='ocrx_word' id='word_1_442' title='bbox 1306 4401 1333 4448; x_wconf 90' lang='lat' dir='ltr'>et</span> <span class='ocrx_word' id='word_1_443' title='bbox 1351 4393 1527 4463; x_wconf 89' lang='lat' dir='ltr'>coniungitur</span> <span class='ocrx_word' id='word_1_444' title='bbox 1545 4410 1609 4448; x_wconf 90' lang='lat' dir='ltr'>cum</span> 
     </span>
     <span class='ocr_line' id='line_1_45' title="bbox 367 4479 1609 4550; baseline 0.002 -17"><span class='ocrx_word' id='word_1_445' title='bbox 367 4480 456 4550; x_wconf 89' lang='lat' dir='ltr'>prima</span> <span class='ocrx_word' id='word_1_446' title='bbox 474 4487 554 4535; x_wconf 90' lang='lat' dir='ltr'>meta.</span> <span class='ocrx_word' id='word_1_447' title='bbox 572 4479 717 4534; x_wconf 88' lang='lat' dir='ltr'>Pristaldi:</span> <span class='ocrx_word' id='word_1_448' title='bbox 736 4481 834 4536; x_wconf 91' lang='lat' dir='ltr'>Petrus</span> <span class='ocrx_word' id='word_1_449' title='bbox 853 4498 946 4536; x_wconf 87' lang='lat' dir='ltr'>comes</span> <span class='ocrx_word' id='word_1_450' title='bbox 966 4481 1121 4550; x_wconf 88' lang='lat' dir='ltr'>pilisieusis,</span> <span class='ocrx_word' id='word_1_451' title='bbox 1140 4487 1168 4535; x_wconf 89' lang='lat' dir='ltr'>et</span> <span class='ocrx_word' id='word_1_452' title='bbox 1186 4481 1327 4534; x_wconf 84' lang='lat' dir='ltr'>Mirislaus</span> <span class='ocrx_word' id='word_1_453' title='bbox 1345 4479 1381 4536; x_wconf 87' lang='lat' dir='ltr'>de</span> <span class='ocrx_word' id='word_1_454' title='bbox 1400 4481 1521 4536; x_wconf 88' lang='lat' dir='ltr'>Goricha</span> <span class='ocrx_word' id='word_1_455' title='bbox 1533 4482 1609 4536; x_wconf 91' lang='lat' dir='ltr'>terri-</span> 
     </span>
     <span class='ocr_line' id='line_1_46' title="bbox 367 4567 1609 4640; baseline 0.002 -20"><span class='ocrx_word' id='word_1_456' title='bbox 367 4583 446 4636; x_wconf 89' lang='lat' dir='ltr'>gena.</span> <span class='ocrx_word' id='word_1_457' title='bbox 473 4567 578 4621; x_wconf 90' lang='lat' dir='ltr'>Datum</span> <span class='ocrx_word' id='word_1_458' title='bbox 606 4583 655 4637; x_wconf 89' lang='lat' dir='ltr'>per</span> <span class='ocrx_word' id='word_1_459' title='bbox 681 4585 780 4622; x_wconf 90' lang='lat' dir='ltr'>manus</span> <span class='ocrx_word' id='word_1_460' title='bbox 809 4568 932 4622; x_wconf 88' lang='lat' dir='ltr'>Mathiae</span> <span class='ocrx_word' id='word_1_461' title='bbox 960 4567 1110 4640; x_wconf 89' lang='lat' dir='ltr'>praepositi</span> <span class='ocrx_word' id='word_1_462' title='bbox 1134 4567 1319 4637; x_wconf 85' lang='lat' dir='ltr'>zagrabiensis</span> <span class='ocrx_word' id='word_1_463' title='bbox 1346 4567 1427 4622; x_wconf 87' lang='lat' dir='ltr'>aulae</span> <span class='ocrx_word' id='word_1_464' title='bbox 1445 4567 1609 4622; x_wconf 85' lang='lat' dir='ltr'>cancellarii.</span> 
     </span>
     <span class='ocr_line' id='line_1_47' title="bbox 367 4645 1611 4724; baseline 0.002 -18"><span class='ocrx_word' id='word_1_465' title='bbox 367 4653 557 4707; x_wconf 87' lang='lat' dir='ltr'>Existentibus</span> <span class='ocrx_word' id='word_1_466' title='bbox 576 4654 682 4722; x_wconf 89' lang='lat' dir='ltr'>Ugriuo</span> <span class='ocrx_word' id='word_1_467' title='bbox 701 4655 846 4721; x_wconf 92' lang='lat' dir='ltr'>colocensi,</span> <span class='ocrx_word' id='word_1_468' title='bbox 865 4645 1022 4710; x_wconf 84' lang='lat' dir='ltr'>Guuzrdino</span> <span class='ocrx_word' id='word_1_469' title='bbox 1041 4654 1192 4724; x_wconf 85' lang='lat' dir='ltr'>spalatensi</span> <span class='ocrx_word' id='word_1_470' title='bbox 1218 4653 1441 4724; x_wconf 89' lang='lat' dir='ltr'>archiepiscopis,</span> <span class='ocrx_word' id='word_1_471' title='bbox 1466 4653 1611 4724; x_wconf 87' lang='lat' dir='ltr'>Stephano</span> 
     </span>
     <span class='ocr_line' id='line_1_48' title="bbox 367 4738 1610 4816; baseline 0.001 -22"><span class='ocrx_word' id='word_1_472' title='bbox 367 4739 545 4809; x_wconf 80' lang='lat' dir='ltr'>zegrabiensi,</span> <span class='ocrx_word' id='word_1_473' title='bbox 565 4741 686 4795; x_wconf 88' lang='lat' dir='ltr'>Martino</span> <span class='ocrx_word' id='word_1_474' title='bbox 703 4740 882 4811; x_wconf 86' lang='lat' dir='ltr'>corbavieusi,</span> <span class='ocrx_word' id='word_1_475' title='bbox 901 4741 992 4795; x_wconf 89' lang='lat' dir='ltr'>Micus</span> <span class='ocrx_word' id='word_1_476' title='bbox 1011 4741 1157 4816; x_wconf 87' lang='lat' dir='ltr'>pisecieusi</span> <span class='ocrx_word' id='word_1_477' title='bbox 1175 4739 1353 4809; x_wconf 87' lang='lat' dir='ltr'>(tinniuieusi)</span> <span class='ocrx_word' id='word_1_478' title='bbox 1367 4739 1513 4814; x_wconf 88' lang='lat' dir='ltr'>episcopis,</span> <span class='ocrx_word' id='word_1_479' title='bbox 1527 4738 1610 4795; x_wconf 76' lang='lat' dir='ltr'>Chala</span> 
     </span>
    </p>
   </div>
   <div class='ocr_carea' id='block_1_7' title="bbox 1755 2323 1772 2566">
    <p class='ocr_par' dir='ltr' id='par_1_8' title="bbox 1755 2323 1772 2566">
     <span class='ocr_line' id='line_1_49' title="bbox 1755 2323 1763 2400; textangle 90"><span class='ocrx_word' id='word_1_480' title='bbox 1755 2323 1763 2400; x_wconf 31' lang='lat' dir='ltr'>A*</span> 
     </span>
     <span class='ocr_line' id='line_1_50' title="bbox 1764 2476 1772 2566; textangle 90"><span class='ocrx_word' id='word_1_481' title='bbox 1764 2476 1772 2566; x_wconf 84' lang='lat'>—</span> 
     </span>
    </p>
   </div>
   <div class='ocr_carea' id='block_1_8' title="bbox 0 0 1788 5344">
    <p class='ocr_par' dir='ltr' id='par_1_9' title="bbox 0 0 1788 5344">
     <span class='ocr_line' id='line_1_51' title="bbox 0 0 1788 5344; baseline 0 0"><span class='ocrx_word' id='word_1_482' title='bbox 0 0 1788 5344; x_wconf 95' lang='lat' dir='ltr'> </span> 
     </span>
    </p>
   </div>
   <div class='ocr_carea' id='block_1_9' title="bbox 1737 2757 1771 5262">
    <p class='ocr_par' dir='ltr' id='par_1_10' title="bbox 1737 2757 1771 5262">
     <span class='ocr_line' id='line_1_52' title="bbox 1737 2757 1771 5262; textangle 90"><span class='ocrx_word' id='word_1_483' title='bbox 1737 5149 1762 5262; x_wconf 50' lang='lat' dir='ltr'>*v-</span> <span class='ocrx_word' id='word_1_484' title='bbox 1748 5000 1766 5120; x_wconf 63' lang='lat' dir='ltr'>-c-</span> <span class='ocrx_word' id='word_1_485' title='bbox 1745 3337 1770 4975; x_wconf 33' lang='lat' dir='ltr'>-Q-ffl-aevffnssst‘*mff=—=4*—-w-LQ</span> <span class='ocrx_word' id='word_1_486' title='bbox 1746 2757 1771 3292; x_wconf 45' lang='lat' dir='ltr'>Mm—</span> 
     </span>
    </p>
   </div>
  </div>
 </body>
</html>
