3376 5350
328 441 393 510 428
831 451 850 494 1.
870 437 1078 505 auxumsvrd,

383 636 586 692 MGDXOVII.
606 639 681 689 1292.
699 640 742 691 22.
762 637 858 690 Jarrii.
881 635 1009 690 Andreas
1027 633 1080 688 Ill.
1099 650 1148 688 rex
1167 631 1302 698 notificat,
1321 631 1397 702 quod
1418 632 1585 688 horendus
1670 647 1671 652 ’

328 723 519 791 bannalibus
538 724 647 778 comitis
665 723 745 777 Pauli
764 723 919 793 degenere
938 721 1083 777 thlreled
1101 729 1129 776 et
1150 720 1296 776 Ladislaus
1320 719 1394 774 filias
1417 720 1482 791 ejus
1506 721 1533 776 ei
1554 723 1583 774 in

329 813 484 884 praesentis
502 828 552 866 sua
570 811 767 882 significarunt,
786 810 862 880 quod
882 809 1039 880 Stephanus
1058 809 1176 864 condam
1201 825 1249 862 rex
1273 823 1323 877 pro
1351 808 1502 862 meritoriis
1526 825 1585 862 ser-
1668 800 1670 823 '

329 901 404 954 vitiis
423 905 452 954 et
469 899 649 954 fidelitatibus
667 898 790 952 eiusdem
810 897 890 952 Pauli
910 897 1026 964 comitis,
1052 897 1137 968 patris
1157 895 1290 950 Lethardi
1310 895 1382 963 bani,
1402 895 1497 950 eidem
1525 899 1587 966 regi

329 987 357 1040 in
378 986 507 1040 omnibus
525 983 747 1056 expeditionibus
765 985 851 1055 regni,
870 991 897 1039 et
916 985 1072 1055 specialiter
1090 1001 1123 1038 eo
1142 992 1266 1053 ternpore
1292 999 1356 1038 cum
1381 983 1514 1038 homines
1534 983 1588 1038 du-

329 1081 408 1130 eatus
426 1072 543 1144 Styrlae,
562 1079 628 1127 tunc
647 1073 778 1142 temporis
797 1072 833 1126 ad
852 1073 943 1142 ipsum
963 1088 1055 1142 regem
1079 1071 1260 1141 pertinentes,
1280 1070 1315 1125 ab
1335 1069 1434 1124 eodem
1459 1073 1588 1140 perversi

328 1164 357 1217 in
377 1160 521 1232 perfidiam
540 1177 570 1214 se
588 1165 766 1226 retraxerant,
780 1161 809 1215 in
822 1159 951 1214 conflictu
965 1165 1061 1213 contra
1079 1158 1190 1214 eosdem
1204 1157 1330 1213 homines
1343 1175 1392 1230 per
1404 1156 1587 1228 Stephanum

329 1265 424 1319 regem
442 1247 546 1314 habito,
564 1247 612 1302 ubi
630 1246 813 1302 Lodomerius
833 1247 906 1301 filius
925 1246 1028 1316 Marad
1056 1247 1280 1316 consanguineus
1308 1247 1434 1316 ipsorum
1459 1255 1491 1300 et
1515 1247 1590 1301 alter

330 1342 483 1406 congnatus
502 1334 667 1389 Laurentius
686 1333 721 1388 de
740 1333 848 1388 Pardan
867 1351 900 1388 ac
913 1335 1057 1403 sexaginta
1070 1335 1220 1388 servientes
1234 1332 1358 1388 eiusdem
1374 1333 1488 1386 comitia
1502 1333 1589 1388 Pauli

330 1425 477 1480 extiterant
494 1421 658 1492 interempli,
678 1429 705 1476 et
723 1421 797 1476 idem
815 1438 909 1476 comes
928 1421 1034 1476 Paulus
1058 1421 1149 1476 suerat
1176 1419 1339 1490 captivatus,
1363 1427 1392 1474 et
1417 1419 1532 1475 tamdiu
1560 1421 1589 1476 in

329 1511 489 1582 captivitate
509 1509 637 1564 detentus
656 1509 743 1564 donec
762 1510 935 1579 possessione
961 1525 1013 1564 sua
1032 1509 1143 1579 Mayad‚
1162 1527 1211 1579 pro
1229 1507 1420 1580 redemptione
1440 1525 1495 1562 sus.
1522 1526 1590 1564 ven·

330 1599 396 1666 dita,
415 1597 513 1652 suisset
531 1597 672 1652 liberatus.
692 1596 757 1666 Ipse
775 1598 859 1652 etiam
877 1595 1036 1651 Lethardns
1054 1597 1142 1652 banus
1165 1595 1302 1666 impendit
1319 1596 1432 1650 servitia
1450 1595 1591 1651 Ladislao

329 1687 396 1757 regi,
415 1685 532 1757 patrueli
551 1685 624 1754 regis
642 1684 777 1750 Andreae,
797 1701 860 1738 cum
878 1683 1032 1738 Joachinns
1051 1684 1140 1738 banus
1156 1700 1213 1739 una
1226 1685 1363 1754 cumipse
1382 1683 1531 1738 Lothardo
1552 1701 1588 1739 ex

330 1781 478 1846 praecepto
497 1771 618 1827 ladislai
637 1773 709 1842 regis
727 1772 763 1826 ad
782 1771 981 1826 devastandum
1000 1789 1115 1842 regnum
1135 1773 1264 1826 Austriae
1276 1773 1364 1826 iverat
1376 1775 1473 1825 contra
1487 1787 1588 1844 regem
1671 1834 1672 1847 χ

331 1862 508 1928 Boeotorum,
526 1859 573 1914 ubi
592 1858 666 1914 idem
691 1857 849 1914 Lothardus
868 1859 957 1914 banus
976 1859 1103 1913 extiterat
1120 1861 1267 1926 sauciatus,
1280 1861 1308 1912 in
1327 1858 1414 1913 altera
1432 1860 1521 1913 etiam
1541 1877 1590 1915 ex·

331 1947 471 2018 peditione
490 1951 584 2001 eontra
603 1945 767 2002 ottocarum
787 1947 916 2000 Boemiae
933 1963 1024 2018 regem
1038 1945 1112 2002 idem
1125 1946 1281 2000 Lotbardvrs
1302 1945 1590 2012 viriliterdimicans,

331 2034 430 2090 laetale
449 2033 549 2090 vulnus
568 2037 719 2104 acceperat.
742 2033 775 2088 In
799 2033 928 2088 conflictu
955 2040 1051 2090 eontra
1074 2035 1214 2090 Cumanos
1235 2051 1284 2104 per
1304 2049 1397 2104 regem
1416 2033 1589 2088 Ladislaum

330 2121 425 2177 habito
443 2120 518 2175 idem
536 2119 694 2174 Lotbardus
712 2122 769 2175 ictu
788 2122 906 2190 sagittae
925 2121 953 2174 in
981 2123 1091 2176 sinistro
1111 2121 1181 2192 pede
1193 2123 1284 2176 iuerat
1296 2121 1444 2192 sagittatus
1457 2127 1487 2174 et
1499 2121 1590 2176 frater

331 2209 391 2280 ejus
409 2209 573 2262 Dominicus
592 2208 760 2262 interiectus.
779 2208 812 2262 In
839 2208 1087 2263 remunerationem
1106 2211 1277 2265 servitiorum
1296 2208 1471 2264 confirmavit
1489 2209 1518 2264 ei
1538 2226 1589 2264 rex

331 2295 472 2367 quoddam
490 2295 625 2350 tributum
643 2295 671 2348 in
691 2295 774 2350 fluvio
792 2295 895 2350 Zomus
915 2297 948 2351 de
967 2297 1091 2366 qualibet
1111 2299 1172 2352 navi
1188 2313 1251 2350 cum
1271 2295 1375 2350 salibus
1393 2294 1589 2351 descendente

332 2385 429 2454 viginti
448 2383 527 2450 sales,
547 2382 623 2453 quod
642 2383 667 2438 ei
686 2382 833 2438 Ladislaus
852 2400 900 2438 rex
919 2391 1101 2438 concesserat.

389 2471 513 2525 Wenrel:
535 2470 600 2526 Cod.
619 2469 688 2540 dipl.
708 2470 815 2542 Arpad.
841 2471 871 2525 V.
890 2475 932 2526 66.

386 2609 605 2665 MODXCVIII.
624 2613 700 2665 1292.
718 2611 761 2665 26.
775 2611 868 2666 June.
887 2613 1013 2666 Andreas
1031 2611 1084 2666 Ill.
1104 2629 1152 2666 rex
1176 2610 1341 2678 manifestat,
1360 2627 1424 2666 cum
1444 2617 1512 2682 post
1528 2615 1589 2666 exi·

332 2697 425 2752 tielem
444 2698 552 2752 obitum
571 2695 648 2768 regis‘
661 2697 791 2764 Ladislai,
810 2699 943 2768 patruelis
969 2699 1036 2766 eius,
1055 2698 1259 2770 praeordinatio
1284 2697 1391 2752 divinae
1417 2698 1588 2754 clementiae

331 2786 423 2856 ipsum
442 2784 477 2840 ad
496 2785 625 2839 thronum
644 2792 672 2840 et
690 2801 820 2840 coronam
842 2785 971 2854 reginalis
990 2786 1093 2856 lastigii
1113 2786 1288 2841 sublimasset
1307 2791 1335 2840 et
1353 2785 1484 2840 omnibus
1505 2804 1587 2856 prae-

332 2874 404 2940 latis,
422 2873 572 2927 baronibus
585 2879 613 2927 et
626 2873 764 2927 nobilibus
787 2873 1003 2943 agnoscentibus
1021 2873 1119 2928 suisset
1138 2879 1293 2941 coronatus,
1307 2871 1460 2944 capitulum
1479 2873 1588 2944 Zagra-

332 2961 428 3015 biense
447 2959 599 3030 postulavit
617 2960 652 3014 ab
671 2976 713 3027 eo,
732 2967 763 3014 ut
781 2960 925 3014 ecclesiam
938 2978 959 3014 s.
973 2962 1046 3031 regis
1066 2959 1199 3032 Stephani
1213 2960 1425 3030 Zagrabiensem
1439 2961 1588 3031 regalibus

333 3047 530 3102 munificentiis
549 3048 706 3117 prospicere
731 3046 890 3118 dignaretur
918 3049 945 3101 in
970 3066 1010 3116 eo,
1030 3054 1060 3102 ut
1079 3049 1188 3102 tertiam
1213 3053 1319 3117 partem
1347 3048 1443 3102 tributi
1468 3047 1526 3102 fori
1550 3051 1588 3105 de

334 3141 428 3188 monte
447 3134 579 3189 Greeensi
599 3135 730 3190 ecelesiae
750 3142 777 3190 et
796 3136 917 3208 capitulo
937 3135 1001 3191 dare
1021 3135 1187 3206 dignaretur.
1209 3135 1270 3190 Rex
1289 3135 1373 3206 igitur
1386 3151 1436 3206 pro
1455 3139 1586 3192 remedio

334 3224 441 3278 animae
460 3239 526 3277 suae
545 3222 694 3292 petititioni
712 3222 778 3278 huic
796 3223 900 3291 annuit,
914 3231 941 3278 et
954 3224 1062 3278 tertiam
1075 3229 1181 3294 partem
1194 3223 1299 3290 tributi,
1313 3223 1391 3278 cuius
1405 3222 1488 3278 etiam
1511 3224 1586 3279 duas

334 3317 427 3381 partes
446 3327 480 3364 ex
500 3309 648 3364 collatione
667 3312 742 3380 regia
761 3310 865 3366 celatas
882 3311 1034 3382 capitulum
1056 3315 1084 3366 in
1103 3318 1186 3366 antea
1199 3310 1367 3382 possidebat,
1380 3312 1500 3366 contulit
1514 3311 1587 3366 inte

334 3399 448 3471 graliter
466 3397 673 3469 possidendam.
692 3397 797 3454 Datum
815 3417 864 3470 per
882 3415 981 3454 manus
999 3401 1123 3470 magistri
1137 3399 1275 3455 Theodori
1289 3399 1408 3454 albensis
1421 3401 1587 3470 praepositi,

333 3489 413 3544 atriae
431 3487 656 3542 vicecancellarii.

388 3573 515 3630 ltaldic:
533 3574 613 3628 Mon.
633 3574 709 3629 Hiet.
732 3575 761 3628 Τ.
779 3575 804 3629 Ι.
819 3590 848 3642 p.
869 3576 927 3627 222.

386 3713 575 3769 MODXOIX.
603 3713 712 3770 Budas.
739 3716 815 3766 1292.
842 3717 884 3768 24.
913 3713 996 3768 Juliv'.
1021 3713 1148 3780 Praelati,
1174 3714 1292 3768 barones
1315 3721 1343 3772 et
1366 3713 1475 3768 nobiles
1502 3719 1584 3786 regni

335 3803 499 3872 Hungariee
519 3803 591 3856 inter
609 3817 679 3871 quos
700 3809 859 3856 occurrunt:
879 3801 1000 3856 Thomas
1025 3803 1174 3856 Bosnensis
1193 3809 1220 3856 et
1239 3801 1359 3856 blichael
1385 3802 1586 3872 Zagrabiensis

335 3890 466 3961 episcopi,
490 3889 614 3944 Jacobus
639 3889 727 3943 banus
751 3890 835 3944 totius
864 3888 1017 3952 Slavoniae,
1047 3889 1192 3944 ladislaus
1222 3889 1338 3944 condam
1367 3890 1465 3958 benus,
1491 3891 1587 3947 Lucas

336 3994 429 4033 comes
447 3976 618 4032 Zaladiensis
638 3984 689 4031 etc.
708 3985 861 4046 aggregent
880 3977 1055 4032 Albertinum
1075 3977 1174 4032 ducem
1200 3977 1284 4032 totius
1312 3978 1460 4032 Slavoniae
1484 3989 1514 4034 et
1540 3998 1586 4035 co·

335 4065 429 4120 mitem
449 4063 484 4118 de
501 4065 618 4134 Posega,
637 4064 805 4118 avunculum
824 4064 952 4119 Andreae
966 4064 1026 4130 111,
1039 4065 1111 4134 regis
1124 4067 1216 4120 coetui
1237 4065 1424 4120 universitatis
1437 4081 1537 4122 eorum
1557 4079 1586 4124 et

336 4159 434 4206 ornant
452 4151 604 4207 nobilitatis
617 4151 761 4222 privilegio
780 4169 835 4222 quo
854 4153 972 4207 universi
986 4153 1102 4207 barones
1121 4159 1148 4207 et
1167 4153 1275 4206 nobiles
1286 4153 1364 4222 regni
1377 4165 1585 4210 cousveverunt

335 4240 502 4310 abantiquo
521 4240 661 4309 gratulari.
681 4239 756 4294 Inter
775 4240 833 4294 eius
852 4241 950 4294 merita
968 4247 1123 4306 numerant,
1142 4239 1218 4310 quod
1243 4240 1290 4294 iile
1316 4239 1457 4294 Andream
1478 4257 1584 4312 regem,

335 4344 416 4382 suum
435 4332 573 4397 nepotem,
591 4344 608 4381 a
626 4333 750 4397 tempore
769 4327 902 4398 pueritiae
921 4345 987 4382 suae
1015 4344 1102 4396 usque
1121 4333 1239 4382 aetatem
1264 4327 1420 4396 juventutis
1444 4327 1473 4380 in
1500 4329 1585 4385 domo

335 4432 386 4470 sua
404 4422 435 4470 ut
452 4420 530 4485 pater
547 4415 635 4469 filium
654 4415 814 4482 naturalem,
828 4423 855 4470 et
868 4417 980 4470 tandem
997 4422 1110 4485 accepta
1123 4417 1208 4470 totius
1221 4416 1298 4485 regni
1312 4415 1581 4485 petitioneeundem

334 4519 435 4573 regern,
454 4509 595 4572 tamquam
614 4503 782 4574 praetiosum
800 4505 877 4573 regni
896 4504 1055 4558 thesaurum
1074 4504 1125 4558 sub
1144 4503 1218 4557 fideli
1240 4503 1365 4557 custodia
1383 4509 1580 4558 conservatum

335 4590 362 4644 in
381 4589 473 4644 medio
492 4605 587 4644 eornm
605 4590 776 4659 adducenda,
795 4591 959 4658 educaverit,
978 4592 1150 4646 innumeram
1174 4591 1308 4660 pecuniae
1326 4591 1511 4660 quantitatem
1532 4609 1582 4662 pro

337 4693 369 4732 eo
380 4675 570 4747 expendendo,
581 4686 609 4734 et
622 4678 716 4732 multis
726 4679 851 4733 fortunae
865 4679 974 4733 casibus
988 4696 1067 4734 suam
1076 4677 1216 4749 propriam
1226 4693 1371 4747 personam
1387 4679 1582 4736 susruitteudo.

389 4764 486 4833 Fejcr:
508 4764 572 4820 Cod.
591 4765 659 4834 dipl.
679 4765 777 4836 Hesp.
800 4767 828 4820 T.
851 4767 917 4822 VII.
936 4767 987 4822 vol.
1007 4769 1030 4820 5.
1046 4783 1076 4835 p.
1095 4770 1155 4820 602.
