3480 5356
708 427 853 472 nnuma.
1185 493 1190 500 ⁶
1334 403 1398 470 321

209 593 379 654 MLXXXI.
397 595 520 668 Spalatt
539 597 622 652 1272.
641 597 684 650 24.
702 593 866 651 mmmm.
889 592 1066 650 Sarachanua
1084 591 1280 649 (lorbaviensis
1297 597 1326 649 st
1341 593 1400 650 Do·

157 683 246 740 bruna
262 683 421 754 thusla,
438 683 564 756 episcopi
581 683 747 754 significant,
770 681 846 754 quod
865 681 984 738 infesto
1008 681 1109 738 namlia
1131 680 1243 748 domiui.
1266 681 1400 752 praecipi·

155 775 220 828 anm
237 770 368 828 Iohanne
385 771 594 844 archiepiscopo
617 769 776 843 spalatensi
799 769 1013 842 metropolitano
1031 785 1084 826 auc
1102 767 1265 826 accedentes
1282 769 1311 824 iu
1330 768 1400 842 spa·

155 860 246 916 latum
272 859 422 916 Nicolaum
449 859 582 916 canonice
609 859 727 914 electum
755 861 783 914 et
809 857 1011 928 confirmatum,
1033 857 1113 914 nulio
1139 855 1345 914 contradicente
1370 857 1399 913 in

156 947 320 1020 episcopum
338 947 496 1002 Timauum
513 945 741 1002 consecraverint
1320 975 1323 984 ·

207 1032 519 1091 animantiam.
542 1035 571 1090 Τ.
589 1033 641 1090 IV.
656 1051 686 1104 p.
706 1035 767 1090 288.

209 1173 395 1231 MLXXXII.
413 1174 539 1248 Spoleti.
558 1179 636 1232 12⁷2.
655 1179 699 1230 25.
717 1175 884 1234 Decembris.
902 1176 1067 1248 Capitulum
1081 1175 1213 1234 ecclesiae
1225 1175 1400 1248 spalatensis

154 1267 254 1320 notum
272 1261 347 1330 lacit,
365 1262 442 1333 quod
460 1262 592 1319 damnoso
610 1263 743 1320 Ladialso
764 1265 897 1336 episeopo
923 1265 1056 1330 Τὶιιὶοιιιί,
1078 1264 1231 1336 capitulum
1255 1269 1283 1320 et
1307 1264 1402 1336 plnres

155 1351 311 1424 presbyteri
330 1355 358 1406 st
374 1351 467 1407 olerim
483 1350 637 1422 Tynieuses
649 1367 712 1407 cum
727 1351 824 1408 multis
836 1352 979 1408 nobilibus
996 1352 1060 1408 virts
1077 1350 1202 1407 eiusdem
1221 1351 1400 1424 episcopatus

155 1437 305 1496 adsedem
333 1439 527 1510 spalatensem
551 1439 723 1509 medentes,
747 1457 810 1497 cum
834 1439 953 1496 Nicolao
972 1439 1097 1496 numam
1116 1439 1248 1494 acclamas
1266 1439 1400 1495 archidia-

158 1541 231 1584 cono
249 1531 278 1582 ot
294 1543 347 1590 sno
365 1527 462 1594 electo,
489 1527 650 1583 electionem
675 1527 711 1583 de
734 1529 797 1600 ipso
820 1527 922 1584 iactam
950 1527 1054 1584 Joanni
1081 1527 1240 1599 spalatensi
1265 1526 1400 1598 archiepi-

156 1628 243 1684 scopo
271 1627 323 1668 suc
350 1613 565 1685 metropolitano
591 1619 824 1686 praesentassent,
841 1615 1033 1687 supplicantes
1059 1619 1091 1670 ut
1116 1615 1210 1686 ipsum
1236 1614 1400 1670 confirmare

155 1699 324 1770 dignaretur.
344 1701 581 1773 archiepiscopus
598 1701 695 1758 habito
712 1703 828 1758 manilio
846 1719 909 1758 cum
929 1719 980 1760 suo
998 1704 1121 1775 capitulo
1148 1707 1176 1756 et
1199 1703 1282 1772 clero,
1305 1702 1400 1773 ipsum

155 1788 275 1844 electum
294 1789 467 1844 confirmavit
483 1788 521 1844 ad
540 1790 700 1861 petitionem
731 1791 804 1862 regia
822 1795 850 1846 et
867 1791 932 1846 bani
951 1796 979 1847 et
996 1789 1176 1864 postmodum
1198 1790 1227 1845 in
1251 1788 1400 1846 ffiamnum

155 1879 184 1931 et
202 1875 366 1948 episcopum
383 1877 522 1933 ordinavit
540 1882 568 1933 et
585 1878 613 1932 in
631 1877 678 1934 die
695 1878 847 1935 nativitatis
864 1879 979 1936 Domini
1002 1879 1183 1948 consecravit,
1205 1875 1399 1934 canstantibus

159 1960 301 2019 Susceno
319 1963 501 2020 Conbarienai
519 1967 652 2038 episcopo
670 1971 699 2022 st
715 1966 849 2022 Dobrana
868 1966 1006 2038 pharensi.

209 2049 340 2107 Farlati:
358 2051 433 2110 illis.
450 2068 522 2109 socr.
545 2054 576 2110 Τ.
594 2054 645 2110 IV.
661 2069 691 2124 p.
711 2057 773 2108 288.

191 2191 392 2249 MLXXXIII.
413 2195 585 2267 &metm
604 2198 681 2251 1272.
700 2197 743 2250 25.
766 2195 930 2252 Dewnlais.
954 2193 1104 2251 Mathueua
1127 2193 1217 2248 banus
1234 2193 1320 2248 totins
1339 2192 1399 2249 Sla-

158 2279 257 2336 vcniae
275 2280 420 2351 significat
442 2281 519 2350 quod
542 2283 702 2338 constitutis
724 2298 818 2338 coram
836 2298 870 2338 co
887 2281 1024 2338 Pernhino
1048 2280 1149 2336 comite
1172 2296 1208 2335 ax
1232 2297 1289 2336 une
1312 2285 1400 2351 parte,

157 2367 253 2424 Poseil
271 2367 329 2424 filio
347 2369 483 2438 Miroalal,
505 2369 570 2426 wll
587 2370 646 2426 lilio
663 2371 826 2439 Wlkomeri‚
844 2369 1016 2426 Widomoric
1034 2369 1092 2425 filio
1109 2369 1210 2436 Tutini,
1230 2367 1329 2423 Gohan
1341 2367 1400 2423 filio
1472 2429 1475 2434 ⁴

157 2455 231 2512 Perk
249 2461 278 2512 et
294 2456 412 2512 chriia
436 2458 494 2514 lilio
512 2456 633 2515 Vidialai
655 2476 673 2514 a
698 2463 776 2530 parte
802 2459 897 2528 altera,
920 2456 995 2513 idem
1021 2457 1115 2515 Possil
1140 2473 1205 2514 cum
1231 2457 1314 2512 sociis
1341 2456 1399 2512 auis

156 2544 278 2600 conleaai
298 2549 363 2600 sunt
380 2561 411 2600 se
429 2545 587 2602 vendidisse
609 2547 723 2618 triginta
741 2552 770 2604 et
787 2547 859 2604 duas
880 2546 1074 2613 dimensiones,
1099 2561 1171 2618 quac
1185 2545 1271 2616 vulgo
1288 2549 1399 2600 veneten

157 2631 295 2699 dicuntur,
313 2631 349 2688 de
366 2636 440 2689 terra
456 2632 628 2690 Jarmanichi
646 2650 732 2707 snper
749 2635 864 2690 fluvium
882 2634 1012 2690 Volauch
1029 2634 1107 2689 iuxta
1124 2637 1213 2688 metae
1230 2633 1401 2704 populorum

157 2717 192 2775 de
210 2717 333 2776 Gradich
350 2720 439 2777 cidem
459 2721 597 2778 Perchino
615 2723 709 2778 comiti
726 2723 787 2778 iure
811 2725 947 2794 perpetuo
964 2738 1016 2792 pro
1034 2721 1147 2790 triginta
1169 2719 1281 2776 duabus
1306 2721 1399 2791 peusis

155 2803 332 2864 denamcrnm
349 2808 585 2879 &patientium

208 2895 257 2951 Ile
274 2896 388 2952 arctico
404 2898 539 2954 camunti
555 2897 690 2956 Bastetani.
713 2897 836 2955 Weissi:
857 2896 923 2954 (lod.
942 2896 1013 2966 dipl.
1033 2895 1140 2966 Aspen.
1163 2893 1247 2950 VIII.
1265 2897 1328 2950 398.

210 3053 407 3110 nuxxxtv.
426 3058 506 3113 1272.
523 3037 673 3114 Ladislaua
684 3056 737 3114 IV.
749 3074 799 3114 rex
816 3072 962 3113 recensens
980 3055 1112 3128 praestita
1130 3053 1265 3124 obsequia
1283 3053 1399 3108 fratrum

155 3141 231 3197 Petri
247 3157 281 3198 ac
299 3142 423 3198 Mattiaci
447 3142 483 3199 de
506 3159 606 3215 genere
631 3144 719 3214 char,
746 3161 808 3212 avo,
835 3143 963 3216 patrique
989 3159 1042 3198 sno
1068 3141 1241 3214 temporibus
1268 3139 1399 3208 exhibita,

156 3229 306 3302 praecipue
323 3246 388 3286 cum
406 3231 522 3304 Hernay
539 3231 630 3288 banus
647 3238 676 3289 et
693 3233 741 3288 alii
758 3231 803 3288 avi
818 3231 905 3308 nostri
921 3230 1016 3293 (Belus
1027 3231 1111 3300 regis)
1129 3229 1256 3295 bunnae,
1270 3243 1398 3300 persecu·

155 3316 240 3372 tionis
257 3321 382 3389 tempore
400 3319 495 3388 (Bolas
512 3321 598 3392 regia)
616 3325 714 3376 contm
738 3323 845 3392 patrem
869 3322 994 3375 nostrum
1019 3315 1204 3389 (Stephanum
1221 3315 1269 3386 V.)
1286 3315 1400 3371 domata

155 3403 255 3460 militia
280 3407 472 3476 accoesiment
493 3406 567 3463 idem
591 3408 725 3478 magister
749 3407 849 3462 Petrus
873 3421 937 3462 cum
965 3405 1091 3478 praefato
1115 3405 1199 3460 fratre
1225 3420 1278 3460 auo
1304 3404 1399 3458 huius·

157 3489 234 3547 modi
252 3493 433 3564 praeveniens
452 3495 611 3563 exercitum,
629 3495 724 3566 ipsum
741 3495 825 3550 Ernei
843 3494 949 3549 banum
965 3491 1105 3548 devictum
1128 3492 1157 3546 in
1182 3491 1288 3562 praelio
1311 3491 1399 3561 capti·

154 3578 237 3648 ravit,
255 3579 304 3634 nbi
322 3580 382 3651 ipss
400 3581 538 3638 lethaliter
555 3583 646 3638 extitit
673 3582 823 3638 nudatus.
847 3581 919 3636 Item
937 3579 966 3634 in
984 3577 1112 3650 llacaasg
1135 3595 1199 3634 cum
1220 3577 1294 3634 idem
1320 3582 1399 3648 pater

155 3671 251 3722 noster
268 3673 366 3724 contra
384 3667 481 3723 Belam
498 3669 616 3737 Ducem,
634 3669 835 3736 haustuum,
847 3667 1004 3723 Henricurn
1014 3666 1119 3722 benum
1132 3671 1160 3722 et
1171 3666 1241 3722 alica
1254 3665 1298 3720 avi
1310 3666 1399 3721 nostri

156 3752 299 3810 adiutores
317 3760 345 3810 et
362 3755 482 3812 barones
500 3755 660 3813 conflictum
686 3756 810 3823 haberet,
836 3754 909 3809 idem
934 3753 1066 3824 magister
1092 3753 1201 3820 Petrus,
1226 3753 1291 3808 licet
1317 3757 1399 3808 antea

155 3841 328 3898 transfossus
354 3843 453 3900 lancea
476 3849 505 3900 et
527 3848 621 3900 sectus
645 3843 739 3914 gladio
765 3841 886 3898 militare
909 3859 966 3897 non
992 3841 1104 3906 valeret,
1131 3839 1201 3894 mori
1227 3844 1321 3894 tamen
1348 3855 1399 3909 pro

155 3933 235 4001 patro
252 3933 349 3986 noatm
375 3935 404 3986 et
425 3931 507 3987 nobis
531 3932 616 4003 clegit
642 3933 744 4003 potina,
772 3947 857 4001 quam
885 3933 948 3985 aute
975 3927 1216 3983 consumationem
1241 3925 1398 3996 relinquere

155 4017 295 4072 initiatum
312 4019 456 4089 negotium
474 4020 562 4090 patris
578 4019 675 4088 nostri,
693 4019 742 4075 ubi
759 4033 891 4075 coronam
916 4016 994 4086 regni
1016 4014 1135 4070 coelitus
1158 4011 1240 4068 nobis
1263 4026 1313 4082 per
1337 4028 1399 4067 auc-

156 4103 312 4160 cessiouem
337 4104 478 4172 traditam,
502 4107 530 4161 in
556 4123 676 4178 persona
694 4107 780 4178 patuis
806 4106 896 4161 nostri
922 4103 1094 4159 obtinuimus
1121 4107 1150 4158 et
1175 4101 1399 4172 recuperavimus

156 4208 206 4263 per
224 4191 349 4248 eiusdem
367 4209 440 4264 mag.
459 4193 534 4250 Petri
547 4194 715 4250 fidelitatem.
733 4193 767 4248 In
786 4209 843 4264 quo
862 4191 974 4264 quidem
998 4190 1136 4258 conflictu,
1155 4189 1223 4244 Bela
1241 4187 1311 4244 duca
1330 4187 1398 4244 effu·

156 4284 223 4350 gato
241 4282 270 4334 et
287 4278 456 4336 Prewceliuc
473 4280 626 4348 interfecto,
645 4281 786 4338 Henricus
805 4279 895 4336 banna
913 4295 977 4336 cnm
994 4277 1068 4332 filliis
1087 4281 1115 4332 et
1132 4275 1315 4348 complicibus
1339 4276 1398 4330 suis

156 4366 262 4421 exstitit
284 4366 450 4437 captivatus.
475 4399 508 4408 —
532 4368 654 4424 Domum
682 4369 710 4423 in
738 4367 867 4424 conflictu
894 4371 991 4423 confla
1017 4366 1182 4422 Ottccarum
1208 4379 1302 4432 regem
1329 4362 1398 4418 Boe·

156 4451 229 4508 miae
252 4451 289 4508 sd
311 4452 426 4510 fluvium
451 4454 580 4511 liebucae
605 4454 723 4524 (Rabcal
745 4471 811 4511 cum
833 4455 904 4527 patri
928 4457 1025 4510 noeto
1049 4452 1116 4507 felix
1139 4455 1261 4507 cesserat
1283 4449 1399 4506 victoria

154 4537 229 4596 idem
247 4541 347 4597 Petrus
365 4541 430 4598 licet
447 4542 512 4599 hinc
529 4541 595 4598 inde
612 4543 823 4615 impugnaretur
841 4547 869 4598 et
887 4545 1032 4614 pugnaret,
1057 4539 1153 4594 Belum
1177 4543 1270 4593 tamen
1289 4536 1398 4606 ducem,

158 4631 226 4684 tunc
244 4627 372 4684 intimum
399 4630 487 4702 patria
511 4630 599 4686 nostri
622 4629 797 4688 defensorem
821 4635 849 4686 et
872 4629 988 4685 militem
1012 4631 1164 4695 stanuum,
1188 4625 1250 4697 ejus
1272 4639 1346 4698 equo
1370 4625 1398 4680 in

158 4713 232 4772 ballo
249 4720 368 4787 mortuo,
387 4717 448 4792 ipse
468 4718 568 4775 Petrus
585 4717 622 4777 de
639 4717 731 4774 medic
756 4717 838 4774 cunei
855 4733 905 4790 per
923 4715 1090 4789 probitatem
1114 4729 1194 4769 auam
1217 4716 1245 4770 et
1267 4713 1398 4770 virtutem
