3480 5356
334 407 399 473 292
836 431 856 473 r.
879 417 1077 491 auxumavrd,

370 595 548 652 cmxx.
567 597 645 650 1269.
664 597 706 650 22.
718 593 809 649 lunii.
828 594 897 648 Bela
913 592 966 648 IV.
984 609 1033 648 rex
1052 598 1150 648 notum
1171 593 1246 660 lacit,
1266 593 1342 664 quod
1355 593 1490 652 Nicotaus
1504 594 1578 650 filius

334 682 463 739 Andreae
488 687 516 737 et
538 682 640 736 Petrus
657 681 730 736 tilius
749 680 823 736 Petri
841 680 879 736 ah
897 696 953 735 una
970 685 1058 751 parte,
1080 697 1174 736 comes
1200 679 1353 751 Gregorius
1374 681 1458 736 iudex
1477 681 1578 736 Guna-

337 786 445 838 norum,
467 768 590 824 Thomas
608 773 636 824 et
653 767 814 840 Stephanus
830 767 879 822 lilii
904 768 1028 822 Thomae
1051 767 1144 824 fratris
1169 767 1294 824 eiusdem
1318 769 1426 825 comitia
1450 767 1578 838 Gregorii

335 857 373 912 ah
391 857 485 924 altera,
504 853 612 912 nobiles
629 855 666 911 de
685 853 818 911 Monualo
843 870 937 910 eoram
960 855 1042 910 nohis
1066 856 1249 927 personaliter
1267 857 1419 926 constituti,
1428 857 1511 912 iidem
1528 855 1578 910 Ni-

337 944 435 1001 colaua
463 948 492 999 et
517 943 617 999 Petrus
645 942 782 1010 dixerunt,
807 941 883 1013 quod
907 942 979 997 inter
997 959 1027 998 se
1044 957 1062 998 a
1080 943 1228 1014 primaevis
1249 943 1418 1015 parentibus,
1440 945 1527 1000 atavis
1550 947 1580 999 et

335 1029 561 1104 progenitoribus
579 1031 646 1096 suis,
666 1030 695 1084 in
713 1030 849 1084 universis
868 1028 1093 1100 possessionibus
1118 1031 1184 1098 suis,
1209 1035 1267 1086 tam
1291 1030 1326 1086 de
1348 1030 1474 1102 partibus
1497 1030 1579 1085 Hun-

334 1119 429 1190 gariae
449 1125 511 1173 tum
532 1118 615 1172 etiam
633 1117 669 1172 de
687 1117 813 1188 partibus
835 1115 983 1172 Slavoniae
1001 1119 1078 1186 (non)
1096 1117 1261 1173 habuissent
1283 1118 1385 1173 iustam
1409 1123 1438 1173 et
1460 1133 1579 1188 aequam

334 1205 507 1272 divisionem,
526 1219 577 1260 neo
595 1203 698 1258 habere
717 1203 881 1274 potuissent,
907 1203 972 1260 lieet
994 1205 1023 1258 in
1047 1221 1104 1260 una
1127 1209 1155 1260 et
1178 1206 1206 1260 in
1231 1205 1328 1261 eadem
1352 1206 1527 1278 proximitate
1550 1211 1580 1260 et

335 1292 586 1363 consanguinitatis
604 1291 678 1346 linea
697 1297 762 1346 sunt
779 1292 889 1359 annexi,
909 1291 958 1346 sed
976 1290 1050 1348 idem
1073 1307 1167 1348 comes
1192 1291 1346 1362 Gregorius
1364 1309 1429 1348 cum
1447 1291 1579 1346 fratribus

334 1381 393 1436 suis
419 1385 492 1436 totas
518 1379 708 1452 possessiones
732 1378 885 1435 eorundem
909 1379 1013 1434 iniusta
1036 1377 1172 1434 divisione
1197 1385 1225 1434 et
1249 1379 1369 1450 inequali
1393 1379 1527 1434 haberent
1551 1383 1580 1433 et

336 1466 492 1522 detinerent
515 1470 674 1537 occupatas.
700 1497 734 1506 -
760 1465 860 1521 Dictus
883 1471 976 1520 autem
1003 1481 1096 1521 comes
1124 1465 1284 1536 Stephanus
1312 1471 1340 1522 et
1366 1465 1464 1521 fratres
1491 1465 1535 1520 sui
1563 1481 1579 1520 e

337 1569 472 1611 converso
490 1552 702 1625 responderunt,
727 1551 802 1624 quod
821 1553 857 1608 ab
876 1552 973 1619 atavis,
997 1553 1092 1624 primis
1116 1551 1278 1624 parentibus
1302 1559 1330 1608 et
1356 1551 1578 1624 progenitoribus

337 1641 395 1698 suis
415 1642 443 1696 in
462 1639 592 1698 omnibus
610 1639 836 1712 possessionibus
856 1640 914 1694 anis
933 1644 1026 1694 essent
1044 1639 1133 1705 divisi,
1152 1637 1282 1695 habendo
1295 1638 1458 1696 divisionem
1475 1639 1579 1695 iustam

335 1734 363 1785 et
381 1729 517 1800 equalem,
537 1733 565 1784 et
582 1727 646 1784 licet
671 1727 786 1782 materia
810 1727 866 1780 litis
884 1727 912 1780 in
931 1726 1004 1781 iacto
1029 1726 1240 1798 possessionum
1264 1727 1336 1782 inter
1357 1726 1446 1782 dictos
1471 1725 1579 1782 nobiles

333 1816 382 1873 diu
402 1816 501 1871 luisset
518 1819 602 1882 mota,
617 1815 797 1870 nihilominus
815 1817 1016 1883 cognoscentes
1035 1813 1137 1868 lineam
1156 1813 1340 1884 proximitatis
1358 1819 1387 1868 et
1404 1814 1578 1884 cognationis

334 1908 362 1960 et
380 1902 517 1958 fraternae
536 1901 691 1958 dilectionis
709 1907 737 1956 et
755 1900 792 1956 ob
810 1917 935 1956 amorem
953 1899 1043 1956 honae
1062 1902 1138 1972 pacis
1148 1901 1273 1956 altercari
1285 1902 1422 1970 nolentes,
1436 1901 1578 1972 praefatus

335 2005 429 2045 comes
449 1990 599 2059 Gregorius
617 2005 679 2044 cum
699 1987 839 2054 iratribus,
858 1987 994 2059 quasdam
1019 1988 1214 2058 possessiones
1232 1988 1268 2044 de
1286 1988 1411 2060 partibus
1430 1988 1578 2044 Slavoniae

334 2075 534 2132 haereditarias
551 2077 623 2131 inter
640 2091 715 2146 aqua
736 2076 815 2130 Zona
833 2081 861 2130 et
878 2075 958 2130 Lona
976 2077 1004 2128 et
1022 2074 1166 2129 Ghernech
1185 2079 1213 2130 et
1230 2077 1301 2130 inter
1325 2091 1428 2146 aquam
1451 2075 1527 2129 Zara
1551 2081 1579 2130 et

335 2161 436 2218 Hodra
453 2162 603 2218 existentes
622 2179 686 2218 oum
705 2162 835 2217 omnihus
848 2161 1028 2232 pertinentiis,
1047 2165 1075 2216 et
1093 2161 1276 2231 Kapolcham,
1289 2178 1361 2232 quae
1375 2165 1454 2234 Gaep
1470 2161 1578 2228 dicitur,

334 2251 362 2304 in
382 2249 474 2306 medio
492 2255 581 2306 terrae
600 2254 627 2304 et
645 2249 729 2305 silvae
748 2248 865 2320 praefati
883 2249 957 2304 Petri
976 2248 1055 2302 iuxta
1081 2249 1197 2319 primam
1222 2247 1386 2304 divisionem
1405 2248 1578 2304 adiacentem

337 2337 515 2405 remittentes,
537 2336 674 2393 dederunt
691 2341 719 2392 et
736 2335 916 2403 tradiderunt,
944 2335 1061 2392 Nicolao
1080 2341 1108 2391 et
1126 2337 1207 2392 Petro
1233 2335 1401 2407 supradictis
1424 2338 1453 2391 in
1481 2353 1577 2408 perpe·

340 2430 422 2480 tuum
441 2423 633 2495 possidendae,
653 2441 736 2495 qnam
754 2424 918 2479 divisionem
936 2439 984 2478 rex
1002 2425 1099 2480 annuit
1117 2429 1145 2478 et
1162 2423 1309 2480 roboravit.

393 2529 459 2586 God.
477 2528 547 2598 dipl.
561 2529 684 2598 petrice.
708 2529 770 2585 Vll.
792 2545 821 2598 p.
845 2533 901 2582 116.
920 2543 954 2583 ec
972 2529 1043 2584 ortis
1061 2543 1126 2584 eom.
1145 2528 1266 2599 It'rdddp
1281 2529 1447 2598 Galatarum
1465 2529 1577 2586 oblatis.

390 2667 582 2724 ouuxxxl.
595 2671 673 2724 1269.
687 2669 781 2724 Merrae
796 2669 892 2724 Junio.
911 2669 1016 2724 Paulus
1037 2668 1215 2740 praepositus
1229 2673 1256 2724 et
1268 2667 1421 2740 capitulum
1435 2668 1577 2740 Quinque·

337 2756 501 2812 ecclesienae
520 2761 616 2811 uotum
635 2755 748 2823 faciunt,
768 2754 843 2825 quod
863 2753 995 2810 Vrhauus
1018 2755 1091 2810 filius
1118 2755 1229 2812 Pobrad
1248 2759 1349 2812 terram
1366 2755 1577 2812 haereditariam

337 2858 416 2898 suam
435 2843 513 2898 iuxta
531 2843 633 2898 Waaca
659 2842 695 2898 ad
720 2858 803 2898 usum
827 2843 843 2898 5
868 2847 1023 2898 aratrorum
1049 2843 1239 2911 sufficientem,
1265 2843 1301 2898 de
1325 2859 1463 2898 consensu
1485 2844 1581 2898 Pousa

335 2928 384 2984 tilii
402 2928 499 2996 vaoh,
529 2929 641 2984 Martini
665 2929 713 2984 filii
739 2928 848 2996 Kohon,
874 2935 902 2984 et
926 2930 1061 2985 Demetrii
1084 2935 1268 3000 cognatorum
1291 2945 1404 2985 suorum
1428 2927 1581 2985 vendiderit

335 3017 406 3087 patri
424 3016 571 3073 Timotheo
590 3017 723 3088 episcopo
742 3016 860 3086 Zagrab.
883 3033 933 3088 pro
957 3017 992 3072 30
1016 3017 1115 3072 marcia
1138 3018 1254 3086 argenti.
1282 3017 1337 3072 Pro
1360 3017 1423 3090 ipso
1447 3017 1580 3088 episcopo

335 3103 423 3158 astitit
440 3101 562 3159 Thomas
582 3103 656 3158 tilius
668 3103 805 3175 Thampa.
824 3104 902 3158 Meta
918 3109 1012 3158 autem
1030 3109 1118 3160 terrae
1135 3104 1233 3175 incipit
1253 3103 1287 3158 de
1308 3105 1402 3159 Drava
1420 3104 1449 3159 in
1469 3102 1580 3158 duabus

335 3190 417 3245 metis
434 3189 538 3258 terreis,
557 3190 586 3244 iu
605 3190 845 3246 commetaneitate
867 3189 1071 3246 cruciferorum
1090 3190 1125 3246 de
1142 3190 1258 3246 Novak.
1283 3191 1393 3247 Deinde
1418 3207 1466 3261 per
1489 3191 1580 3245 sarias

336 3283 425 3333 metas
443 3281 547 3332 terreae
565 3283 593 3332 et
611 3277 743 3333 arboreas
761 3277 836 3333 cadit
853 3279 882 3332 in
900 3293 1031 3348 magnam
1050 3278 1122 3333 viam
1143 3278 1347 3334 exercitualem.
1375 3276 1484 3332 Exinde
1505 3277 1582 3332 venit

336 3364 372 3420 ad
390 3365 500 3420 foveam
518 3365 659 3435 vulpinam
679 3366 824 3421 etiterum
842 3380 892 3436 per
910 3365 1001 3420 varias
1019 3370 1108 3421 metas
1125 3371 1229 3421 terreas
1247 3371 1276 3421 et
1294 3365 1425 3422 arboreas
1438 3363 1474 3420 ad
1487 3364 1579 3420 linem

391 3450 515 3506 mazer:
534 3453 608 3508 uos.
626 3452 689 3507 hiet.
712 3454 741 3508 Τ.
760 3453 784 3508 Ι.
801 3467 829 3520 p.
851 3457 907 3508 142.

390 3591 599 3648 onnxxxn.
617 3593 726 3650 Budas.
753 3595 823 3647 1269
851 3597 875 3648 1.
894 3592 1021 3662 Augusti.
1048 3592 1189 3648 Henrions
1213 3591 1304 3648 banus
1325 3593 1411 3649 totius
1433 3591 1581 3650 Slavouiae

339 3679 486 3748 significet,
504 3678 580 3749 quod
605 3695 699 3734 comes
724 3678 876 3748 Gregorius
898 3678 984 3734 iudex
999 3679 1198 3749 Cumanorum,
1223 3681 1345 3736 Thomas
1369 3685 1397 3736 et
1420 3681 1580 3752 Stephanus

339 3766 413 3820 filius
431 3766 555 3822 Thomas
573 3765 609 3822 ab
628 3783 684 3822 una
702 3772 787 3836 parte,
806 3767 942 3824 Nicolaus
963 3769 1037 3824 iilius
1061 3768 1200 3832 Andreae,
1225 3769 1324 3824 Petrus
1347 3769 1421 3824 filius
1446 3770 1521 3824 Petri
1544 3768 1581 3824 ah

337 3851 423 3908 altera
448 3853 555 3908 nobiles
580 3852 615 3908 de
640 3853 772 3909 Monuzlo
791 3855 967 3925 (Moslaviua,
991 3856 1197 3924 Monoslovina)
1222 3855 1403 3926 personaliter
1429 3856 1580 3925 constituti,

339 3937 530 3994 exhibuissent
554 3939 579 3994 ei
605 3939 778 4011 privilegium
797 3942 870 4012 regis
894 3942 977 3997 Belae
1001 3959 1065 3998 cum
1089 3943 1220 3998 instantia
1244 3948 1276 3998 ut
1298 3943 1376 3999 iuxta
1398 3944 1491 4015 ipsum
1515 3959 1582 3999 suas

222 4046 226 4057 ·
337 4025 442 4080 litteras
461 4025 661 4082 testimoniales
679 4027 739 4082 dari
757 4027 867 4096 faceret,
887 4045 1005 4098 quorum
1023 4031 1150 4100 petitioni
1171 4029 1262 4085 banus
1279 4030 1384 4096 annuit,
1406 4031 1581 4102 privilegium

337 4111 416 4253 {agi}
427 4112 593 4253 ιιιιιιίιέἔιέιι
611 4113 675 4168 lecit
693 4119 721 4171 et
739 4131 820 4170 auum
839 4116 1028 4171 testimouium
1048 4115 1155 4172 eddidit
1173 4116 1245 4184 (vide
1262 4117 1437 4188 privilegium
1450 4107 1534 4174 Bela'e
1546 4117 1582 4173 de

372 4237 378 4253 .
417 4197 483 4252 unio
573 4201 590 4264 l.

390 4285 454 4340 (lod.
473 4283 543 4354 dipl.
559 4286 675 4354 patrius
698 4285 758 4342 Vll.
779 4303 808 4358 p.
829 4291 885 4344 116.
903 4290 951 4344 Ere
970 4291 1041 4346 actia
1065 4306 1130 4345 com.
1150 4289 1265 4360 Drdo'dy
1284 4291 1450 4360 Golgccrom
1468 4291 1581 4348 celatia.

389 4421 614 4478 GMLXXXIII.
634 4427 714 4479 1267.
732 4429 775 4482 20.
796 4425 972 4494 Septembris.
994 4428 1154 4500 Capitulum
1173 4430 1306 4486 ecclesiae
1323 4432 1511 4502 ragrahienais
1532 4451 1581 4491 no·

340 4507 434 4576 tihcat,
454 4509 530 4580 quod
550 4509 707 4565 constitutis
725 4527 820 4568 coram
838 4528 872 4569 eo
890 4513 927 4568 ah
945 4531 1002 4570 uua
1020 4521 1098 4587 parts
1120 4517 1178 4574 filio
1203 4519 1343 4590 Beruvey‚
1360 4519 1446 4576 Jacus
1469 4521 1581 4587 scilicet,

339 4611 404 4650 cum
422 4611 475 4651 suo
493 4597 710 4666 consanguineo,
723 4599 819 4655 Draxa
832 4600 889 4655 filio
902 4601 1002 4672 Woyk,
1020 4602 1216 4674 iohe'gionihus
1235 4607 1317 4662 castri
1337 4607 1492 4674 curiensis,
1504 4611 1533 4661 et
1543 4605 1580 4660 ab

342 4683 429 4738 altera
446 4683 569 4752 Bochou,
589 4683 725 4741 serviente
743 4685 871 4742 Andreae
892 4687 1000 4744 comitis
1019 4690 1053 4746 de
1075 4692 1173 4748 Noaelr
1192 4693 1240 4748 filil
1259 4693 1367 4750 Nicolal
1385 4693 1458 4762 bani,
1477 4695 1536 4751 vice
1554 4699 1581 4750 et
