3548 5368
338 376 382 442 56
838 401 857 440 ι.
881 389 1083 460 ιιιιιιιωιιιιι,

392 561 584 620 CLXXXIII.
602 563 746 634 venetiis,
764 567 804 620 25.
833 564 942 632 Aprilis
960 568 1038 618 1226.
1059 565 1113 620 Per
1130 565 1229 620 ducem
1248 565 1429 621 Venetisrum
1447 575 1475 624 et
1492 571 1580 624 consi-

338 651 406 706 lium
424 651 516 705 minus
534 657 562 706 et
579 651 648 705 mais
667 649 823 706 ordinatum
840 657 889 718 est,
909 651 984 722 quod
1001 651 1094 706 nullus
1107 652 1240 719 Venetus,
1254 670 1343 724 neque
1356 655 1515 722 lorinsecus,
1532 673 1581 726 per

339 755 369 792 se
387 737 430 792 rel
449 737 509 808 ejus
527 739 655 792 nundum
673 737 775 794 audeat
793 755 953 809 comparare
977 738 1013 793 de
1035 739 1119 794 rebus
1143 739 1187 792 rel
1204 740 1341 794 mercibus
1358 741 1580 812 Ragusiensium,

338 841 429 894 neque
446 825 482 879 de
499 825 561 892 illis,
580 841 653 895 qnae
670 825 782 880 luerunt
804 825 833 880 in
857 825 998 881 navicellis
1022 827 1170 895 Pagusiae,
1189 843 1261 896 quae
1279 828 1385 884 noviter
1402 835 1536 884 venerunt
1552 829 1580 882 in

339 911 437 979 Zadra,
456 913 499 966 vel
517 912 640 968 contritis
658 912 719 978 illis,
738 911 864 968 videlicet
882 911 917 968 de
935 912 1026 968 Zadra
1043 913 1114 968 intra
1132 919 1160 968 et
1178 914 1345 984 quicumque
1359 921 1485 986 repertus
1498 915 1581 969 luerit

338 998 440 1054 habere
458 1000 502 1054 vel
519 1015 696 1070 comparasse
714 999 749 1054 de
767 999 905 1055 mercibus
922 999 1046 1072 ipsorum
1064 999 1099 1055 de
1112 999 1172 1068 illis,
1185 1017 1258 1070 quae
1270 1000 1381 1054 luerunt
1392 1000 1427 1056 de
1440 1001 1579 1067 Slavonia,

339 1085 427 1140 solvet
444 1085 695 1156 quadragesimum.

390 1191 507 1260 Mutii:
525 1193 599 1245 Mon.
618 1190 692 1246 Slus.
711 1205 775 1244 mer.
795 1193 817 1260 I,
832 1207 863 1260 p.
881 1195 925 1244 37.

391 1304 580 1360 CLXXXIV.
598 1304 699 1374 Phari,
717 1309 758 1358 30.
783 1305 894 1373 Aprilis
915 1309 994 1359 1226.
1019 1305 1163 1360 Existente
1182 1305 1276 1359 Micha
1294 1305 1425 1375 episeopo
1444 1305 1581 1375 pharensi,

338 1391 493 1448 Pribislavo
511 1391 617 1458 comite,
636 1391 783 1446 Desislavo
798 1391 907 1462 jupano
926 1397 953 1446 et
971 1391 1088 1446 Nicolao
1103 1391 1206 1460 jndice.
1225 1391 1304 1445 Idem
1322 1391 1485 1446 Desislarus
1499 1392 1581 1461 jupa-

338 1495 392 1534 nus
410 1496 474 1534 cnm
492 1478 582 1533 indice
605 1485 634 1533 et
658 1479 733 1534 omni
757 1479 863 1549 populo
890 1478 1020 1548 pharensi
1047 1477 1134 1532 donat
1156 1478 1324 1532 monasterio
1349 1493 1370 1532 s.
1395 1478 1520 1532 Silvestri
1546 1477 1582 1532 de
1628 1521 1660 1532 ..
1709 1517 1724 1530 ..

340 1565 408 1620 Buri
425 1564 575 1635 quemdam
592 1565 692 1632 locum,
705 1566 754 1620 tali
766 1571 869 1632 tenore,
882 1571 914 1620 ut
925 1565 1009 1620 irater
1022 1563 1154 1634 praedicti
1166 1563 1326 1619 monasterii
1339 1569 1464 1635 tempore
1475 1564 1581 1633 hyemis

339 1669 428 1722 usque
446 1652 481 1706 ad
499 1653 701 1722 semiprivium,
720 1653 762 1705 vel
781 1653 805 1705 si
822 1651 972 1721 aliquando
990 1651 1090 1706 humor
1108 1651 1234 1716 extiterit,
1253 1649 1411 1704 nuliatenus
1429 1655 1504 1704 vetet
1516 1649 1581 1704 ada·

339 1755 425 1808 quare
449 1738 552 1793 bestias
576 1738 762 1808 pharensium.
786 1739 898 1792 Testes:
919 1739 1043 1808 jupanus
1069 1737 1231 1792 Antemnae
1255 1737 1335 1803 lilius,
1355 1743 1383 1792 et
1399 1737 1580 1806 Dragoslaus,

338 1825 438 1882 Petrus
456 1825 529 1879 filius
544 1825 644 1896 jupani
661 1824 697 1880 de
715 1824 896 1894 Slarogostis,
922 1824 1068 1894 Chepema
1093 1823 1220 1878 Chranco
1238 1824 1311 1878 lilius
1330 1823 1447 1884 Nicolai,
1466 1822 1581 1893 Smnojs

339 1911 413 1965 filius
430 1911 518 1976 Robe,
547 1911 717 1966 Vladimirus
744 1911 816 1965 filius
843 1911 973 1978 Velecbe,
998 1911 1150 1966 Drasemnr
1174 1909 1327 1965 Cbranotta
1351 1911 1423 1966 filius
1443 1909 1580 1982 Cepcone,
1674 1887 1684 1924 '¹
1732 1865 1759 1930 '³‘

339 1996 496 2052 Bsmardus
518 1998 650 2052 notarim.

392 2100 438 2154 Ea
456 2102 574 2170 amicae
591 2103 783 2170 manscript)
800 2101 873 2170 prof.
893 2101 960 2157 Sim.
979 2101 1089 2169 Ljubii.

394 2211 566 2267 CLXXXV.
584 2213 726 2280 Venetiia,
745 2217 788 2267 29.
807 2215 964 2269 Mai1226.
982 2215 1081 2270 Petrus
1100 2214 1178 2268 Ziani
1190 2213 1248 2268 dnx
1259 2215 1441 2270 Venetiarum
1456 2215 1582 2270 concedit

340 2297 539 2354 mercatoribus
565 2316 599 2354 ex
623 2317 709 2370 regno
733 2301 882 2368 Ungariae,
905 2301 953 2370 qui
976 2299 1110 2355 Vcnetias
1134 2302 1226 2355 venire
1250 2301 1358 2368 vellent,
1386 2301 1461 2371 quod
1486 2316 1581 2354 secure

340 2387 451 2441 veniant
475 2391 502 2441 et
526 2385 656 2441 recedant
678 2388 707 2440 in
732 2387 857 2457 personis
882 2393 909 2441 et
930 2387 1022 2454 rebus,
1044 2388 1084 2442 ita
1107 2393 1207 2454 tamen,
1232 2393 1264 2442 ιιι
1282 2388 1350 2442 fisco
1369 2386 1528 2458 persolvant
1545 2386 1580 2440 ad

339 2471 474 2528 rationem
493 2473 657 2543 cujusquam
675 2473 824 2527 centenarii
841 2491 900 2528 xxx
916 2473 1001 2528 libras
1020 2479 1140 2528 venetas.

391 2577 504 2643 Music:
522 2577 601 2631 Men.
619 2576 695 2632 Slav.
714 2592 778 2632 mer.
798 2579 820 2644 I,
836 2594 866 2646 p.
884 2581 926 2632 38.

393 2688 581 2742 CLXXXVI.
600 2691 712 2747 Romae
729 2691 879 2760 Laterani,
897 2694 937 2744 11.
956 2688 1027 2745 June*
1047 2693 1123 2744 1226.
1142 2689 1285 2744 Honorius
1304 2689 1349 2743 III
1368 2706 1442 2760 papa
1460 2689 1580 2759 acceptis

340 2775 437 2830 litteris
455 2775 654 2846 archiepiscopi
678 2776 843 2846 spalatensis
868 2781 896 2830 et
919 2775 979 2830 eius
1003 2777 1241 2846 suffragancorum
1265 2776 1407 2842 intellexit,
1433 2775 1507 2846 quod
1528 2775 1580 2830 Ca-

340 2860 416 2916 ceclii
434 2861 594 2915 Almissiani
621 2861 727 2932 piratae
754 2861 790 2916 ad
815 2879 910 2918 eornm
935 2863 1148 2933 praedicationis
1171 2863 1331 2917 instantiam
1349 2863 1524 2933 promiserint
1550 2879 1581 2916 se

341 2948 483 3018 piraticam
501 2947 666 3002 tiranmdem
683 2948 718 3003 de
737 2952 846 3003 caetero
864 2948 1034 3016 dimissuros,
1054 2949 1205 3004 dummodo
1224 2949 1355 3004 ecclesiae
1374 2965 1505 3004 romanae
1520 2965 1580 3018 gra·

340 3035 407 3088 tiam
425 3033 535 3088 valeant
551 3035 690 3100 rehabere,
710 3051 743 3090 ac
761 3051 810 3105 per
828 3051 890 3089 eam
902 3037 1010 3106 possint
1023 3035 1103 3090 sedes
1115 3037 1343 3106 patrimoniorum
1356 3053 1469 3092 suorum
1488 3052 1581 3104 arege

340 3121 468 3190 recipere,
488 3121 588 3190 quibus
606 3121 642 3174 ab
660 3137 693 3176 eo
712 3137 742 3175 se
760 3127 889 3176 asserunt
907 3123 1055 3191 spoliatos;
1073 3121 1187 3177 mandat
1205 3139 1271 3192 ergo
1284 3123 1423 3193 praelatis,
1443 3127 1580 3192 qnatenus

341 3207 466 3263 Caciclos
484 3207 634 3277 prudenter
650 3207 790 3275 inducant,
810 3215 841 3262 nt
858 3216 967 3264 cessent
984 3227 1001 3264 a
1019 3209 1102 3276 malo,
1121 3210 1187 3278 quia
1204 3214 1291 3263 mater
1309 3209 1424 3264 ecclesia
1437 3209 1580 3280 poeniten-

339 3293 415 3348 tibus
433 3295 542 3348 rsniam
559 3294 661 3349 tribuit

396 3399 530 3453 l’tsiaer:
547 3401 621 3453 Mon.
641 3398 715 3454 dica.
734 3397 830 3454 maid.
849 3401 882 3468 1,
904 3403 947 3452 73.

394 3511 597 3567 CLXXXVII.
616 3512 740 3582 Spalati,
759 3515 781 3566 1.
799 3513 919 3582 depasti
936 3515 1015 3566 1226.
1034 3511 1205 3568 Colomanus
1219 3511 1412 3566 Rutbenorum
1423 3527 1472 3566 rex
1485 3517 1512 3566 et
1523 3510 1581 3566 dux

340 3597 497 3652 Dalmatiae
515 3604 598 3668 atque
617 3597 751 3664 Croatiae,
778 3615 841 3653 cum
863 3599 899 3653 ad
924 3605 1015 3670 partes
1039 3599 1190 3653 maritimas
1214 3597 1408 3663 descendisset,
1432 3597 1582 3668 postulavit

340 3701 405 3739 eum
422 3684 584 3753 Treguanus
611 3684 759 3754 spiscopus
786 3686 974 3755 traguriensis,
1001 3691 1033 3740 ut
1059 3685 1096 3739 ob
1120 3686 1239 3740 salutem
1266 3686 1374 3739 animae
1398 3700 1465 3738 suae
1490 3691 1518 3738 et
1544 3683 1582 3736 ob

340 3771 464 3841 requiem
481 3771 576 3824 matris
594 3787 662 3826 suae
680 3771 835 3826 Gertrudae
850 3773 962 3842 reginae
973 3773 1065 3828 locum
1077 3773 1146 3827 Drid
1160 3773 1291 3828 ecclesiae
1303 3771 1468 3840 traguriensi
1479 3770 1582 3824 intuitu

341 3858 515 3927 elemosynae
539 3856 630 3923 donet,
658 3857 738 3926 cujus
766 3859 946 3928 postulationi
968 3876 1113 3914 assensum
1137 3859 1272 3930 praebens
1295 3857 1400 3912 dictum
1422 3857 1493 3912 Drid
1517 3873 1581 3911 cum

341 3943 470 3998 omnibus
488 3943 660 4014 pertinentiis
677 3943 735 3998 lato
754 3944 886 4014 episcopo
904 3949 932 3998 et
956 3946 1086 4000 ecclesiae
1104 3946 1132 3999 in
1151 3950 1316 4016 perpetuum
1334 3943 1428 4010 donat,
1446 3942 1581 3998 reducens

340 4030 368 4083 in
387 4029 494 4084 irritum
511 4045 622 4084 omnem
640 4030 776 4084 actionem
795 4035 823 4084 et
832 4030 1058 4100 jurisdictionem,
1072 4047 1156 4100 quam
1169 4031 1288 4086 Ulcinna
1300 4029 1428 4098 Tragurii
1439 4029 1580 4100 quondam

340 4131 435 4170 comes
452 4117 480 4170 in
499 4131 563 4170 eum
589 4116 681 4170 locum
699 4133 734 4171 ex
752 4116 945 4171 commissione
973 4117 1063 4186 patrui
1082 4117 1126 4171 sui
1143 4117 1259 4171 Henrici
1277 4116 1419 4186 quondam
1436 4117 1517 4186 regis,
1536 4116 1580 4168 vel

341 4203 440 4258 Petrus
459 4202 493 4258 de
512 4201 627 4256 Cheimo
646 4219 680 4257 ex
698 4203 877 4258 concessione
900 4201 992 4256 fratris
1017 4203 1059 4256 sui
1077 4203 1160 4258 Belae
1177 4203 1259 4273 regis,
1281 4220 1332 4258 seu
1349 4203 1396 4256 alii
1414 4203 1581 4273 quicumque

339 4289 541 4359 dignoscuntur
563 4287 702 4344 habuisse.
727 4289 820 4343 Metae
842 4293 935 4342 autem
960 4295 1037 4342 sunt:
1062 4288 1099 4342 ab
1123 4290 1226 4344 oriente
1253 4290 1347 4355 maria,
1375 4289 1412 4342 ab
1438 4287 1581 4342 occidente

341 4376 483 4446 Stelpona,
508 4375 544 4430 ab
567 4375 696 4446 aquilone
719 4381 808 4431 terrae
831 4375 958 4444 Tragurii
982 4391 1053 4445 quae
1076 4376 1204 4431 Mealime
1228 4376 1411 4446 appellantur,
1431 4374 1467 4428 ab
1485 4380 1580 4429 austro

340 4479 405 4518 vero
423 4468 512 4517 terrae
530 4461 689 4517 monasterii
706 4462 893 4532 traguriensis.
913 4461 996 4516 Hanc
1008 4467 1102 4516 autem
1113 4461 1292 4517 donationem
1310 4461 1427 4516 contulit
1439 4459 1496 4515 dux
1509 4461 1580 4530 epis·

340 4563 411 4618 copo
430 4565 479 4617 per
497 4547 671 4617 Stephanum
688 4548 824 4603 comitem.
843 4548 914 4601 Acta
931 4547 960 4600 iu
979 4548 1134 4616 praesentia
1152 4547 1278 4603 Guneelli
1297 4547 1495 4618 archiepiscopi
1516 4563 1580 4616 spa-

341 4633 463 4700 latensis,
482 4633 601 4688 Mikussi
619 4635 743 4706 episcopi
760 4633 892 4701 tiniensis,
912 4633 1020 4687 Nicolai
1044 4632 1244 4700 scardonensis,
1262 4633 1393 4707 Valegini
1410 4633 1484 4703 bani,
1503 4632 1580 4692 Sala·
