3376 5350
336 375 402 440 434
636 397 641 406 ·
839 384 858 426 1.
878 370 1088 439 nusumevrd,

338 565 414 620 dictu
432 565 506 618 bauo
524 565 601 628 (non)
621 563 704 618 fuerit
720 565 891 634 requisitum.
910 563 1002 618 Dessa
1012 563 1105 619 Lucae
1118 581 1234 635 surgens
1253 563 1399 632 consuluit,
1420 565 1500 635 quod
1514 581 1591 619 com-

339 669 423 706 mune
443 651 548 722 Spaleti
569 651 628 706 vult
645 651 746 706 habere
765 651 911 706 consilium
930 668 994 706 cum
1012 651 1101 706 Paulo
1114 651 1187 706 bano
1201 657 1230 706 et
1241 649 1317 722 quod
1336 650 1475 720 quaedum
1493 653 1591 706 littera

338 739 465 793 mittatur
483 737 623 792 communi
642 737 813 794 Sibenicensi
833 739 867 792 de
885 739 938 793 ista
956 739 1070 794 materia
1094 746 1122 794 et
1146 739 1264 809 eligatur
1282 737 1396 808 quidam
1421 741 1538 809 sapiens
1565 750 1593 792 et

340 827 466 880 mittatur
485 824 639 896 Spalatum.
658 825 722 880 Hoc
741 831 911 896 postremum
924 827 1065 880 consuluit
1076 826 1197 880 Thomas
1210 824 1348 880 Zanichae
1361 831 1389 880 et
1401 825 1478 896 quod
1492 826 1592 880 dicant

341 911 455 983 Spalat,
468 911 543 984 quod
562 912 602 966 illi
621 913 725 966 nuntiis
738 913 830 968 Caroli
844 930 900 968 uon
913 915 1020 984 possint
1033 913 1117 970 modo
1129 912 1297 984 responderi,
1310 915 1375 983 quia
1388 915 1434 982 qui
1448 930 1480 967 se
1492 930 1593 982 regem

341 1001 408 1054 lacit
426 999 565 1070 ngariae
583 999 655 1054 solet
673 1017 702 1053 se
721 1001 846 1054 coronari
865 1001 893 1054 in
913 1001 961 1054 tali
980 1002 1099 1068 civitate,
1117 1000 1191 1054 unde
1211 1000 1260 1067 illi,
1284 1001 1332 1071 qui
1358 1005 1544 1054 coronaretur
1563 1001 1591 1053 in

340 1104 434 1156 regem
461 1087 630 1142 intendimus
654 1085 775 1142 obedire.
803 1087 932 1142 Matheus
954 1087 1047 1142 Lucae
1072 1088 1219 1154 consuluit,
1243 1087 1318 1158 quod
1343 1089 1470 1141 mittatur
1496 1087 1594 1140 Paulo

342 1175 414 1229 bano
440 1175 540 1244 aliquis
565 1176 679 1228 nuntius
703 1182 732 1229 et
753 1179 858 1230 asserat
883 1181 970 1230 totam
995 1176 1203 1247 responsionem
1227 1191 1311 1246 quam
1337 1173 1463 1228 fecerunt
1488 1177 1594 1228 nuntio

341 1265 414 1334 regis
430 1263 522 1317 Caroli
542 1279 606 1317 cum
625 1261 738 1333 Spalcto
756 1269 785 1316 et
802 1261 939 1318 Sthenico.

393 1350 514 1404 Lucitas:
531 1349 575 1403 De
592 1364 676 1419 regno
694 1348 789 1404 Dalm.
808 1355 834 1403 et
855 1349 985 1404 Oroatics
1001 1347 1065 1402 Lib.
1085 1349 1139 1402 IV.
1157 1365 1216 1421 cap.
1237 1349 1274 1404 Χ.

394 1505 534 1562 MDXIX.
547 1507 680 1578 Neapoli.
699 1508 777 1561 1293.
796 1511 837 1561 18.
851 1507 997 1560 tannarii.
1016 1506 1132 1561 Carolus
1152 1507 1297 1562 Martellus
1315 1524 1363 1561 rex
1382 1505 1495 1562 Siciliae
1516 1524 1594 1562 com·

341 1596 465 1650 manicat
482 1593 620 1663 magistris
638 1593 797 1648 Portulanis
810 1593 936 1665 Apuliae,
956 1594 1032 1664 quod
1050 1594 1140 1648 Paulo
1158 1596 1231 1649 bano
1251 1596 1343 1650 comiti
1368 1595 1546 1650 Breberieusi
1565 1606 1594 1650 et

342 1681 498 1753 spalatensi
519 1681 675 1736 consederit
693 1681 834 1735 licentiam
852 1681 1013 1736 extrahendi
1033 1681 1068 1736 de
1086 1697 1262 1752 quocumque
1285 1689 1368 1752 portu
1391 1682 1514 1754 Apuliae
1539 1684 1596 1736 200

341 1771 442 1824 salmas
461 1769 592 1823 frumenti
611 1773 638 1822 et
656 1768 772 1822 totidem
791 1768 876 1834 ordei,
894 1767 1012 1838 illasque
1025 1768 1130 1823 ferendi
1143 1786 1192 1840 per
1205 1785 1280 1824 mare
1298 1770 1327 1824 in
1346 1768 1510 1840 Ungariam.

397 1856 522 1911 Wenrel:
540 1857 613 1910 Acta
631 1859 725 1910 cetera
745 1855 768 1910 Ι.
787 1871 814 1926 p.
834 1859 892 1910 100.

393 2015 519 2070 Muxx.
538 2014 670 2086 Neapoli.
691 2017 766 2071 1293.
786 2017 827 2066 18.
841 2015 987 2068 Janaarii.
1001 2015 1117 2069 Carolus
1130 2015 1275 2070 Martellus
1285 2033 1333 2070 rex
1347 2015 1458 2070 Siciliae
1471 2017 1594 2072 mandat

345 2102 505 2158 Portulanis
532 2102 653 2172 Apuliae
680 2105 818 2170 quatenus
845 2100 1005 2171 religiosum
1029 2104 1117 2158 virum
1140 2103 1253 2158 fratrem
1277 2103 1423 2158 Girardum
1450 2104 1596 2159 ordininis

341 2191 458 2244 Militiae
478 2189 574 2260 templi
593 2195 622 2243 et
641 2188 787 2244 Volcetum
806 2195 956 2257 cognatum
975 2188 1055 2242 Pauli
1073 2191 1138 2243 bani
1153 2191 1260 2245 comitis
1278 2192 1307 2244 in
1326 2191 1480 2261 Ungariam
1499 2199 1596 2246 trans-

270 2343 272 2350 ,
340 2279 473 2332 treantes
497 2293 561 2331 cum
586 2283 647 2330 octo
671 2275 853 2330 familiaribus
871 2291 1022 2346 eorumque
1040 2278 1155 2345 amasio,
1169 2277 1243 2332 exire
1262 2277 1297 2332 de
1315 2293 1483 2349 quocunque
1503 2287 1595 2350 portu

342 2365 469 2435 Apuliae,
483 2363 569 2418 libere
587 2363 756 2434 permittant.

398 2451 523 2506 Wcatcl:
541 2453 615 2504 Acta
633 2455 727 2504 eatan
745 2449 771 2504 Ι.
789 2467 816 2520 p.
837 2453 895 2504 101.

376 2609 517 2664 MDXXI.
535 2608 668 2677 Neapoli.
686 2610 762 2661 1293.
783 2612 825 2661 18.
843 2607 989 2662 Jauucrr's'.
1009 2607 1125 2663 Carolus
1138 2608 1284 2664 Martellus
1296 2625 1344 2664 rex
1357 2609 1458 2664 Sicilae
1471 2613 1594 2667 mandat

341 2699 500 2754 Portulanis
518 2695 637 2766 Apuliae
655 2711 718 2749 curn
736 2693 783 2748 ille
807 2695 936 2764 religioso
961 2693 1037 2749 fratri
1065 2694 1183 2750 GIrardo
1208 2695 1312 2750 ordinis
1331 2697 1448 2751 Militiae
1477 2700 1591 2770 templi,

343 2787 377 2841 de
396 2800 564 2858 quocunque
582 2788 665 2854 portu
685 2783 804 2852 Apuliae
823 2782 948 2849 voluerit,
967 2781 1081 2852 triginta
1099 2783 1200 2838 sumas
1224 2783 1395 2852 leguminum
1420 2785 1593 2840 extrahendi

341 2875 445 2943 illaque
464 2889 513 2939 per
530 2887 606 2926 mare
624 2871 652 2924 in
673 2869 825 2939 Ungariam
845 2868 985 2924 deserendi
1005 2870 1145 2926 licentiam
1170 2871 1336 2942 praebuerit,
1354 2877 1493 2940 quatenus
1513 2890 1598 2943 prae

343 2961 447 3015 dictum
467 2959 580 3013 fratrem
599 2957 687 3011 dictas
706 2957 807 3010 salmas
826 2956 968 3011 exbahere
986 2957 1045 3011 sine
1063 2958 1157 3030 eliqua
1181 2957 1399 3014 contradictione
1418 2961 1597 3028 permit-tant.

399 3047 526 3102 Werrrcl:
544 3047 617 3099 Aera
635 3049 728 3098 esctun
747 3045 771 3097 Ι.
790 3061 816 3114 p.
837 3047 896 3098 101.

396 3203 550 3259 MDXXII.
569 3201 709 3260 Sibeniei.
728 3205 806 3256 1293.
825 3206 866 3256 17.
886 3201 1045 3257 Februarii.
1063 3203 1209 3272 Regnante
1226 3202 1340 3258 Andrea
1358 3203 1409 3257 111.
1428 3219 1494 3274 rege
1509 3204 1599 3260 Hun-

345 3293 447 3362 gariae,
466 3291 638 3360 temporibus
657 3289 794 3343 Leonardi
813 3289 925 3344 Faletro
944 3289 978 3344 de
997 3289 1132 3355 Venetiis,
1151 3289 1230 3344 electi
1250 3289 1443 3358 Sibeuicensis,
1463 3306 1518 3346 uec
1538 3310 1601 3348 uon

346 3379 458 3448 Georgii
478 3378 586 3434 comitis
605 3385 633 3432 et
650 3377 792 3431 Laurentii
810 3377 953 3431 Oivatellis
972 3379 1117 3447 potestatis
1135 3375 1327 3443 Sibeniceusis,
1348 3375 1438 3432 dictus
1451 3375 1601 3449 Georgius

342 3483 435 3522 comes
454 3484 518 3521 cum
537 3483 592 3519 una
610 3472 746 3535 potestate
759 3467 793 3519 'ct
811 3481 874 3519 cum
893 3469 952 3519 tota
971 3465 1046 3518 cirria
1064 3465 1114 3520 cis.
1134 3463 1239 3518 faciunt
1252 3464 1437 3532 menifestum,
1457 3465 1537 3536 quod
1556 3468 1598 3522 ad

343 3571 440 3610 eorum
458 3553 634 3624 presentiam,
654 3551 814 3607 sedentibus
833 3567 883 3622 pro
902 3551 1033 3606 tribunali
1052 3557 1116 3605 aute
1136 3551 1279 3606 ecclesiam
1304 3568 1326 3606 s.
1349 3550 1457 3617 Jacobi,
1483 3557 1600 3609 venerit

343 3641 501 3712 Stephanus
520 3640 655 3710 plebanus
673 3657 694 3692 s.
713 3638 788 3692 Pet-ri
808 3639 880 3692 Novi
900 3637 934 3692 de
951 3637 1039 3694 Jadra
1057 3653 1121 3692 cum
1140 3638 1248 3692 duabus
1267 3639 1519 3706 commissionibus,
1533 3658 1595 3696 una

342 3729 416 3783 facta
435 3745 469 3782 ex
487 3734 565 3797 parte
583 3725 733 3780 haeredum
752 3725 871 3780 filiorum
890 3731 919 3780 et
935 3726 1054 3778 fiharum
1073 3726 1214 3795 quondam
1239 3725 1338 3780 Slavac
1356 3725 1429 3780 filiae
1448 3727 1518 3782 olim
1539 3727 1599 3783 Ra-

342 3816 443 3871 dovaui
468 3815 625 3884 Postajnice
651 3813 836 3868 Sibeuiceusis
861 3820 888 3868 et
913 3814 1007 3867 uxoris
1029 3812 1147 3867 Joannis
1172 3813 1207 3867 de
1232 3813 1323 3868 Soffae
1347 3813 1414 3868 ciris
1432 3813 1597 3884 Jadreneis,

342 3919 426 3972 quam
444 3901 591 3971 scripserat
608 3899 732 3954 Joannes
751 3900 883 3954 diaconus
903 3917 924 3954 s.
944 3899 1048 3954 Mariae
1067 3900 1178 3969 majoris
1195 3900 1340 3956 Jadreueis
1358 3917 1432 3954 auno
1450 3903 1531 3956 1292.
1546 3903 1597 3959 die

342 3991 383 4044 18.
394 3988 532 4052 Octobris;
547 3995 575 4042 et
586 3987 669 4042 aliam
682 3987 889 4058 commisiouem
902 4005 935 4040 ex
949 3995 1027 4058 parte
1038 3987 1095 4041 Viti
1110 3986 1144 4041 dc
1155 3987 1264 4058 Oergna
1277 3993 1305 4042 et
1316 3987 1433 4042 Joannis
1446 3987 1482 4043 de
1495 3988 1597 4045 Sofl'ae

342 4077 449 4130 civibus
472 4075 654 4130 Jadrensibus
678 4075 816 4129 tutoribus
841 4074 960 4128 filiorum
985 4081 1013 4128 et
1035 4074 1153 4128 filiarum
1178 4074 1268 4128 dietae
1293 4075 1404 4144 Statuas,
1430 4076 1459 4128 in
1484 4077 1597 4146 quibus

342 4169 520 4234 exponuntur
538 4163 745 4234 praetensioues
763 4179 780 4215 a
797 4162 1005 4232 praenominato
1025 4160 1166 4230 Stephano
1190 4162 1310 4232 plebano
1329 4168 1357 4218 et
1375 4169 1524 4218 contutore
1544 4183 1598 4220 no·

342 4253 416 4306 mine
433 4251 601 4306 crediturum
619 4250 786 4320 propositae,
801 4250 829 4302 in
854 4249 955 4318 quibus
980 4265 1073 4302 comes
1097 4247 1236 4319 Georgius
1255 4267 1318 4304 cum
1337 4256 1397 4306 tota
1421 4252 1499 4305 curia
1530 4270 1599 4308 sen-

341 4341 457 4394 teutiam
476 4339 598 4408 protulit.
612 4337 808 4392 Praesentibus
821 4337 939 4391 testibus
958 4341 986 4389 ct
1004 4335 1168 4389 consiliariis
1181 4336 1293 4392 Staucio
1306 4337 1365 4394 filio
1378 4338 1515 4407 Vidoasii,
1536 4341 1599 4396 Da·

341 4427 415 4480 niele
440 4425 582 4495 Stephani,
607 4425 721 4478 Dissiuo
749 4423 892 4490 Budimiri,
921 4422 1052 4478 Mathaeo
1083 4423 1207 4490 Nicolae,
1231 4423 1393 4494 Oerpagnae
1418 4423 1542 4481 Joannis
1571 4435 1603 4482 et

342 4513 450 4566 Marino
468 4512 628 4566 Dobrinico.
647 4511 813 4564 Laurentiue
832 4511 973 4566 (livatellis
991 4515 1114 4582 potestas
1133 4511 1298 4582 subscripsit
1324 4511 1425 4565 Daniel
1454 4511 1600 4583 Stephani

341 4603 512 4655 examinator
530 4615 642 4653 manum
662 4600 743 4653 misit
763 4599 916 4668 Dragosius
935 4600 1026 4652 Siben.
1047 4599 1170 4652 notarius
1189 4598 1306 4668 scripsit.

396 4687 513 4755 Ljubid:
531 4687 611 4740 Meu.
630 4685 727 4740 1154.
