3488 5380
346 395 410 471 248
851 421 872 463 1.
889 407 1087 478 moranno,

348 587 441 644 Redin
460 593 540 661 pater
556 586 689 652 defuncti,
709 585 837 660 Caprega
854 586 929 642 filius
953 585 1056 642 Radini
1073 591 1101 642 et
1119 586 1203 642 irater
1226 585 1357 655 defuncti,
1382 585 1489 642 Oekrec
1513 603 1593 642 socer

348 676 418 746 ejus,
436 674 588 746 Bogdauus
607 675 744 743 Buatardi,
764 675 842 730 Luca
859 675 935 730 filius
953 673 1061 746 Pupsli,
1080 675 1227 730 Desislaua
1243 673 1317 730 filius
1331 673 1590 746 Praemittesojan

347 763 421 818 lilius
447 763 618 834 Dragovaut
644 763 767 818 Dimiscs
794 763 869 818 tilius
895 761 1035 830 Bolebrat,
1063 763 1165 819 Peleos
1192 761 1267 818 filius
1294 761 1433 826 Melinos,
1460 761 1592 835 Jupanna

346 851 485 917 Rarumir‚
513 851 647 906 Brainach
674 851 759 906 irater
783 849 907 906 defuncti
929 849 1027 917 Varae,
1051 849 1138 906 Jurco
1163 849 1198 906 de
1222 851 1350 918 Oercera,
1375 849 1533 906 Dobrosius
1557 849 1594 906 de

347 939 464 1007 (ieiuna,
483 938 634 1010 Bogdanus
652 938 788 1006 Dubocel,
799 938 940 1008 Dragona,
955 937 1076 994 Veiihna
1095 941 1123 993 et
1140 936 1284 994 Predislar
1296 935 1331 993 de
1344 937 1471 1006 Oorcera,
1484 938 1591 1006 fratres,

347 1027 475 1082 homines
493 1031 522 1082 st
539 1025 688 1098 propinqui
706 1025 781 1082 illins
793 1025 841 1098 qui
853 1031 980 1080 mortuus
998 1023 1052 1080 fuit
1068 1025 1098 1080 in
1116 1025 1250 1096 Ragusio,
1268 1031 1296 1080 et
1314 1024 1428 1096 Dragan
1448 1030 1476 1080 et
1493 1023 1593 1082 Slarec

347 1130 399 1186 pro
417 1118 520 1184 nepote
538 1117 566 1168 et
584 1112 643 1169 tilio
661 1129 721 1182 ano,
741 1113 959 1185 quivulneratus
977 1117 1028 1180 est,
1047 1113 1128 1168 sicuti
1145 1111 1273 1168 Rudinus
1285 1111 1420 1185 Spertalis
1433 1118 1461 1168 et
1472 1113 1592 1170 Braniclr

346 1200 432 1256 irater
450 1198 540 1256 Varus
557 1215 621 1255 cum
640 1199 802 1272 parentdrus
820 1197 931 1256 illorum
946 1199 1085 1270 jurarunt
1103 1199 1201 1256 Testor
1218 1205 1312 1255 autem
1329 1199 1443 1256 fuerunt
1466 1217 1593 1272 aupanus

347 1286 469 1355 Sicimir,
497 1287 625 1355 Etsemir,
649 1287 804 1358 Prodanna,
822 1287 973 1356 Mattheus,
993 1286 1086 1354 Reate,
1113 1287 1216 1359 Pupec,
1242 1287 1391 1357 Padoslar,
1419 1287 1537 1358 Mahnig
1564 1295 1592 1343 et

348 1375 441 1446 plures
460 1375 515 1443 alii,
543 1379 571 1430 et
592 1374 723 1446 anauus
745 1375 845 1431 Petrus
868 1375 936 1432 civis
959 1374 1125 1430 almiriensis
1151 1379 1262 1432 carente
1289 1377 1399 1433 notario
1426 1377 1455 1432 in
1481 1376 1591 1432 mvitate

347 1462 466 1534 scripsit.
1472 1459 1481 1472 “

403 1567 478 1640 Orip.
495 1568 605 1624 monor.
623 1569 655 1623 in
673 1567 787 1625 arctico
808 1568 901 1624 aulico
920 1567 1130 1624 Vindoboucuei.
1155 1568 1227 1624 Actu
1246 1569 1351 1640 Rapsa.
1370 1568 1408 1624 N.
1429 1574 1489 1624 964.

400 1706 617 1770 Dcccxxrx.
635 1708 778 1765 venetiis.
796 1711 875 1765 1262.
893 1712 937 1765 29.
962 1708 1134 1764 Noccmbn's.
1153 1709 1301 1764 Ralnerius
1325 1708 1406 1765 Geno
1425 1708 1483 1765 dux
1501 1709 1594 1766 Vene-

347 1797 451 1852 tiarum
470 1793 565 1851 scribit
583 1794 737 1852 rectoribus
755 1801 783 1851 st
800 1797 942 1852 communi
960 1793 995 1851 de
1013 1795 1157 1866 Tragurio,
1176 1812 1239 1851 cum
1258 1795 1293 1851 de
1311 1797 1445 1852 comitatu
1458 1795 1594 1852 Ourzolce

348 1890 377 1939 et
394 1883 509 1938 Melitae
528 1882 595 1937 olim
612 1882 718 1938 multae
735 1883 916 1954 quaestiones
933 1883 962 1938 in
980 1883 1096 1938 consilio
1120 1882 1219 1938 minori
1238 1887 1266 1938 et
1283 1883 1380 1938 maiori
1398 1881 1525 1939 venetiis
1545 1901 1591 1939 ex·

347 1971 460 2042 literint,
478 1975 507 2026 et
524 1975 660 2026 statutum
678 1969 738 2038 luit,
757 1975 788 2025 ut
806 1970 893 2026 nobili
911 1970 970 2025 viro
989 1969 1113 2026 Marailio
1137 1969 1230 2025 comiti
1256 1986 1308 2026 suo
1332 1975 1360 2026 et
1384 1971 1524 2041 praesenti
1549 1989 1594 2028 oo·

349 2059 408 2114 miti
425 2057 536 2114 Jacobo
554 2058 679 2114 Grimaui
707 2057 821 2114 obedire
839 2058 866 2120 in
885 2057 1015 2112 omuibus
1034 2055 1161 2125 debeant,
1179 2057 1294 2128 requirit
1312 2056 1429 2113 eandem
1454 2058 1595 2114 civitatem

350 2145 488 2216 Tragurii,
506 2151 644 2216 quatenus
662 2144 752 2200 eidem
770 2145 864 2200 comiti
879 2144 1015 2200 auxilium
1033 2150 1061 2200 et
1079 2144 1201 2200 favorem
1219 2160 1284 2200 cum
1302 2145 1475 2216 opportuerit
1486 2144 1522 2200 ad
1535 2163 1593 2200 ma-

349 2233 571 2289 nutenimentum
589 2233 677 2304 ipsius
695 2232 836 2302 regiminis
863 2231 1003 2302 praebeat,
1021 2248 1086 2288 cnm
1104 2232 1187 2288 etiam
1204 2231 1294 2288 Sitris
1318 2237 1346 2287 et
1370 2232 1477 2288 Latinis
1501 2231 1593 2288 dictae

352 2321 460 2378 insulae
478 2320 657 2388 mandaverit,
676 2319 753 2391 quod
770 2318 845 2376 dicto
863 2318 957 2398 comiti
975 2319 1003 2374 iu
1022 2319 1151 2375 omnibus
1170 2317 1282 2376 obedire
1300 2318 1408 2375 debeat

399 2425 519 2484 Laius:
537 2427 615 2482 Mera.
634 2425 668 2482 de
689 2427 772 2482 lico.
787 2441 817 2495 p.
836 2429 900 2480 107.

399 2565 599 2622 DOOOXXX.
618 2565 705 2635 Apud
722 2564 815 2620 urben
833 2569 954 2620 veterem.
974 2568 1050 2620 1262.
1071 2567 1110 2619 13.
1130 2562 1293 2619 Decembris.
1308 2561 1438 2620 Urbanus
1452 2562 1504 2620 IV.
1517 2581 1593 2636 papa

347 2653 463 2708 mandat
474 2652 685 2725 archiepiscopo
696 2651 851 2720 colocensi,
870 2657 902 2707 ut
919 2651 955 2708 ab
973 2641 1094 2708 Olivsrio
1109 2650 1253 2706 Sirmiensi
1266 2651 1399 2722 episcopo
1415 2651 1593 2722 suffraganeo

348 2757 409 2808 suo,
429 2739 476 2812 qui
494 2739 571 2810 gravi
589 2739 713 2812 corporis
731 2739 864 2810 langvore
881 2741 1012 2810 grauatus
1031 2737 1169 2809 pastorale
1187 2736 1310 2793 officium
1328 2755 1455 2794 exercere
1467 2755 1523 2794 nou
1544 2757 1594 2812 po-

348 2831 410 2896 test,
427 2827 555 2897 adeoque
573 2827 744 2882 sirmiensem
762 2825 906 2881 ecclesium
925 2825 1043 2881 retinere
1058 2825 1163 2895 nequit,
1175 2830 1203 2880 et
1215 2841 1264 2896 per
1276 2827 1439 2897 magistrum
1455 2825 1593 2882 Thomsm

347 2914 550 2970 thesaurarium
575 2917 603 2970 et
629 2913 743 2969 Petrum
771 2912 935 2969 canonicum
959 2929 1027 2969 auae
1051 2913 1184 2968 ecclesiae
1209 2913 1361 2984 postulavit
1382 2917 1414 2968 ut
1437 2913 1593 2970 cessionem

347 3002 437 3074 ipsius
464 3002 601 3074 recipiet
626 3000 787 3056 transeundi
814 2999 850 3055 ad
874 3000 973 3056 frames
997 3000 1135 3055 minorum
1158 2997 1262 3054 ordinis
1287 2999 1339 3054 sibi
1365 3000 1505 3056 licentiam
1532 3001 1594 3056 ds'ri

348 3089 502 3158 mandaret,
520 3089 674 3146 cessionem
693 3087 777 3144 officii
794 3088 840 3143 sui
858 3088 973 3160 recipiat
990 3092 1019 3142 et
1035 3086 1175 3142 licentiam
1192 3085 1229 3141 ad
1247 3085 1352 3142 dictum
1366 3086 1492 3143 ordinem
1504 3091 1594 3144 tans·

348 3175 434 3232 eundi
452 3177 564 3234 nomine
583 3177 722 3248 pontificis
739 3175 850 3230 tribuat.

405 3282 534 3337 lluincr:
557 3279 615 3338 Vct.
634 3297 702 3336 mon.
722 3281 817 3350 Hacp.
838 3281 867 3336 Τ.
889 3280 911 3336 L
928 3296 957 3348 p.
975 3282 1039 3334 243.

404 3421 620 3478 Dceoxxxl.
640 3426 718 3477 12⁶2.
739 3419 898 3493 Stephanus
919 3435 968 3474 rex
989 3419 1134 3475 confirmat
1153 3419 1311 3490 hospitibus
1323 3419 1351 3473 iu
1365 3419 1500 3476 suburbio
1512 3420 1597 3474 castri

354 3509 482 3565 Walkow
500 3507 745 3577 commorantibus,
764 3507 939 3579 privilegium
957 3507 1044 3578 patris
1063 3507 1105 3561 sui
1124 3507 1208 3562 Belse
1227 3505 1278 3562 1v.
1298 3505 1397 3576 (litt)

402 3611 500 3680 Feicr:
522 3613 586 3670 coc.
609 3612 678 3680 dipl.
701 3613 728 3668 Τ.
749 3613 799 3668 IV.
816 3613 869 3669 vol.
888 3613 945 3668 ΙΙΙ.
961 3617 994 3682 μ’
1010 3615 1054 3666 79.

404 3752 634 3808 ΒΟΟΟΧΧΧΙΙ.
655 3756 732 3808 1262.
751 3752 820 3808 Bela
838 3751 889 3807 1v.
908 3769 957 3807 rex
974 3751 1082 3808 confert
1100 3753 1192 3806 Merse
1211 3751 1268 3806 tilio
1287 3749 1427 3806 Benedicti
1453 3749 1490 3806 ob
1514 3765 1596 3804 suam

351 3845 379 3894 et
397 3840 489 3894 fratris
507 3841 536 3894 iu
555 3838 732 3911 expeditione
749 3845 846 3895 contra
859 3839 996 3910 Belgaros
1014 3844 1144 3910 suscepta
1162 3839 1300 3906 uirtutem,
1321 3837 1525 3909 possessionem
1545 3835 1596 3892 Sa·

291 3925 294 3932 '
351 3926 460 3982 neiaiva
478 3927 578 3999 (Sinje)
596 3927 624 3982 in
643 3925 836 3996 Neogradeusi
860 3928 1000 3995 comitatu,
1025 3942 1097 3996 quae
1117 3943 1133 3980 e
1152 3925 1232 3980 Bank
1255 3925 1329 3980 bano
1353 3922 1456 3979 infideli
1482 3939 1535 3978 suo
1560 3923 1596 3980 ad

349 4031 443 4085 regem
460 4014 592 4071 devoluta
609 4013 670 4069 fuit.

403 4121 500 4191 cher:
521 4119 614 4202 Oodee
631 4119 700 4189 dipl.
723 4119 750 4174 Τ.
770 4120 788 4174 1
792 4119 821 4174 V.
840 4119 891 4174 vol.
910 4119 965 4174 111.
983 4135 1012 4189 p.
1032 4123 1074 4176 60.

404 4261 651 4318 DCCOXXXIII.
679 4263 759 4320 1262.
787 4259 949 4332 Capitulum
975 4260 1107 4316 ecclesiae
1133 4259 1326 4330 Zagrabicnsis
1351 4257 1496 4328 siguificat,
1519 4259 1597 4328 quod

351 4350 514 4406 aecedentes
537 4351 566 4404 in
590 4348 650 4404 eius
673 4348 858 4419 praesentiam
881 4347 917 4404 de
940 4364 1041 4418 genere
1066 4347 1195 4418 Drugeeu
1222 4347 1357 4415 (Drulen)
1376 4345 1500 4417 Volkoy,
1526 4344 1596 4400 Dra·

352 4443 419 4509 geta
437 4437 511 4492 filius
530 4436 617 4503 Vealr,
636 4435 794 4506 Deacyuoy,
818 4452 869 4506 pro
892 4451 922 4490 se
945 4439 973 4490 rt
991 4434 1123 4489 iratribus
1142 4435 1208 4502 suis,
1228 4433 1442 4500 Zobetb,cha,
1461 4431 1598 4488 Dstbmar

351 4525 494 4596 Bogrmlav
511 4540 562 4595 pro
581 4539 611 4578 se
629 4529 657 4578 et
674 4522 758 4578 fratre
782 4521 984 4589 mononem,
1004 4519 1101 4576 Bunlra
1125 4537 1175 4592 pro
1194 4537 1224 4576 se
1243 4527 1270 4576 et
1288 4521 1371 4576 fratre
1389 4535 1450 4587 suc,
1476 4517 1596 4584 Mlatbk,

353 4611 501 4682 Dragonis‚
519 4611 647 4678 Zlavosa
666 4609 781 4678 Petrina,
799 4609 935 4664 Raducha
953 4613 981 4664 et
998 4607 1143 4676 Gurduna,
1163 4615 1272 4664 uetante
1289 4607 1326 4662 ab
1344 4607 1431 4662 altera
1448 4610 1527 4676 parte
1539 4621 1597 4659 ma·

358 4700 444 4774 gistro
463 4697 546 4754 Petro
564 4697 723 4770 praeposito
748 4696 912 4752 Ohsemensi
935 4695 1128 4764 asseruissent,
1152 4696 1227 4766 qnod
1250 4711 1315 4749 cum
1338 4692 1393 4776 ipsi
1415 4697 1517 4748 terram
1539 4689 1599 4747 Ka·
