<?xml version="1.0" encoding="UTF-8"?>
<!DOCTYPE html PUBLIC "-//W3C//DTD XHTML 1.0 Transitional//EN"
    "http://www.w3.org/TR/xhtml1/DTD/xhtml1-transitional.dtd">
<html xmlns="http://www.w3.org/1999/xhtml" xml:lang="en" lang="en">
 <head>
  <title>
</title>
<meta http-equiv="Content-Type" content="text/html;charset=utf-8" />
  <meta name='ocr-system' content='tesseract 3.04.00' />
  <meta name='ocr-capabilities' content='ocr_page ocr_carea ocr_par ocr_line ocrx_word'/>
</head>
<body>
  <div class='ocr_page' id='page_1' title='image "./regestadocument00sakcgoog_0216.png"; bbox 0 0 3488 5380; ppageno 0'>
   <div class='ocr_carea' id='block_1_1' title="bbox 333 297 1073 380">
    <p class='ocr_par' dir='ltr' id='par_1_1' title="bbox 333 297 1073 380">
     <span class='ocr_line' id='line_1_1' title="bbox 333 297 1073 380; baseline 0 -18"><span class='ocrx_word' id='word_1_1' title='bbox 333 297 397 362; x_wconf 79' lang='lat'><strong>210</strong></span> <span class='ocrx_word' id='word_1_2' title='bbox 839 325 857 362; x_wconf 88' lang='lat'><strong>1.</strong></span> <span class='ocrx_word' id='word_1_3' title='bbox 877 310 1073 380; x_wconf 77' lang='lat' dir='ltr'><strong>acaumnvro,</strong></span> 
     </span>
    </p>
   </div>
   <div class='ocr_carea' id='block_1_2' title="bbox 332 486 1582 2130">
    <p class='ocr_par' dir='ltr' id='par_1_2' title="bbox 332 486 1582 2130">
     <span class='ocr_line' id='line_1_2' title="bbox 332 486 1577 558; baseline 0.002 -17"><span class='ocrx_word' id='word_1_4' title='bbox 332 487 428 552; x_wconf 82' lang='lat' dir='ltr'><strong>altera,</strong></span> <span class='ocrx_word' id='word_1_5' title='bbox 453 486 579 556; x_wconf 73' lang='lat' dir='ltr'><strong>quaestio</strong></span> <span class='ocrx_word' id='word_1_6' title='bbox 604 501 706 554; x_wconf 83' lang='lat' dir='ltr'><strong>magna</strong></span> <span class='ocrx_word' id='word_1_7' title='bbox 730 487 842 558; x_wconf 73' lang='lat' dir='ltr'><strong>saepius</strong></span> <span class='ocrx_word' id='word_1_8' title='bbox 866 502 952 556; x_wconf 90' lang='lat' dir='ltr'><strong>super</strong></span> <span class='ocrx_word' id='word_1_9' title='bbox 977 486 1056 542; x_wconf 81' lang='lat' dir='ltr'><strong>terris</strong></span> <span class='ocrx_word' id='word_1_10' title='bbox 1082 501 1177 540; x_wconf 87' lang='lat' dir='ltr'><strong>corum</strong></span> <span class='ocrx_word' id='word_1_11' title='bbox 1203 486 1392 543; x_wconf 85' lang='lat' dir='ltr'><strong>haereditariis</strong></span> <span class='ocrx_word' id='word_1_12' title='bbox 1416 491 1577 544; x_wconf 83' lang='lat' dir='ltr'><strong>verteretur.</strong></span> 
     </span>
     <span class='ocr_line' id='line_1_3' title="bbox 332 572 1579 645; baseline 0.003 -17"><span class='ocrx_word' id='word_1_13' title='bbox 332 573 457 628; x_wconf 85' lang='lat' dir='ltr'><strong>Tandem</strong></span> <span class='ocrx_word' id='word_1_14' title='bbox 475 572 576 628; x_wconf 84' lang='lat' dir='ltr'><strong>illaad</strong></span> <span class='ocrx_word' id='word_1_15' title='bbox 595 573 756 643; x_wconf 81' lang='lat' dir='ltr'><strong>petitionem</strong></span> <span class='ocrx_word' id='word_1_16' title='bbox 774 574 919 644; x_wconf 86' lang='lat' dir='ltr'><strong>utriusque</strong></span> <span class='ocrx_word' id='word_1_17' title='bbox 938 574 1024 644; x_wconf 79' lang='lat' dir='ltr'><strong>partis</strong></span> <span class='ocrx_word' id='word_1_18' title='bbox 1042 573 1191 642; x_wconf 79' lang='lat' dir='ltr'><strong>Leucham,</strong></span> <span class='ocrx_word' id='word_1_19' title='bbox 1210 574 1322 628; x_wconf 79' lang='lat' dir='ltr'><strong>fratrem</strong></span> <span class='ocrx_word' id='word_1_20' title='bbox 1340 574 1458 645; x_wconf 80' lang='lat' dir='ltr'><strong>Budyna</strong></span> <span class='ocrx_word' id='word_1_21' title='bbox 1476 576 1513 630; x_wconf 89' lang='lat' dir='ltr'><strong>ad</strong></span> <span class='ocrx_word' id='word_1_22' title='bbox 1537 594 1579 632; x_wconf 85' lang='lat' dir='ltr'><strong>se·</strong></span> 
     </span>
     <span class='ocr_line' id='line_1_4' title="bbox 333 659 1579 734; baseline 0.002 -20"><span class='ocrx_word' id='word_1_23' title='bbox 333 663 470 732; x_wconf 83' lang='lat' dir='ltr'><strong>parandas</strong></span> <span class='ocrx_word' id='word_1_24' title='bbox 484 665 571 715; x_wconf 85' lang='lat' dir='ltr'><strong>terras</strong></span> <span class='ocrx_word' id='word_1_25' title='bbox 589 665 616 713; x_wconf 87' lang='lat' dir='ltr'><strong>et</strong></span> <span class='ocrx_word' id='word_1_26' title='bbox 633 665 730 728; x_wconf 84' lang='lat' dir='ltr'><strong>metas,</strong></span> <span class='ocrx_word' id='word_1_27' title='bbox 749 659 828 714; x_wconf 78' lang='lat' dir='ltr'><strong>duxit</strong></span> <span class='ocrx_word' id='word_1_28' title='bbox 846 660 1035 730; x_wconf 66' lang='lat' dir='ltr'><strong>dirigendum</strong></span> <span class='ocrx_word' id='word_1_29' title='bbox 1054 662 1102 731; x_wconf 93' lang='lat' dir='ltr'><strong>qui</strong></span> <span class='ocrx_word' id='word_1_30' title='bbox 1120 678 1167 716; x_wconf 85' lang='lat' dir='ltr'><strong>ess</strong></span> <span class='ocrx_word' id='word_1_31' title='bbox 1187 663 1215 716; x_wconf 91' lang='lat' dir='ltr'><strong>in</strong></span> <span class='ocrx_word' id='word_1_32' title='bbox 1228 661 1298 717; x_wconf 86' lang='lat' dir='ltr'><strong>duas</strong></span> <span class='ocrx_word' id='word_1_33' title='bbox 1311 667 1404 734; x_wconf 81' lang='lat' dir='ltr'><strong>partes</strong></span> <span class='ocrx_word' id='word_1_34' title='bbox 1422 663 1516 720; x_wconf 88' lang='lat' dir='ltr'><strong>divisit</strong></span> <span class='ocrx_word' id='word_1_35' title='bbox 1528 679 1579 734; x_wconf 87' lang='lat' dir='ltr'><strong>per</strong></span> 
     </span>
     <span class='ocr_line' id='line_1_5' title="bbox 332 746 1580 821; baseline 0.001 -17"><span class='ocrx_word' id='word_1_36' title='bbox 332 754 429 815; x_wconf 83' lang='lat' dir='ltr'><strong>metas,</strong></span> <span class='ocrx_word' id='word_1_37' title='bbox 448 764 565 817; x_wconf 88' lang='lat' dir='ltr'><strong>qusrum</strong></span> <span class='ocrx_word' id='word_1_38' title='bbox 584 764 668 802; x_wconf 85' lang='lat' dir='ltr'><strong>unam</strong></span> <span class='ocrx_word' id='word_1_39' title='bbox 687 751 793 817; x_wconf 85' lang='lat' dir='ltr'><strong>partem</strong></span> <span class='ocrx_word' id='word_1_40' title='bbox 812 747 922 816; x_wconf 83' lang='lat' dir='ltr'><strong>reliquit</strong></span> <span class='ocrx_word' id='word_1_41' title='bbox 934 746 1073 802; x_wconf 88' lang='lat' dir='ltr'><strong>Volentse</strong></span> <span class='ocrx_word' id='word_1_42' title='bbox 1087 755 1114 802; x_wconf 88' lang='lat' dir='ltr'><strong>et</strong></span> <span class='ocrx_word' id='word_1_43' title='bbox 1132 765 1200 803; x_wconf 85' lang='lat' dir='ltr'><strong>suae</strong></span> <span class='ocrx_word' id='word_1_44' title='bbox 1219 749 1388 818; x_wconf 83' lang='lat' dir='ltr'><strong>generationi</strong></span> <span class='ocrx_word' id='word_1_45' title='bbox 1407 749 1512 806; x_wconf 84' lang='lat' dir='ltr'><strong>scilicet</strong></span> <span class='ocrx_word' id='word_1_46' title='bbox 1535 751 1580 821; x_wconf 89' lang='lat' dir='ltr'><strong>jo-</strong></span> 
     </span>
     <span class='ocr_line' id='line_1_6' title="bbox 332 833 1579 907; baseline 0.002 -17"><span class='ocrx_word' id='word_1_47' title='bbox 332 835 499 907; x_wconf 83' lang='lat' dir='ltr'><strong>bagionibus</strong></span> <span class='ocrx_word' id='word_1_48' title='bbox 517 835 600 890; x_wconf 84' lang='lat' dir='ltr'><strong>castri</strong></span> <span class='ocrx_word' id='word_1_49' title='bbox 618 839 646 889; x_wconf 91' lang='lat' dir='ltr'><strong>et</strong></span> <span class='ocrx_word' id='word_1_50' title='bbox 665 833 777 904; x_wconf 87' lang='lat' dir='ltr'><strong>quidem</strong></span> <span class='ocrx_word' id='word_1_51' title='bbox 795 834 830 888; x_wconf 89' lang='lat' dir='ltr'><strong>de</strong></span> <span class='ocrx_word' id='word_1_52' title='bbox 849 839 927 906; x_wconf 85' lang='lat' dir='ltr'><strong>parte</strong></span> <span class='ocrx_word' id='word_1_53' title='bbox 946 835 1079 903; x_wconf 83' lang='lat' dir='ltr'><strong>orientali,</strong></span> <span class='ocrx_word' id='word_1_54' title='bbox 1098 841 1198 889; x_wconf 86' lang='lat' dir='ltr'><strong>terrem</strong></span> <span class='ocrx_word' id='word_1_55' title='bbox 1211 840 1304 890; x_wconf 86' lang='lat' dir='ltr'><strong>sutem</strong></span> <span class='ocrx_word' id='word_1_56' title='bbox 1322 852 1339 890; x_wconf 85' lang='lat' dir='ltr'><strong>s</strong></span> <span class='ocrx_word' id='word_1_57' title='bbox 1358 841 1436 906; x_wconf 84' lang='lat' dir='ltr'><strong>parte</strong></span> <span class='ocrx_word' id='word_1_58' title='bbox 1449 837 1579 894; x_wconf 72' lang='lat' dir='ltr'><strong>occidem</strong></span> 
     </span>
     <span class='ocr_line' id='line_1_7' title="bbox 332 919 1577 994; baseline 0.002 -17"><span class='ocrx_word' id='word_1_59' title='bbox 332 923 381 978; x_wconf 83' lang='lat' dir='ltr'><strong>tali</strong></span> <span class='ocrx_word' id='word_1_60' title='bbox 401 922 536 977; x_wconf 86' lang='lat' dir='ltr'><strong>Mirualao</strong></span> <span class='ocrx_word' id='word_1_61' title='bbox 555 926 583 976; x_wconf 92' lang='lat' dir='ltr'><strong>et</strong></span> <span class='ocrx_word' id='word_1_62' title='bbox 600 921 663 975; x_wconf 86' lang='lat' dir='ltr'><strong>filiis</strong></span> <span class='ocrx_word' id='word_1_63' title='bbox 676 919 777 976; x_wconf 85' lang='lat' dir='ltr'><strong>Endre.</strong></span> <span class='ocrx_word' id='word_1_64' title='bbox 793 922 883 988; x_wconf 69' lang='lat' dir='ltr'><strong>Prima</strong></span> <span class='ocrx_word' id='word_1_65' title='bbox 896 927 989 977; x_wconf 87' lang='lat' dir='ltr'><strong>autem</strong></span> <span class='ocrx_word' id='word_1_66' title='bbox 998 927 1072 976; x_wconf 86' lang='lat' dir='ltr'><strong>mets</strong></span> <span class='ocrx_word' id='word_1_67' title='bbox 1085 922 1182 992; x_wconf 79' lang='lat' dir='ltr'><strong>incipit</strong></span> <span class='ocrx_word' id='word_1_68' title='bbox 1194 921 1229 977; x_wconf 93' lang='lat' dir='ltr'><strong>de</strong></span> <span class='ocrx_word' id='word_1_69' title='bbox 1243 921 1382 978; x_wconf 80' lang='lat' dir='ltr'><strong>Oroaraim</strong></span> <span class='ocrx_word' id='word_1_70' title='bbox 1395 923 1577 994; x_wconf 83' lang='lat' dir='ltr'><strong>(Kravarskn)</strong></span> 
     </span>
     <span class='ocr_line' id='line_1_8' title="bbox 333 1007 1578 1079; baseline 0.002 -14"><span class='ocrx_word' id='word_1_71' title='bbox 333 1016 361 1066; x_wconf 92' lang='lat' dir='ltr'><strong>et</strong></span> <span class='ocrx_word' id='word_1_72' title='bbox 386 1007 460 1064; x_wconf 83' lang='lat' dir='ltr'><strong>cedit</strong></span> <span class='ocrx_word' id='word_1_73' title='bbox 484 1010 511 1063; x_wconf 90' lang='lat' dir='ltr'><strong>in</strong></span> <span class='ocrx_word' id='word_1_74' title='bbox 535 1008 649 1062; x_wconf 88' lang='lat' dir='ltr'><strong>fluvium</strong></span> <span class='ocrx_word' id='word_1_75' title='bbox 674 1007 863 1062; x_wconf 81' lang='lat' dir='ltr'><strong>Locholnicha</strong></span> <span class='ocrx_word' id='word_1_76' title='bbox 886 1009 934 1062; x_wconf 88' lang='lat' dir='ltr'><strong>ubi</strong></span> <span class='ocrx_word' id='word_1_77' title='bbox 959 1008 1059 1063; x_wconf 84' lang='lat' dir='ltr'><strong>fluvius</strong></span> <span class='ocrx_word' id='word_1_78' title='bbox 1087 1008 1234 1079; x_wconf 83' lang='lat' dir='ltr'><strong>Sarnovyk</strong></span> <span class='ocrx_word' id='word_1_79' title='bbox 1259 1009 1333 1065; x_wconf 81' lang='lat' dir='ltr'><strong>cadit</strong></span> <span class='ocrx_word' id='word_1_80' title='bbox 1351 1012 1378 1064; x_wconf 93' lang='lat' dir='ltr'><strong>in</strong></span> <span class='ocrx_word' id='word_1_81' title='bbox 1405 1011 1524 1067; x_wconf 87' lang='lat' dir='ltr'><strong>eundem</strong></span> <span class='ocrx_word' id='word_1_82' title='bbox 1550 1021 1578 1069; x_wconf 90' lang='lat' dir='ltr'><strong>et</strong></span> 
     </span>
     <span class='ocr_line' id='line_1_9' title="bbox 333 1093 1575 1170; baseline 0.004 -20"><span class='ocrx_word' id='word_1_83' title='bbox 333 1095 409 1150; x_wconf 83' lang='lat' dir='ltr'><strong>vodit</strong></span> <span class='ocrx_word' id='word_1_84' title='bbox 427 1111 476 1166; x_wconf 89' lang='lat' dir='ltr'><strong>per</strong></span> <span class='ocrx_word' id='word_1_85' title='bbox 493 1095 607 1150; x_wconf 74' lang='lat' dir='ltr'><strong>dudum</strong></span> <span class='ocrx_word' id='word_1_86' title='bbox 625 1095 762 1165; x_wconf 84' lang='lat' dir='ltr'><strong>Lipnichs</strong></span> <span class='ocrx_word' id='word_1_87' title='bbox 780 1099 807 1150; x_wconf 90' lang='lat' dir='ltr'><strong>et</strong></span> <span class='ocrx_word' id='word_1_88' title='bbox 825 1093 900 1150; x_wconf 83' lang='lat' dir='ltr'><strong>vadit</strong></span> <span class='ocrx_word' id='word_1_89' title='bbox 922 1096 991 1149; x_wconf 86' lang='lat' dir='ltr'><strong>inter</strong></span> <span class='ocrx_word' id='word_1_90' title='bbox 1009 1095 1080 1150; x_wconf 82' lang='lat' dir='ltr'><strong>duas</strong></span> <span class='ocrx_word' id='word_1_91' title='bbox 1099 1096 1194 1150; x_wconf 87' lang='lat' dir='ltr'><strong>vineas</strong></span> <span class='ocrx_word' id='word_1_92' title='bbox 1212 1095 1248 1150; x_wconf 86' lang='lat' dir='ltr'><strong>ad</strong></span> <span class='ocrx_word' id='word_1_93' title='bbox 1267 1097 1446 1167; x_wconf 77' lang='lat' dir='ltr'>sepulchrum</span> <span class='ocrx_word' id='word_1_94' title='bbox 1463 1099 1575 1170; x_wconf 80' lang='lat' dir='ltr'><strong>Hogye.</strong></span> 
     </span>
     <span class='ocr_line' id='line_1_10' title="bbox 333 1182 1577 1256; baseline 0.002 -18"><span class='ocrx_word' id='word_1_95' title='bbox 333 1183 377 1238; x_wconf 93' lang='lat' dir='ltr'><strong>De</strong></span> <span class='ocrx_word' id='word_1_96' title='bbox 396 1183 543 1254; x_wconf 86' lang='lat' dir='ltr'><strong>sepulchro</strong></span> <span class='ocrx_word' id='word_1_97' title='bbox 561 1182 638 1237; x_wconf 85' lang='lat' dir='ltr'><strong>vadit</strong></span> <span class='ocrx_word' id='word_1_98' title='bbox 656 1199 707 1253; x_wconf 88' lang='lat' dir='ltr'><strong>per</strong></span> <span class='ocrx_word' id='word_1_99' title='bbox 723 1184 796 1237; x_wconf 85' lang='lat' dir='ltr'><strong>viam</strong></span> <span class='ocrx_word' id='word_1_100' title='bbox 815 1199 870 1254; x_wconf 88' lang='lat' dir='ltr'><strong>que</strong></span> <span class='ocrx_word' id='word_1_101' title='bbox 889 1183 972 1252; x_wconf 83' lang='lat' dir='ltr'><strong>vulgo</strong></span> <span class='ocrx_word' id='word_1_102' title='bbox 988 1189 1103 1237; x_wconf 79' lang='lat' dir='ltr'><strong>vocetur</strong></span> <span class='ocrx_word' id='word_1_103' title='bbox 1115 1183 1243 1253; x_wconf 80' lang='lat' dir='ltr'><strong>Pomgno</strong></span> <span class='ocrx_word' id='word_1_104' title='bbox 1256 1188 1283 1238; x_wconf 83' lang='lat' dir='ltr'><strong>et</strong></span> <span class='ocrx_word' id='word_1_105' title='bbox 1295 1183 1369 1239; x_wconf 84' lang='lat' dir='ltr'><strong>cadit</strong></span> <span class='ocrx_word' id='word_1_106' title='bbox 1386 1185 1414 1238; x_wconf 91' lang='lat' dir='ltr'><strong>in</strong></span> <span class='ocrx_word' id='word_1_107' title='bbox 1428 1191 1514 1256; x_wconf 78' lang='lat' dir='ltr'><strong>caput</strong></span> <span class='ocrx_word' id='word_1_108' title='bbox 1531 1186 1577 1240; x_wconf 91' lang='lat' dir='ltr'><strong>Li·</strong></span> 
     </span>
     <span class='ocr_line' id='line_1_11' title="bbox 335 1268 1580 1344; baseline 0.003 -20"><span class='ocrx_word' id='word_1_109' title='bbox 335 1271 445 1342; x_wconf 78' lang='lat' dir='ltr'><strong>pnicas3</strong></span> <span class='ocrx_word' id='word_1_110' title='bbox 470 1271 607 1325; x_wconf 78' lang='lat' dir='ltr'><strong>transiens</strong></span> <span class='ocrx_word' id='word_1_111' title='bbox 625 1268 661 1323; x_wconf 87' lang='lat' dir='ltr'><strong>ad</strong></span> <span class='ocrx_word' id='word_1_112' title='bbox 679 1274 802 1324; x_wconf 86' lang='lat' dir='ltr'><strong>montem</strong></span> <span class='ocrx_word' id='word_1_113' title='bbox 817 1271 892 1324; x_wconf 86' lang='lat' dir='ltr'><strong>venit</strong></span> <span class='ocrx_word' id='word_1_114' title='bbox 909 1269 945 1324; x_wconf 84' lang='lat' dir='ltr'><strong>ad</strong></span> <span class='ocrx_word' id='word_1_115' title='bbox 963 1285 1103 1340; x_wconf 87' lang='lat' dir='ltr'><strong>quercum,</strong></span> <span class='ocrx_word' id='word_1_116' title='bbox 1118 1285 1171 1340; x_wconf 91' lang='lat' dir='ltr'><strong>que</strong></span> <span class='ocrx_word' id='word_1_117' title='bbox 1185 1275 1227 1324; x_wconf 87' lang='lat' dir='ltr'><strong>est</strong></span> <span class='ocrx_word' id='word_1_118' title='bbox 1246 1271 1273 1324; x_wconf 88' lang='lat' dir='ltr'><strong>in</strong></span> <span class='ocrx_word' id='word_1_119' title='bbox 1292 1271 1383 1326; x_wconf 90' lang='lat' dir='ltr'><strong>medio</strong></span> <span class='ocrx_word' id='word_1_120' title='bbox 1402 1272 1463 1327; x_wconf 82' lang='lat' dir='ltr'><strong>vise</strong></span> <span class='ocrx_word' id='word_1_121' title='bbox 1482 1279 1510 1327; x_wconf 89' lang='lat' dir='ltr'><strong>et</strong></span> <span class='ocrx_word' id='word_1_122' title='bbox 1530 1289 1580 1344; x_wconf 92' lang='lat' dir='ltr'><strong>per</strong></span> 
     </span>
     <span class='ocr_line' id='line_1_12' title="bbox 334 1356 1579 1430; baseline 0.002 -17"><span class='ocrx_word' id='word_1_123' title='bbox 334 1359 407 1413; x_wconf 85' lang='lat' dir='ltr'><strong>viam</strong></span> <span class='ocrx_word' id='word_1_124' title='bbox 416 1357 452 1413; x_wconf 83' lang='lat' dir='ltr'><strong>ad</strong></span> <span class='ocrx_word' id='word_1_125' title='bbox 462 1356 731 1428; x_wconf 72' lang='lat' dir='ltr'><strong>caputLukaveasc</strong></span> <span class='ocrx_word' id='word_1_126' title='bbox 740 1357 811 1420; x_wconf 88' lang='lat' dir='ltr'><strong>inter</strong></span> <span class='ocrx_word' id='word_1_127' title='bbox 824 1357 983 1426; x_wconf 83' lang='lat' dir='ltr'><strong>Lipnicaem</strong></span> <span class='ocrx_word' id='word_1_128' title='bbox 997 1361 1025 1411; x_wconf 89' lang='lat' dir='ltr'><strong>et</strong></span> <span class='ocrx_word' id='word_1_129' title='bbox 1034 1357 1230 1427; x_wconf 83' lang='lat' dir='ltr'><strong>Lampnicaam</strong></span> <span class='ocrx_word' id='word_1_130' title='bbox 1243 1363 1285 1411; x_wconf 89' lang='lat' dir='ltr'><strong>est</strong></span> <span class='ocrx_word' id='word_1_131' title='bbox 1297 1358 1359 1412; x_wconf 86' lang='lat' dir='ltr'><strong>finis</strong></span> <span class='ocrx_word' id='word_1_132' title='bbox 1372 1365 1462 1414; x_wconf 86' lang='lat' dir='ltr'><strong>metae</strong></span> <span class='ocrx_word' id='word_1_133' title='bbox 1475 1361 1579 1430; x_wconf 80' lang='lat' dir='ltr'><strong>primae</strong></span> 
     </span>
     <span class='ocr_line' id='line_1_13' title="bbox 335 1443 1579 1515; baseline 0.001 -15"><span class='ocrx_word' id='word_1_134' title='bbox 335 1445 529 1515; x_wconf 75' lang='lat' dir='ltr'><strong>generationis.</strong></span> <span class='ocrx_word' id='word_1_135' title='bbox 547 1444 636 1499; x_wconf 85' lang='lat' dir='ltr'><strong>Juxta</strong></span> <span class='ocrx_word' id='word_1_136' title='bbox 653 1443 770 1500; x_wconf 82' lang='lat' dir='ltr'><strong>eundem</strong></span> <span class='ocrx_word' id='word_1_137' title='bbox 788 1451 889 1498; x_wconf 87' lang='lat' dir='ltr'><strong>terram</strong></span> <span class='ocrx_word' id='word_1_138' title='bbox 907 1445 1005 1498; x_wconf 83' lang='lat' dir='ltr'><strong>Loxan</strong></span> <span class='ocrx_word' id='word_1_139' title='bbox 1030 1445 1102 1498; x_wconf 84' lang='lat' dir='ltr'><strong>iacet</strong></span> <span class='ocrx_word' id='word_1_140' title='bbox 1125 1449 1199 1499; x_wconf 87' lang='lat' dir='ltr'><strong>mets</strong></span> <span class='ocrx_word' id='word_1_141' title='bbox 1224 1449 1313 1498; x_wconf 84' lang='lat' dir='ltr'><strong>terrae</strong></span> <span class='ocrx_word' id='word_1_142' title='bbox 1342 1443 1459 1501; x_wconf 87' lang='lat' dir='ltr'><strong>filiorum</strong></span> <span class='ocrx_word' id='word_1_143' title='bbox 1484 1445 1579 1501; x_wconf 83' lang='lat' dir='ltr'><strong>Endre</strong></span> 
     </span>
     <span class='ocr_line' id='line_1_14' title="bbox 335 1530 1580 1600; baseline -0.001 -11"><span class='ocrx_word' id='word_1_144' title='bbox 335 1539 364 1589; x_wconf 86' lang='lat' dir='ltr'><strong>et</strong></span> <span class='ocrx_word' id='word_1_145' title='bbox 380 1533 509 1599; x_wconf 84' lang='lat' dir='ltr'><strong>Volente,</strong></span> <span class='ocrx_word' id='word_1_146' title='bbox 529 1537 556 1586; x_wconf 87' lang='lat' dir='ltr'><strong>et</strong></span> <span class='ocrx_word' id='word_1_147' title='bbox 574 1530 720 1586; x_wconf 86' lang='lat' dir='ltr'><strong>Moohirsd</strong></span> <span class='ocrx_word' id='word_1_148' title='bbox 738 1530 836 1586; x_wconf 90' lang='lat' dir='ltr'><strong>dividit</strong></span> <span class='ocrx_word' id='word_1_149' title='bbox 854 1536 882 1586; x_wconf 89' lang='lat' dir='ltr'><strong>et</strong></span> <span class='ocrx_word' id='word_1_150' title='bbox 899 1531 1045 1600; x_wconf 86' lang='lat' dir='ltr'><strong>distinquit</strong></span> <span class='ocrx_word' id='word_1_151' title='bbox 1063 1547 1132 1596; x_wconf 84' lang='lat' dir='ltr'><strong>eam,</strong></span> <span class='ocrx_word' id='word_1_152' title='bbox 1156 1530 1267 1585; x_wconf 90' lang='lat' dir='ltr'><strong>demum</strong></span> <span class='ocrx_word' id='word_1_153' title='bbox 1284 1530 1360 1586; x_wconf 79' lang='lat' dir='ltr'><strong>vadit</strong></span> <span class='ocrx_word' id='word_1_154' title='bbox 1377 1530 1411 1586; x_wconf 88' lang='lat' dir='ltr'><strong>de</strong></span> <span class='ocrx_word' id='word_1_155' title='bbox 1429 1533 1580 1588; x_wconf 82' lang='lat' dir='ltr'><strong>Lomniczs</strong></span> 
     </span>
     <span class='ocr_line' id='line_1_15' title="bbox 335 1617 1579 1692; baseline -0.002 -17"><span class='ocrx_word' id='word_1_156' title='bbox 335 1637 384 1692; x_wconf 88' lang='lat' dir='ltr'><strong>per</strong></span> <span class='ocrx_word' id='word_1_157' title='bbox 396 1635 527 1690; x_wconf 79' lang='lat' dir='ltr'><strong>magnam</strong></span> <span class='ocrx_word' id='word_1_158' title='bbox 539 1619 609 1673; x_wconf 84' lang='lat' dir='ltr'><strong>viem</strong></span> <span class='ocrx_word' id='word_1_159' title='bbox 624 1635 713 1688; x_wconf 89' lang='lat' dir='ltr'><strong>usque</strong></span> <span class='ocrx_word' id='word_1_160' title='bbox 733 1618 874 1684; x_wconf 85' lang='lat' dir='ltr'><strong>Globlsoa,</strong></span> <span class='ocrx_word' id='word_1_161' title='bbox 894 1617 994 1673; x_wconf 88' lang='lat' dir='ltr'><strong>deinde</strong></span> <span class='ocrx_word' id='word_1_162' title='bbox 1013 1617 1048 1672; x_wconf 83' lang='lat' dir='ltr'><strong>ad</strong></span> <span class='ocrx_word' id='word_1_163' title='bbox 1067 1619 1200 1673; x_wconf 81' lang='lat' dir='ltr'><strong>orientem</strong></span> <span class='ocrx_word' id='word_1_164' title='bbox 1218 1635 1314 1675; x_wconf 86' lang='lat' dir='ltr'><strong>versus</strong></span> <span class='ocrx_word' id='word_1_165' title='bbox 1327 1619 1420 1674; x_wconf 89' lang='lat' dir='ltr'><strong>locum</strong></span> <span class='ocrx_word' id='word_1_166' title='bbox 1433 1619 1481 1688; x_wconf 91' lang='lat' dir='ltr'><strong>qui</strong></span> <span class='ocrx_word' id='word_1_167' title='bbox 1493 1620 1579 1690; x_wconf 80' lang='lat' dir='ltr'><strong>vulgo</strong></span> 
     </span>
     <span class='ocr_line' id='line_1_16' title="bbox 335 1704 1580 1777; baseline -0.002 -15"><span class='ocrx_word' id='word_1_168' title='bbox 335 1706 436 1762; x_wconf 81' lang='lat' dir='ltr'><strong>dicitur</strong></span> <span class='ocrx_word' id='word_1_169' title='bbox 460 1707 575 1777; x_wconf 84' lang='lat' dir='ltr'><strong>Coryco,</strong></span> <span class='ocrx_word' id='word_1_170' title='bbox 602 1705 702 1760; x_wconf 88' lang='lat' dir='ltr'><strong>deinde</strong></span> <span class='ocrx_word' id='word_1_171' title='bbox 724 1704 760 1760; x_wconf 84' lang='lat' dir='ltr'><strong>ad</strong></span> <span class='ocrx_word' id='word_1_172' title='bbox 786 1706 953 1760; x_wconf 79' lang='lat' dir='ltr'><strong>territorium</strong></span> <span class='ocrx_word' id='word_1_173' title='bbox 977 1705 1123 1772; x_wconf 84' lang='lat' dir='ltr'><strong>Volentae,</strong></span> <span class='ocrx_word' id='word_1_174' title='bbox 1148 1706 1196 1760; x_wconf 90' lang='lat' dir='ltr'><strong>ubi</strong></span> <span class='ocrx_word' id='word_1_175' title='bbox 1222 1705 1296 1760; x_wconf 89' lang='lat' dir='ltr'><strong>idem</strong></span> <span class='ocrx_word' id='word_1_176' title='bbox 1318 1711 1345 1760; x_wconf 89' lang='lat' dir='ltr'><strong>et</strong></span> <span class='ocrx_word' id='word_1_177' title='bbox 1364 1707 1505 1775; x_wconf 76' lang='lat' dir='ltr'><strong>generatio</strong></span> <span class='ocrx_word' id='word_1_178' title='bbox 1528 1722 1580 1760; x_wconf 80' lang='lat' dir='ltr'><strong>sus</strong></span> 
     </span>
     <span class='ocr_line' id='line_1_17' title="bbox 333 1791 1582 1864; baseline -0.002 -16"><span class='ocrx_word' id='word_1_179' title='bbox 333 1795 521 1850; x_wconf 87' lang='lat' dir='ltr'><strong>inminuerunt</strong></span> <span class='ocrx_word' id='word_1_180' title='bbox 545 1792 746 1862; x_wconf 75' lang='lat' dir='ltr'><strong>quinquaginta</strong></span> <span class='ocrx_word' id='word_1_181' title='bbox 774 1797 916 1847; x_wconf 79' lang='lat' dir='ltr'><strong>vetetenos</strong></span> <span class='ocrx_word' id='word_1_182' title='bbox 940 1792 1007 1860; x_wconf 84' lang='lat' dir='ltr'><strong>iilis,</strong></span> <span class='ocrx_word' id='word_1_183' title='bbox 1036 1809 1086 1864; x_wconf 89' lang='lat' dir='ltr'><strong>pro</strong></span> <span class='ocrx_word' id='word_1_184' title='bbox 1110 1793 1281 1862; x_wconf 89' lang='lat' dir='ltr'><strong>concsmbio,</strong></span> <span class='ocrx_word' id='word_1_185' title='bbox 1306 1793 1354 1848; x_wconf 86' lang='lat' dir='ltr'><strong>sed</strong></span> <span class='ocrx_word' id='word_1_186' title='bbox 1380 1793 1445 1862; x_wconf 87' lang='lat' dir='ltr'><strong>quia</strong></span> <span class='ocrx_word' id='word_1_187' title='bbox 1473 1791 1582 1846; x_wconf 82' lang='lat' dir='ltr'><strong>dimen-</strong></span> 
     </span>
     <span class='ocr_line' id='line_1_18' title="bbox 335 1879 1580 1951; baseline -0.002 -15"><span class='ocrx_word' id='word_1_188' title='bbox 335 1883 441 1936; x_wconf 88' lang='lat' dir='ltr'><strong>sionem</strong></span> <span class='ocrx_word' id='word_1_189' title='bbox 467 1881 543 1934; x_wconf 85' lang='lat' dir='ltr'><strong>iliam</strong></span> <span class='ocrx_word' id='word_1_190' title='bbox 577 1880 707 1950; x_wconf 88' lang='lat' dir='ltr'><strong>supplere</strong></span> <span class='ocrx_word' id='word_1_191' title='bbox 738 1894 795 1934; x_wconf 93' lang='lat' dir='ltr'><strong>non</strong></span> <span class='ocrx_word' id='word_1_192' title='bbox 828 1885 978 1950; x_wconf 89' lang='lat' dir='ltr'><strong>potuerunt</strong></span> <span class='ocrx_word' id='word_1_193' title='bbox 1006 1879 1059 1934; x_wconf 90' lang='lat' dir='ltr'><strong>sub</strong></span> <span class='ocrx_word' id='word_1_194' title='bbox 1085 1881 1167 1948; x_wconf 85' lang='lat' dir='ltr'><strong>vilia,</strong></span> <span class='ocrx_word' id='word_1_195' title='bbox 1200 1879 1400 1951; x_wconf 81' lang='lat' dir='ltr'><strong>suppleverunt</strong></span> <span class='ocrx_word' id='word_1_196' title='bbox 1426 1896 1488 1934; x_wconf 85' lang='lat' dir='ltr'><strong>eam</strong></span> <span class='ocrx_word' id='word_1_197' title='bbox 1514 1885 1580 1935; x_wconf 82' lang='lat' dir='ltr'><strong>ante</strong></span> 
     </span>
     <span class='ocr_line' id='line_1_19' title="bbox 337 1965 1580 2038; baseline -0.002 -14"><span class='ocrx_word' id='word_1_198' title='bbox 337 1969 431 2024; x_wconf 80' lang='lat' dir='ltr'><strong>viliam</strong></span> <span class='ocrx_word' id='word_1_199' title='bbox 449 1969 570 2022; x_wconf 89' lang='lat' dir='ltr'><strong>filiorum</strong></span> <span class='ocrx_word' id='word_1_200' title='bbox 587 1965 675 2022; x_wconf 87' lang='lat' dir='ltr'><strong>Ende.</strong></span> <span class='ocrx_word' id='word_1_201' title='bbox 694 1967 840 2021; x_wconf 81' lang='lat' dir='ltr'><strong>Praeterea</strong></span> <span class='ocrx_word' id='word_1_202' title='bbox 857 1967 968 2022; x_wconf 83' lang='lat' dir='ltr'><strong>Levcha</strong></span> <span class='ocrx_word' id='word_1_203' title='bbox 992 1967 1142 2038; x_wconf 83' lang='lat' dir='ltr'><strong>pristaldos</strong></span> <span class='ocrx_word' id='word_1_204' title='bbox 1159 1973 1260 2024; x_wconf 86' lang='lat' dir='ltr'><strong>terram</strong></span> <span class='ocrx_word' id='word_1_205' title='bbox 1278 1985 1375 2024; x_wconf 89' lang='lat' dir='ltr'><strong>eorum</strong></span> <span class='ocrx_word' id='word_1_206' title='bbox 1400 1969 1440 2022; x_wconf 90' lang='lat' dir='ltr'><strong>cis</strong></span> <span class='ocrx_word' id='word_1_207' title='bbox 1464 1968 1580 2024; x_wconf 86' lang='lat' dir='ltr'><strong>fluvium</strong></span> 
     </span>
     <span class='ocr_line' id='line_1_20' title="bbox 337 2053 865 2130; baseline -0.004 -18"><span class='ocrx_word' id='word_1_208' title='bbox 337 2055 413 2112; x_wconf 88' lang='lat' dir='ltr'><strong>Odra</strong></span> <span class='ocrx_word' id='word_1_209' title='bbox 430 2055 523 2111; x_wconf 91' lang='lat' dir='ltr'><strong>divisit</strong></span> <span class='ocrx_word' id='word_1_210' title='bbox 542 2056 625 2109; x_wconf 83' lang='lat' dir='ltr'><strong>etiam</strong></span> <span class='ocrx_word' id='word_1_211' title='bbox 640 2055 670 2130; x_wconf 71' lang='lat' dir='ltr'><strong>in</strong></span> <span class='ocrx_word' id='word_1_212' title='bbox 688 2053 760 2109; x_wconf 85' lang='lat' dir='ltr'><strong>duas</strong></span> <span class='ocrx_word' id='word_1_213' title='bbox 780 2059 865 2125; x_wconf 87' lang='lat' dir='ltr'><strong>parte.</strong></span> 
     </span>
    </p>
   </div>
   <div class='ocr_carea' id='block_1_3' title="bbox 387 2159 1579 2230">
    <p class='ocr_par' dir='ltr' id='par_1_3' title="bbox 387 2159 1579 2230">
     <span class='ocr_line' id='line_1_21' title="bbox 387 2159 1579 2230; baseline 0.001 -14"><span class='ocrx_word' id='word_1_214' title='bbox 387 2162 449 2216; x_wconf 88' lang='lat' dir='ltr'><strong>Hoc</strong></span> <span class='ocrx_word' id='word_1_215' title='bbox 467 2160 657 2216; x_wconf 75' lang='lat' dir='ltr'><strong>documentum</strong></span> <span class='ocrx_word' id='word_1_216' title='bbox 676 2159 850 2227; x_wconf 82' lang='lat' dir='ltr'><strong>confirmavit</strong></span> <span class='ocrx_word' id='word_1_217' title='bbox 868 2177 895 2215; x_wconf 85' lang='lat' dir='ltr'><strong>a.</strong></span> <span class='ocrx_word' id='word_1_218' title='bbox 914 2164 992 2214; x_wconf 73' lang='lat'><em>1495.</em></span> <span class='ocrx_word' id='word_1_219' title='bbox 1018 2162 1144 2216; x_wconf 82' lang='lat' dir='ltr'><strong>Joannee</strong></span> <span class='ocrx_word' id='word_1_220' title='bbox 1171 2162 1306 2218; x_wconf 78' lang='lat' dir='ltr'><strong>Coruinus</strong></span> <span class='ocrx_word' id='word_1_221' title='bbox 1331 2161 1389 2216; x_wconf 82' lang='lat' dir='ltr'><strong>dan</strong></span> <span class='ocrx_word' id='word_1_222' title='bbox 1409 2161 1533 2230; x_wconf 82' lang='lat' dir='ltr'><strong>Opom&#39;oe</strong></span> <span class='ocrx_word' id='word_1_223' title='bbox 1552 2168 1579 2217; x_wconf 84' lang='lat' dir='ltr'><strong>ct</strong></span> 
     </span>
    </p>
   </div>
   <div class='ocr_carea' id='block_1_4' title="bbox 233 2245 1575 2318">
    <p class='ocr_par' dir='ltr' id='par_1_4' title="bbox 233 2245 1575 2318">
     <span class='ocr_line' id='line_1_22' title="bbox 233 2245 1575 2318; baseline -0.001 -15"><span class='ocrx_word' id='word_1_224' title='bbox 233 2267 236 2274; x_wconf 88' lang='lat'>·</span> <span class='ocrx_word' id='word_1_225' title='bbox 335 2249 485 2318; x_wconf 81' lang='lat' dir='ltr'><strong>Liptom&#39;oe</strong></span> <span class='ocrx_word' id='word_1_226' title='bbox 503 2263 537 2302; x_wconf 88' lang='lat' dir='ltr'><strong>nc</strong></span> <span class='ocrx_word' id='word_1_227' title='bbox 555 2247 643 2302; x_wconf 82' lang='lat' dir='ltr'><strong>bonna</strong></span> <span class='ocrx_word' id='word_1_228' title='bbox 661 2245 812 2302; x_wconf 67' lang='lat' dir='ltr'><strong>diaconiae</strong></span> <span class='ocrx_word' id='word_1_229' title='bbox 830 2253 855 2302; x_wconf 79' lang='lat' dir='ltr'><strong>ct</strong></span> <span class='ocrx_word' id='word_1_230' title='bbox 867 2249 995 2302; x_wconf 72' lang='lat' dir='ltr'><strong>montiae</strong></span> <span class='ocrx_word' id='word_1_231' title='bbox 1013 2248 1051 2302; x_wconf 86' lang='lat' dir='ltr'><strong>ad</strong></span> <span class='ocrx_word' id='word_1_232' title='bbox 1066 2247 1230 2316; x_wconf 78' lang='lat' dir='ltr'><strong>petitionem</strong></span> <span class='ocrx_word' id='word_1_233' title='bbox 1243 2247 1380 2316; x_wconf 78' lang='lat' dir='ltr'><strong>Stephani</strong></span> <span class='ocrx_word' id='word_1_234' title='bbox 1393 2248 1575 2315; x_wconf 77' lang='lat' dir='ltr'><strong>Berialnvict¹</strong></span> 
     </span>
    </p>
   </div>
   <div class='ocr_carea' id='block_1_5' title="bbox 335 2333 1579 2563">
    <p class='ocr_par' dir='ltr' id='par_1_5' title="bbox 335 2333 1579 2563">
     <span class='ocr_line' id='line_1_23' title="bbox 335 2333 1579 2404; baseline 0.001 -15"><span class='ocrx_word' id='word_1_235' title='bbox 335 2336 413 2390; x_wconf 78' lang='lat' dir='ltr'><strong>Petri</strong></span> <span class='ocrx_word' id='word_1_236' title='bbox 431 2333 626 2402; x_wconf 73' lang='lat' dir='ltr'><strong>Petricnsnicd,</strong></span> <span class='ocrx_word' id='word_1_237' title='bbox 657 2333 735 2390; x_wconf 68' lang='lat' dir='ltr'><strong>catti</strong></span> <span class='ocrx_word' id='word_1_238' title='bbox 749 2333 855 2402; x_wconf 72' lang='lat' dir='ltr'><strong>fratris</strong></span> <span class='ocrx_word' id='word_1_239' title='bbox 874 2335 932 2400; x_wconf 72' lang='lat' dir='ltr'><strong>eiua</strong></span> <span class='ocrx_word' id='word_1_240' title='bbox 950 2340 976 2388; x_wconf 85' lang='lat' dir='ltr'><strong>et</strong></span> <span class='ocrx_word' id='word_1_241' title='bbox 994 2335 1070 2389; x_wconf 81' lang='lat' dir='ltr'><strong>Petri</strong></span> <span class='ocrx_word' id='word_1_242' title='bbox 1089 2333 1294 2389; x_wconf 75' lang='lat' dir='ltr'><strong>Kordokooictv.</strong></span> <span class='ocrx_word' id='word_1_243' title='bbox 1322 2335 1397 2404; x_wconf 74' lang='lat' dir='ltr'><strong>Orip.</strong></span> <span class='ocrx_word' id='word_1_244' title='bbox 1421 2335 1529 2390; x_wconf 64' lang='lat' dir='ltr'><strong>namur.</strong></span> <span class='ocrx_word' id='word_1_245' title='bbox 1549 2336 1579 2390; x_wconf 86' lang='lat' dir='ltr'><strong>in</strong></span> 
     </span>
     <span class='ocr_line' id='line_1_24' title="bbox 335 2421 1577 2492; baseline -0.001 -15"><span class='ocrx_word' id='word_1_246' title='bbox 335 2423 407 2477; x_wconf 83' lang='lat' dir='ltr'><strong>actis</strong></span> <span class='ocrx_word' id='word_1_247' title='bbox 425 2421 528 2476; x_wconf 77' lang='lat' dir='ltr'><strong>ablotis</strong></span> <span class='ocrx_word' id='word_1_248' title='bbox 546 2437 580 2474; x_wconf 82' lang='lat' dir='ltr'><strong>ex</strong></span> <span class='ocrx_word' id='word_1_249' title='bbox 603 2421 714 2477; x_wconf 74' lang='lat' dir='ltr'><strong>aretino</strong></span> <span class='ocrx_word' id='word_1_250' title='bbox 737 2422 815 2490; x_wconf 75' lang='lat' dir='ltr'><strong>reym&#39;</strong></span> <span class='ocrx_word' id='word_1_251' title='bbox 833 2437 882 2489; x_wconf 78' lang='lat' dir='ltr'><strong>per</strong></span> <span class='ocrx_word' id='word_1_252' title='bbox 909 2421 1011 2476; x_wconf 81' lang='lat' dir='ltr'><strong>donam</strong></span> <span class='ocrx_word' id='word_1_253' title='bbox 1030 2422 1308 2492; x_wconf 67' lang='lat' dir='ltr'><strong>Rhana-Hadranum</strong></span> <span class='ocrx_word' id='word_1_254' title='bbox 1333 2425 1366 2475; x_wconf 88' lang='lat' dir='ltr'><strong>N.</strong></span> <span class='ocrx_word' id='word_1_255' title='bbox 1391 2422 1426 2478; x_wconf 84' lang='lat' dir='ltr'><strong>R.</strong></span> <span class='ocrx_word' id='word_1_256' title='bbox 1450 2423 1485 2478; x_wconf 74' lang='lat' dir='ltr'><strong>A.</strong></span> <span class='ocrx_word' id='word_1_257' title='bbox 1509 2423 1577 2479; x_wconf 78' lang='lat' dir='ltr'><strong>Fas.</strong></span> 
     </span>
     <span class='ocr_line' id='line_1_25' title="bbox 335 2511 495 2563; baseline 0.013 -3"><span class='ocrx_word' id='word_1_258' title='bbox 335 2513 398 2563; x_wconf 85' lang='lat'><strong><em>137.</em></strong></span> <span class='ocrx_word' id='word_1_259' title='bbox 417 2511 450 2560; x_wconf 88' lang='grc' dir='ltr'><strong>Ν.</strong></span> <span class='ocrx_word' id='word_1_260' title='bbox 470 2513 495 2562; x_wconf 83' lang='grc'><strong>5.</strong></span> 
     </span>
    </p>
   </div>
   <div class='ocr_carea' id='block_1_6' title="bbox 334 2663 1595 3436">
    <p class='ocr_par' dir='ltr' id='par_1_6' title="bbox 334 2663 1595 3436">
     <span class='ocr_line' id='line_1_26' title="bbox 387 2663 1580 2724; baseline 0.003 -6"><span class='ocrx_word' id='word_1_261' title='bbox 387 2663 549 2720; x_wconf 85' lang='lat' dir='ltr'>DCCVIII.</span> <span class='ocrx_word' id='word_1_262' title='bbox 568 2667 646 2718; x_wconf 84' lang='lat'><em>1256.</em></span> <span class='ocrx_word' id='word_1_263' title='bbox 666 2669 709 2718; x_wconf 84' lang='lat'><strong>10.</strong></span> <span class='ocrx_word' id='word_1_264' title='bbox 729 2665 893 2720; x_wconf 75' lang='lat' dir='ltr'><strong>Novembris.</strong></span> <span class='ocrx_word' id='word_1_265' title='bbox 913 2665 979 2718; x_wconf 82' lang='lat' dir='ltr'><strong>Beln</strong></span> <span class='ocrx_word' id='word_1_266' title='bbox 998 2681 1046 2720; x_wconf 84' lang='lat' dir='ltr'><strong>rex</strong></span> <span class='ocrx_word' id='word_1_267' title='bbox 1065 2665 1115 2720; x_wconf 90' lang='lat' dir='ltr'><strong>1v.</strong></span> <span class='ocrx_word' id='word_1_268' title='bbox 1135 2666 1232 2720; x_wconf 88' lang='lat' dir='ltr'><strong>volens</strong></span> <span class='ocrx_word' id='word_1_269' title='bbox 1250 2666 1328 2721; x_wconf 91' lang='lat' dir='ltr'><strong>finire</strong></span> <span class='ocrx_word' id='word_1_270' title='bbox 1340 2665 1493 2722; x_wconf 88' lang='lat' dir='ltr'><strong>discordias</strong></span> <span class='ocrx_word' id='word_1_271' title='bbox 1509 2668 1580 2724; x_wconf 88' lang='lat' dir='ltr'><strong>inter</strong></span> 
     </span>
     <span class='ocr_line' id='line_1_27' title="bbox 336 2751 1580 2824; baseline 0.002 -16"><span class='ocrx_word' id='word_1_272' title='bbox 336 2753 489 2808; x_wconf 88' lang='lat' dir='ltr'><strong>Henricum</strong></span> <span class='ocrx_word' id='word_1_273' title='bbox 507 2751 637 2807; x_wconf 88' lang='lat' dir='ltr'><strong>comitem</strong></span> <span class='ocrx_word' id='word_1_274' title='bbox 656 2751 848 2821; x_wconf 71' lang='lat' dir='ltr'><strong>simigiensem</strong></span> <span class='ocrx_word' id='word_1_275' title='bbox 869 2757 897 2806; x_wconf 90' lang='lat' dir='ltr'><strong>et</strong></span> <span class='ocrx_word' id='word_1_276' title='bbox 917 2757 1070 2807; x_wconf 82' lang='lat' dir='ltr'><strong>castrenses</strong></span> <span class='ocrx_word' id='word_1_277' title='bbox 1089 2752 1123 2807; x_wconf 92' lang='lat' dir='ltr'><strong>de</strong></span> <span class='ocrx_word' id='word_1_278' title='bbox 1137 2753 1222 2822; x_wconf 82' lang='lat' dir='ltr'><strong>Garig</strong></span> <span class='ocrx_word' id='word_1_279' title='bbox 1240 2769 1273 2807; x_wconf 84' lang='lat' dir='ltr'><strong>ex</strong></span> <span class='ocrx_word' id='word_1_280' title='bbox 1287 2769 1351 2821; x_wconf 88' lang='lat' dir='ltr'><strong>una,</strong></span> <span class='ocrx_word' id='word_1_281' title='bbox 1370 2759 1398 2808; x_wconf 92' lang='lat' dir='ltr'><strong>et</strong></span> <span class='ocrx_word' id='word_1_282' title='bbox 1412 2753 1580 2824; x_wconf 86' lang='lat' dir='ltr'><strong>jobagiones</strong></span> 
     </span>
     <span class='ocr_line' id='line_1_28' title="bbox 335 2838 1578 2912; baseline 0.002 -18"><span class='ocrx_word' id='word_1_283' title='bbox 335 2841 418 2895; x_wconf 83' lang='lat' dir='ltr'><strong>castri</strong></span> <span class='ocrx_word' id='word_1_284' title='bbox 436 2841 464 2894; x_wconf 92' lang='lat' dir='ltr'><strong>in</strong></span> <span class='ocrx_word' id='word_1_285' title='bbox 483 2839 576 2910; x_wconf 84' lang='lat' dir='ltr'><strong>Garig,</strong></span> <span class='ocrx_word' id='word_1_286' title='bbox 595 2838 740 2910; x_wconf 84' lang='lat' dir='ltr'><strong>deputavit</strong></span> <span class='ocrx_word' id='word_1_287' title='bbox 758 2839 921 2908; x_wconf 82' lang='lat' dir='ltr'><strong>magistrum</strong></span> <span class='ocrx_word' id='word_1_288' title='bbox 937 2839 1116 2894; x_wconf 88' lang='lat' dir='ltr'><strong>Benedictum</strong></span> <span class='ocrx_word' id='word_1_289' title='bbox 1129 2841 1447 2910; x_wconf 83' lang='lat' dir='ltr'><strong>quinqueecclesicnsem</strong></span> <span class='ocrx_word' id='word_1_290' title='bbox 1460 2858 1516 2912; x_wconf 90' lang='lat' dir='ltr'><strong>qua</strong></span> <span class='ocrx_word' id='word_1_291' title='bbox 1528 2841 1578 2897; x_wconf 90' lang='lat' dir='ltr'><strong>ho·</strong></span> 
     </span>
     <span class='ocr_line' id='line_1_29' title="bbox 334 2927 1577 2999; baseline 0.003 -17"><span class='ocrx_word' id='word_1_292' title='bbox 334 2927 437 2982; x_wconf 82' lang='lat' dir='ltr'><strong>minem</strong></span> <span class='ocrx_word' id='word_1_293' title='bbox 455 2943 545 2992; x_wconf 88' lang='lat' dir='ltr'><strong>suum,</strong></span> <span class='ocrx_word' id='word_1_294' title='bbox 564 2927 693 2997; x_wconf 90' lang='lat' dir='ltr'><strong>quicum</strong></span> <span class='ocrx_word' id='word_1_295' title='bbox 712 2927 863 2996; x_wconf 81' lang='lat' dir='ltr'><strong>Pangrstio</strong></span> <span class='ocrx_word' id='word_1_296' title='bbox 883 2927 994 2980; x_wconf 86' lang='lat' dir='ltr'><strong>homine</strong></span> <span class='ocrx_word' id='word_1_297' title='bbox 1012 2927 1119 2981; x_wconf 85' lang='lat' dir='ltr'><strong>comitis</strong></span> <span class='ocrx_word' id='word_1_298' title='bbox 1139 2927 1254 2982; x_wconf 89' lang='lat' dir='ltr'><strong>Henrici</strong></span> <span class='ocrx_word' id='word_1_299' title='bbox 1272 2928 1418 2999; x_wconf 78' lang='lat' dir='ltr'><strong>distinguit</strong></span> <span class='ocrx_word' id='word_1_300' title='bbox 1444 2927 1479 2982; x_wconf 91' lang='lat' dir='ltr'><strong>de</strong></span> <span class='ocrx_word' id='word_1_301' title='bbox 1503 2945 1577 2986; x_wconf 91' lang='lat' dir='ltr'><strong>novo</strong></span> 
     </span>
     <span class='ocr_line' id='line_1_30' title="bbox 335 3013 1580 3087; baseline 0.002 -18"><span class='ocrx_word' id='word_1_302' title='bbox 335 3019 424 3070; x_wconf 82' lang='lat' dir='ltr'><strong>metas</strong></span> <span class='ocrx_word' id='word_1_303' title='bbox 439 3014 623 3086; x_wconf 80' lang='lat' dir='ltr'><strong>jobsgionum</strong></span> <span class='ocrx_word' id='word_1_304' title='bbox 642 3014 732 3082; x_wconf 83' lang='lat' dir='ltr'><strong>castri,</strong></span> <span class='ocrx_word' id='word_1_305' title='bbox 746 3031 780 3068; x_wconf 82' lang='lat' dir='ltr'><strong>ex</strong></span> <span class='ocrx_word' id='word_1_306' title='bbox 793 3013 894 3083; x_wconf 86' lang='lat' dir='ltr'><strong>quibus</strong></span> <span class='ocrx_word' id='word_1_307' title='bbox 907 3017 980 3068; x_wconf 83' lang='lat' dir='ltr'><strong>mete</strong></span> <span class='ocrx_word' id='word_1_308' title='bbox 994 3019 1081 3068; x_wconf 88' lang='lat' dir='ltr'><strong>terrae</strong></span> <span class='ocrx_word' id='word_1_309' title='bbox 1095 3013 1191 3069; x_wconf 85' lang='lat' dir='ltr'><strong>Kokot</strong></span> <span class='ocrx_word' id='word_1_310' title='bbox 1212 3016 1301 3069; x_wconf 92' lang='lat' dir='ltr'><strong>Morei</strong></span> <span class='ocrx_word' id='word_1_311' title='bbox 1319 3015 1368 3069; x_wconf 89' lang='lat' dir='ltr'><strong>filii</strong></span> <span class='ocrx_word' id='word_1_312' title='bbox 1390 3015 1580 3087; x_wconf 80' lang='lat' dir='ltr'><strong>Zeik&#39;incipit</strong></span> 
     </span>
     <span class='ocr_line' id='line_1_31' title="bbox 335 3099 1580 3174; baseline 0.002 -18"><span class='ocrx_word' id='word_1_313' title='bbox 335 3104 426 3158; x_wconf 76' lang='lat' dir='ltr'><strong>iuxtra</strong></span> <span class='ocrx_word' id='word_1_314' title='bbox 445 3101 603 3156; x_wconf 74' lang='lat' dir='ltr'><strong>Camurium</strong></span> <span class='ocrx_word' id='word_1_315' title='bbox 620 3101 685 3157; x_wconf 89' lang='lat' dir='ltr'><strong>inde</strong></span> <span class='ocrx_word' id='word_1_316' title='bbox 703 3099 737 3156; x_wconf 82' lang='lat' dir='ltr'><strong>ad</strong></span> <span class='ocrx_word' id='word_1_317' title='bbox 758 3100 828 3155; x_wconf 84' lang='lat' dir='ltr'><strong>duas</strong></span> <span class='ocrx_word' id='word_1_318' title='bbox 846 3106 944 3168; x_wconf 87' lang='lat' dir='ltr'><strong>metas,</strong></span> <span class='ocrx_word' id='word_1_319' title='bbox 956 3117 1072 3171; x_wconf 88' lang='lat' dir='ltr'><strong>quarum</strong></span> <span class='ocrx_word' id='word_1_320' title='bbox 1093 3118 1148 3156; x_wconf 88' lang='lat' dir='ltr'><strong>una</strong></span> <span class='ocrx_word' id='word_1_321' title='bbox 1166 3107 1208 3156; x_wconf 87' lang='lat' dir='ltr'><strong>est</strong></span> <span class='ocrx_word' id='word_1_322' title='bbox 1226 3103 1314 3172; x_wconf 83' lang='lat' dir='ltr'><strong>ipsius</strong></span> <span class='ocrx_word' id='word_1_323' title='bbox 1333 3102 1436 3169; x_wconf 78' lang='lat' dir='ltr'><strong>Kokot,</strong></span> <span class='ocrx_word' id='word_1_324' title='bbox 1451 3101 1517 3157; x_wconf 87' lang='lat' dir='ltr'><strong>inde</strong></span> <span class='ocrx_word' id='word_1_325' title='bbox 1530 3121 1580 3174; x_wconf 90' lang='lat' dir='ltr'><strong>per</strong></span> 
     </span>
     <span class='ocr_line' id='line_1_32' title="bbox 338 3173 1578 3259; baseline 0 -15"><span class='ocrx_word' id='word_1_326' title='bbox 338 3189 434 3246; x_wconf 85' lang='lat' dir='ltr'><strong>Cherit</strong></span> <span class='ocrx_word' id='word_1_327' title='bbox 454 3173 542 3258; x_wconf 68' lang='lat' dir='ltr'><strong>(Oret)</strong></span> <span class='ocrx_word' id='word_1_328' title='bbox 562 3187 597 3242; x_wconf 89' lang='lat' dir='ltr'><strong>ad</strong></span> <span class='ocrx_word' id='word_1_329' title='bbox 615 3187 705 3242; x_wconf 86' lang='lat' dir='ltr'><strong>velem</strong></span> <span class='ocrx_word' id='word_1_330' title='bbox 724 3187 893 3242; x_wconf 83' lang='lat' dir='ltr'><strong>Heineliuns</strong></span> <span class='ocrx_word' id='word_1_331' title='bbox 911 3193 938 3242; x_wconf 90' lang='lat' dir='ltr'><strong>et</strong></span> <span class='ocrx_word' id='word_1_332' title='bbox 962 3205 1011 3259; x_wconf 88' lang='lat' dir='ltr'><strong>per</strong></span> <span class='ocrx_word' id='word_1_333' title='bbox 1035 3189 1125 3242; x_wconf 84' lang='lat' dir='ltr'><strong>varias</strong></span> <span class='ocrx_word' id='word_1_334' title='bbox 1148 3195 1222 3244; x_wconf 78' lang='lat' dir='ltr'><strong>mete</strong></span> <span class='ocrx_word' id='word_1_335' title='bbox 1245 3189 1335 3244; x_wconf 82' lang='lat' dir='ltr'><strong>iuxtra</strong></span> <span class='ocrx_word' id='word_1_336' title='bbox 1357 3195 1458 3245; x_wconf 78' lang='lat' dir='ltr'><strong>terram</strong></span> <span class='ocrx_word' id='word_1_337' title='bbox 1481 3191 1578 3245; x_wconf 87' lang='lat' dir='ltr'><strong>Zuime</strong></span> 
     </span>
     <span class='ocr_line' id='line_1_33' title="bbox 334 3273 1595 3348; baseline 0 -16"><span class='ocrx_word' id='word_1_338' title='bbox 334 3283 362 3332; x_wconf 89' lang='lat' dir='ltr'><strong>et</strong></span> <span class='ocrx_word' id='word_1_339' title='bbox 383 3276 505 3332; x_wconf 89' lang='lat' dir='ltr'><strong>filiorum</strong></span> <span class='ocrx_word' id='word_1_340' title='bbox 524 3275 651 3330; x_wconf 80' lang='lat' dir='ltr'><strong>Ohskani</strong></span> <span class='ocrx_word' id='word_1_341' title='bbox 669 3273 704 3329; x_wconf 90' lang='lat' dir='ltr'><strong>ad</strong></span> <span class='ocrx_word' id='word_1_342' title='bbox 723 3281 809 3346; x_wconf 88' lang='lat' dir='ltr'><strong>ceput</strong></span> <span class='ocrx_word' id='word_1_343' title='bbox 827 3274 1023 3333; x_wconf 84' lang='lat' dir='ltr'><strong>Choromisnik</strong></span> <span class='ocrx_word' id='word_1_344' title='bbox 1041 3291 1130 3345; x_wconf 85' lang='lat' dir='ltr'><strong>usque</strong></span> <span class='ocrx_word' id='word_1_345' title='bbox 1148 3275 1184 3330; x_wconf 85' lang='lat' dir='ltr'><strong>ad</strong></span> <span class='ocrx_word' id='word_1_346' title='bbox 1204 3276 1323 3348; x_wconf 88' lang='lat' dir='ltr'><strong>priorem</strong></span> <span class='ocrx_word' id='word_1_347' title='bbox 1340 3282 1450 3332; x_wconf 82' lang='lat' dir='ltr'><strong>metam.</strong></span> <span class='ocrx_word' id='word_1_348' title='bbox 1472 3273 1595 3332; x_wconf 56' lang='lat' dir='ltr'><strong>Dstum&#39;</strong></span> 
     </span>
     <span class='ocr_line' id='line_1_34' title="bbox 335 3361 1285 3436; baseline -0.001 -17"><span class='ocrx_word' id='word_1_349' title='bbox 335 3381 386 3436; x_wconf 92' lang='lat' dir='ltr'><strong>per</strong></span> <span class='ocrx_word' id='word_1_350' title='bbox 403 3379 503 3419; x_wconf 82' lang='lat' dir='ltr'><strong>manus</strong></span> <span class='ocrx_word' id='word_1_351' title='bbox 523 3361 669 3432; x_wconf 83' lang='lat' dir='ltr'><strong>Smaragdi</strong></span> <span class='ocrx_word' id='word_1_352' title='bbox 687 3361 794 3418; x_wconf 79' lang='lat' dir='ltr'><strong>albenio</strong></span> <span class='ocrx_word' id='word_1_353' title='bbox 812 3365 944 3435; x_wconf 87' lang='lat' dir='ltr'><strong>prepositi</strong></span> <span class='ocrx_word' id='word_1_354' title='bbox 963 3363 1043 3418; x_wconf 82' lang='lat' dir='ltr'><strong>sulae</strong></span> <span class='ocrx_word' id='word_1_355' title='bbox 1062 3363 1285 3419; x_wconf 82' lang='lat' dir='ltr'><strong>vicecancellarii.</strong></span> 
     </span>
    </p>
   </div>
   <div class='ocr_carea' id='block_1_7' title="bbox 393 3467 1500 3538">
    <p class='ocr_par' dir='ltr' id='par_1_7' title="bbox 393 3467 1500 3538">
     <span class='ocr_line' id='line_1_35' title="bbox 393 3467 1500 3538; baseline 0.001 -16"><span class='ocrx_word' id='word_1_356' title='bbox 393 3469 517 3526; x_wconf 80' lang='lat' dir='ltr'><strong>Wennet:</strong></span> <span class='ocrx_word' id='word_1_357' title='bbox 538 3468 604 3524; x_wconf 81' lang='lat' dir='ltr'><strong>God.</strong></span> <span class='ocrx_word' id='word_1_358' title='bbox 623 3467 692 3537; x_wconf 78' lang='lat' dir='ltr'><strong>dipl.</strong></span> <span class='ocrx_word' id='word_1_359' title='bbox 712 3469 811 3536; x_wconf 84' lang='lat' dir='ltr'><strong>arpod.</strong></span> <span class='ocrx_word' id='word_1_360' title='bbox 832 3471 885 3522; x_wconf 86' lang='grc' dir='ltr'><strong><em>ΙΙΙ.</em></strong></span> <span class='ocrx_word' id='word_1_361' title='bbox 900 3485 931 3538; x_wconf 73' lang='lat' dir='ltr'><strong>p.</strong></span> <span class='ocrx_word' id='word_1_362' title='bbox 950 3473 1012 3522; x_wconf 80' lang='lat'><strong><em>427.</em></strong></span> <span class='ocrx_word' id='word_1_363' title='bbox 1031 3485 1065 3522; x_wconf 82' lang='lat' dir='ltr'><strong>en</strong></span> <span class='ocrx_word' id='word_1_364' title='bbox 1083 3469 1197 3524; x_wconf 77' lang='lat' dir='ltr'><strong>arctico</strong></span> <span class='ocrx_word' id='word_1_365' title='bbox 1216 3469 1348 3524; x_wconf 62' lang='lat' dir='ltr'><strong>conterati</strong></span> <span class='ocrx_word' id='word_1_366' title='bbox 1365 3469 1500 3526; x_wconf 80' lang='lat' dir='ltr'><strong>Badenri.</strong></span> 
     </span>
    </p>
   </div>
   <div class='ocr_carea' id='block_1_8' title="bbox 258 3625 1583 4654">
    <p class='ocr_par' dir='ltr' id='par_1_8' title="bbox 258 3625 1583 4654">
     <span class='ocr_line' id='line_1_36' title="bbox 386 3625 1578 3698; baseline 0.003 -17"><span class='ocrx_word' id='word_1_367' title='bbox 386 3627 517 3683; x_wconf 82' lang='lat' dir='ltr'>DCOIX.</span> <span class='ocrx_word' id='word_1_368' title='bbox 537 3629 616 3682; x_wconf 70' lang='lat'><strong><em>1256.</em></strong></span> <span class='ocrx_word' id='word_1_369' title='bbox 636 3629 677 3678; x_wconf 86' lang='lat'><strong>10.</strong></span> <span class='ocrx_word' id='word_1_370' title='bbox 697 3625 862 3680; x_wconf 84' lang='lat' dir='ltr'><strong>Novembris.</strong></span> <span class='ocrx_word' id='word_1_371' title='bbox 885 3627 952 3681; x_wconf 80' lang='lat' dir='ltr'><strong>Belo</strong></span> <span class='ocrx_word' id='word_1_372' title='bbox 970 3625 1014 3682; x_wconf 91' lang='lat' dir='ltr'><strong>1v</strong></span> <span class='ocrx_word' id='word_1_373' title='bbox 1032 3644 1080 3681; x_wconf 84' lang='lat' dir='ltr'><strong>rer</strong></span> <span class='ocrx_word' id='word_1_374' title='bbox 1099 3627 1231 3698; x_wconf 83' lang='lat' dir='ltr'><strong>notificat,</strong></span> <span class='ocrx_word' id='word_1_375' title='bbox 1254 3644 1317 3682; x_wconf 92' lang='lat' dir='ltr'><strong>cum</strong></span> <span class='ocrx_word' id='word_1_376' title='bbox 1336 3628 1405 3682; x_wconf 87' lang='lat' dir='ltr'><strong>inter</strong></span> <span class='ocrx_word' id='word_1_377' title='bbox 1423 3627 1578 3684; x_wconf 87' lang='lat' dir='ltr'><strong>Henricum</strong></span> 
     </span>
     <span class='ocr_line' id='line_1_37' title="bbox 334 3713 1580 3786; baseline 0 -16"><span class='ocrx_word' id='word_1_378' title='bbox 334 3714 683 3784; x_wconf 81' lang='lat' dir='ltr'><strong>comitemSymigiensem</strong></span> <span class='ocrx_word' id='word_1_379' title='bbox 702 3717 901 3768; x_wconf 80' lang='lat' dir='ltr'><strong>cicestrenses</strong></span> <span class='ocrx_word' id='word_1_380' title='bbox 925 3713 960 3768; x_wconf 89' lang='lat' dir='ltr'><strong>de</strong></span> <span class='ocrx_word' id='word_1_381' title='bbox 988 3713 1084 3784; x_wconf 81' lang='lat' dir='ltr'><strong>Garyg</strong></span> <span class='ocrx_word' id='word_1_382' title='bbox 1109 3731 1143 3768; x_wconf 85' lang='lat' dir='ltr'><strong>ex</strong></span> <span class='ocrx_word' id='word_1_383' title='bbox 1168 3731 1223 3769; x_wconf 82' lang='lat' dir='ltr'><strong>uns</strong></span> <span class='ocrx_word' id='word_1_384' title='bbox 1247 3719 1334 3786; x_wconf 88' lang='lat' dir='ltr'><strong>parte,</strong></span> <span class='ocrx_word' id='word_1_385' title='bbox 1362 3721 1389 3770; x_wconf 90' lang='lat' dir='ltr'><strong>et</strong></span> <span class='ocrx_word' id='word_1_386' title='bbox 1413 3714 1580 3786; x_wconf 84' lang='lat' dir='ltr'><strong>jobsgiones</strong></span> 
     </span>
     <span class='ocr_line' id='line_1_38' title="bbox 335 3800 1579 3873; baseline 0.002 -17"><span class='ocrx_word' id='word_1_387' title='bbox 335 3801 458 3856; x_wconf 91' lang='lat' dir='ltr'><strong>eiusdem</strong></span> <span class='ocrx_word' id='word_1_388' title='bbox 470 3802 553 3856; x_wconf 83' lang='lat' dir='ltr'><strong>castri</strong></span> <span class='ocrx_word' id='word_1_389' title='bbox 565 3800 712 3856; x_wconf 86' lang='lat' dir='ltr'><strong>diuturnae</strong></span> <span class='ocrx_word' id='word_1_390' title='bbox 728 3801 881 3855; x_wconf 80' lang='lat' dir='ltr'><strong>discordiae</strong></span> <span class='ocrx_word' id='word_1_391' title='bbox 892 3818 975 3871; x_wconf 87' lang='lat' dir='ltr'><strong>saper</strong></span> <span class='ocrx_word' id='word_1_392' title='bbox 987 3801 1110 3854; x_wconf 85' lang='lat' dir='ltr'><strong>terminis</strong></span> <span class='ocrx_word' id='word_1_393' title='bbox 1124 3809 1257 3854; x_wconf 88' lang='lat' dir='ltr'><strong>terrarum</strong></span> <span class='ocrx_word' id='word_1_394' title='bbox 1271 3818 1340 3871; x_wconf 84' lang='lat' dir='ltr'><strong>quas</strong></span> <span class='ocrx_word' id='word_1_395' title='bbox 1358 3808 1510 3873; x_wconf 83' lang='lat' dir='ltr'><strong>atempore</strong></span> <span class='ocrx_word' id='word_1_396' title='bbox 1525 3804 1579 3858; x_wconf 86' lang='lat' dir='ltr'><strong>Co·</strong></span> 
     </span>
     <span class='ocr_line' id='line_1_39' title="bbox 334 3887 1579 3958; baseline 0.002 -16"><span class='ocrx_word' id='word_1_397' title='bbox 334 3889 437 3942; x_wconf 78' lang='lat' dir='ltr'><strong>lomoni</strong></span> <span class='ocrx_word' id='word_1_398' title='bbox 455 3889 527 3958; x_wconf 80' lang='lat' dir='ltr'><strong>regis</strong></span> <span class='ocrx_word' id='word_1_399' title='bbox 546 3894 573 3942; x_wconf 90' lang='lat' dir='ltr'><strong>et</strong></span> <span class='ocrx_word' id='word_1_400' title='bbox 592 3889 678 3942; x_wconf 89' lang='lat' dir='ltr'><strong>Ducis</strong></span> <span class='ocrx_word' id='word_1_401' title='bbox 697 3895 725 3942; x_wconf 89' lang='lat' dir='ltr'><strong>ct</strong></span> <span class='ocrx_word' id='word_1_402' title='bbox 742 3893 824 3942; x_wconf 81' lang='lat' dir='ltr'><strong>antee</strong></span> <span class='ocrx_word' id='word_1_403' title='bbox 845 3887 1027 3957; x_wconf 83' lang='lat' dir='ltr'><strong>possederunt</strong></span> <span class='ocrx_word' id='word_1_404' title='bbox 1043 3893 1154 3942; x_wconf 84' lang='lat' dir='ltr'><strong>exortae</strong></span> <span class='ocrx_word' id='word_1_405' title='bbox 1168 3887 1291 3955; x_wconf 87' lang='lat' dir='ltr'><strong>fuissent,</strong></span> <span class='ocrx_word' id='word_1_406' title='bbox 1312 3889 1422 3943; x_wconf 80' lang='lat' dir='ltr'><strong>exmisit</strong></span> <span class='ocrx_word' id='word_1_407' title='bbox 1447 3905 1495 3944; x_wconf 89' lang='lat' dir='ltr'><strong>rex</strong></span> <span class='ocrx_word' id='word_1_408' title='bbox 1519 3891 1579 3944; x_wconf 83' lang='lat' dir='ltr'><strong>Ma·</strong></span> 
     </span>
     <span class='ocr_line' id='line_1_40' title="bbox 335 3973 1579 4045; baseline 0.002 -17"><span class='ocrx_word' id='word_1_409' title='bbox 335 3977 452 4044; x_wconf 80' lang='lat' dir='ltr'><strong>gistrum</strong></span> <span class='ocrx_word' id='word_1_410' title='bbox 475 3973 657 4030; x_wconf 87' lang='lat' dir='ltr'><strong>Benedictum</strong></span> <span class='ocrx_word' id='word_1_411' title='bbox 680 3975 1011 4045; x_wconf 84' lang='lat' dir='ltr'><strong>quinqucecolesiensem,</strong></span> <span class='ocrx_word' id='word_1_412' title='bbox 1035 3974 1175 4028; x_wconf 85' lang='lat' dir='ltr'><strong>Henricus</strong></span> <span class='ocrx_word' id='word_1_413' title='bbox 1206 3991 1270 4030; x_wconf 88' lang='lat' dir='ltr'><strong>vero</strong></span> <span class='ocrx_word' id='word_1_414' title='bbox 1295 3991 1388 4030; x_wconf 88' lang='lat' dir='ltr'><strong>comes</strong></span> <span class='ocrx_word' id='word_1_415' title='bbox 1414 3976 1579 4030; x_wconf 84' lang='lat' dir='ltr'><strong>Panrscium</strong></span> 
     </span>
     <span class='ocr_line' id='line_1_41' title="bbox 335 4059 1581 4133; baseline 0 -15"><span class='ocrx_word' id='word_1_416' title='bbox 335 4062 482 4119; x_wconf 82' lang='lat' dir='ltr'><strong>officiatem</strong></span> <span class='ocrx_word' id='word_1_417' title='bbox 501 4077 584 4116; x_wconf 88' lang='lat' dir='ltr'><strong>suum</strong></span> <span class='ocrx_word' id='word_1_418' title='bbox 603 4060 637 4115; x_wconf 90' lang='lat' dir='ltr'><strong>de</strong></span> <span class='ocrx_word' id='word_1_419' title='bbox 657 4061 741 4130; x_wconf 70' lang='lat' dir='ltr'><strong>(iarig</strong></span> <span class='ocrx_word' id='word_1_420' title='bbox 766 4061 801 4115; x_wconf 88' lang='lat' dir='ltr'><strong>ad</strong></span> <span class='ocrx_word' id='word_1_421' title='bbox 827 4060 994 4116; x_wconf 86' lang='lat' dir='ltr'><strong>ordinandas</strong></span> <span class='ocrx_word' id='word_1_422' title='bbox 1012 4067 1099 4114; x_wconf 80' lang='lat' dir='ltr'><strong>metes</strong></span> <span class='ocrx_word' id='word_1_423' title='bbox 1124 4066 1151 4114; x_wconf 89' lang='lat' dir='ltr'><strong>ot</strong></span> <span class='ocrx_word' id='word_1_424' title='bbox 1175 4059 1399 4130; x_wconf 60' lang='lat' dir='ltr'><strong>distinguendam</strong></span> <span class='ocrx_word' id='word_1_425' title='bbox 1425 4064 1581 4133; x_wconf 87' lang='lat' dir='ltr'><strong>exquibus</strong></span> 
     </span>
     <span class='ocr_line' id='line_1_42' title="bbox 335 4147 1581 4219; baseline 0 -14"><span class='ocrx_word' id='word_1_426' title='bbox 335 4151 414 4205; x_wconf 87' lang='lat' dir='ltr'><strong>terris</strong></span> <span class='ocrx_word' id='word_1_427' title='bbox 439 4148 625 4219; x_wconf 82' lang='lat' dir='ltr'><strong>jobagionum</strong></span> <span class='ocrx_word' id='word_1_428' title='bbox 643 4148 733 4214; x_wconf 86' lang='lat' dir='ltr'><strong>castri,</strong></span> <span class='ocrx_word' id='word_1_429' title='bbox 753 4147 875 4217; x_wconf 87' lang='lat' dir='ltr'><strong>inprimis</strong></span> <span class='ocrx_word' id='word_1_430' title='bbox 894 4153 982 4202; x_wconf 88' lang='lat' dir='ltr'><strong>terrae</strong></span> <span class='ocrx_word' id='word_1_431' title='bbox 1007 4149 1117 4201; x_wconf 80' lang='lat' dir='ltr'><strong>Martini</strong></span> <span class='ocrx_word' id='word_1_432' title='bbox 1136 4149 1244 4203; x_wconf 87' lang='lat' dir='ltr'><strong>comitis</strong></span> <span class='ocrx_word' id='word_1_433' title='bbox 1263 4149 1311 4202; x_wconf 89' lang='lat' dir='ltr'><strong>filii</strong></span> <span class='ocrx_word' id='word_1_434' title='bbox 1329 4149 1409 4204; x_wconf 79' lang='lat' dir='ltr'><strong>Tusk</strong></span> <span class='ocrx_word' id='word_1_435' title='bbox 1433 4166 1465 4204; x_wconf 86' lang='lat' dir='ltr'><strong>ao</strong></span> <span class='ocrx_word' id='word_1_436' title='bbox 1488 4151 1581 4205; x_wconf 83' lang='lat' dir='ltr'><strong>fratris</strong></span> 
     </span>
     <span class='ocr_line' id='line_1_43' title="bbox 335 4234 1582 4305; baseline 0.001 -14"><span class='ocrx_word' id='word_1_437' title='bbox 335 4238 396 4292; x_wconf 92' lang='lat' dir='ltr'><strong>eius</strong></span> <span class='ocrx_word' id='word_1_438' title='bbox 415 4234 493 4290; x_wconf 82' lang='lat' dir='ltr'><strong>Gord</strong></span> <span class='ocrx_word' id='word_1_439' title='bbox 511 4251 583 4304; x_wconf 85' lang='lat' dir='ltr'><strong>quae</strong></span> <span class='ocrx_word' id='word_1_440' title='bbox 603 4235 751 4302; x_wconf 83' lang='lat' dir='ltr'><strong>vulgariter</strong></span> <span class='ocrx_word' id='word_1_441' title='bbox 769 4234 949 4289; x_wconf 89' lang='lat' dir='ltr'><strong>Borsonouoh</strong></span> <span class='ocrx_word' id='word_1_442' title='bbox 963 4241 1140 4305; x_wconf 86' lang='lat' dir='ltr'><strong>nuncupatur</strong></span> <span class='ocrx_word' id='word_1_443' title='bbox 1159 4242 1247 4290; x_wconf 75' lang='lat' dir='ltr'><strong>metae</strong></span> <span class='ocrx_word' id='word_1_444' title='bbox 1266 4237 1317 4292; x_wconf 88' lang='lat' dir='ltr'><strong>hae</strong></span> <span class='ocrx_word' id='word_1_445' title='bbox 1336 4237 1466 4291; x_wconf 86' lang='lat' dir='ltr'><strong>fuerunt:</strong></span> <span class='ocrx_word' id='word_1_446' title='bbox 1488 4237 1582 4292; x_wconf 83' lang='lat' dir='ltr'><strong>Prima</strong></span> 
     </span>
     <span class='ocr_line' id='line_1_44' title="bbox 258 4320 1583 4402; baseline 0.001 -25"><span class='ocrx_word' id='word_1_447' title='bbox 258 4383 262 4390; x_wconf 28' lang='lat'><strong>¹</strong></span> <span class='ocrx_word' id='word_1_448' title='bbox 334 4322 477 4402; x_wconf 26' lang='lat' dir='ltr'><strong>incipittin</strong></span> <span class='ocrx_word' id='word_1_449' title='bbox 491 4320 631 4376; x_wconf 89' lang='lat' dir='ltr'><strong>occidente</strong></span> <span class='ocrx_word' id='word_1_450' title='bbox 649 4321 722 4374; x_wconf 83' lang='lat' dir='ltr'><strong>circa</strong></span> <span class='ocrx_word' id='word_1_451' title='bbox 735 4321 878 4390; x_wconf 88' lang='lat' dir='ltr'><strong>antiquam</strong></span> <span class='ocrx_word' id='word_1_452' title='bbox 890 4326 993 4376; x_wconf 85' lang='lat' dir='ltr'><strong>metam</strong></span> <span class='ocrx_word' id='word_1_453' title='bbox 1006 4329 1122 4376; x_wconf 80' lang='lat' dir='ltr'><strong>terream</strong></span> <span class='ocrx_word' id='word_1_454' title='bbox 1134 4339 1266 4393; x_wconf 76' lang='lat' dir='ltr'><strong>separans</strong></span> <span class='ocrx_word' id='word_1_455' title='bbox 1288 4323 1388 4378; x_wconf 86' lang='lat' dir='ltr'><strong>limites</strong></span> <span class='ocrx_word' id='word_1_456' title='bbox 1403 4323 1583 4378; x_wconf 85' lang='lat' dir='ltr'><strong>Grassanchs</strong></span> 
     </span>
     <span class='ocr_line' id='line_1_45' title="bbox 335 4408 1582 4480; baseline 0.002 -16"><span class='ocrx_word' id='word_1_457' title='bbox 335 4427 353 4464; x_wconf 83' lang='lat' dir='ltr'><strong>a</strong></span> <span class='ocrx_word' id='word_1_458' title='bbox 370 4408 464 4478; x_wconf 84' lang='lat' dir='ltr'><strong>Gsrig,</strong></span> <span class='ocrx_word' id='word_1_459' title='bbox 483 4408 581 4462; x_wconf 88' lang='lat' dir='ltr'><strong>deinde</strong></span> <span class='ocrx_word' id='word_1_460' title='bbox 599 4408 762 4478; x_wconf 82' lang='lat' dir='ltr'><strong>pervincas,</strong></span> <span class='ocrx_word' id='word_1_461' title='bbox 778 4408 862 4462; x_wconf 85' lang='lat' dir='ltr'><strong>valles</strong></span> <span class='ocrx_word' id='word_1_462' title='bbox 881 4413 907 4461; x_wconf 89' lang='lat' dir='ltr'><strong>st</strong></span> <span class='ocrx_word' id='word_1_463' title='bbox 926 4408 1011 4463; x_wconf 90' lang='lat' dir='ltr'><strong>colles</strong></span> <span class='ocrx_word' id='word_1_464' title='bbox 1031 4415 1058 4462; x_wconf 89' lang='lat' dir='ltr'><strong>et</strong></span> <span class='ocrx_word' id='word_1_465' title='bbox 1076 4425 1124 4480; x_wconf 89' lang='lat' dir='ltr'><strong>per</strong></span> <span class='ocrx_word' id='word_1_466' title='bbox 1136 4426 1271 4478; x_wconf 75' lang='lat' dir='ltr'><strong>magnum</strong></span> <span class='ocrx_word' id='word_1_467' title='bbox 1284 4410 1404 4480; x_wconf 86' lang='lat' dir='ltr'><strong>spatium</strong></span> <span class='ocrx_word' id='word_1_468' title='bbox 1417 4411 1582 4466; x_wconf 74' lang='lat' dir='ltr'><strong>venitianis</strong></span> 
     </span>
     <span class='ocr_line' id='line_1_46' title="bbox 335 4494 1580 4570; baseline 0.001 -21"><span class='ocrx_word' id='word_1_469' title='bbox 335 4512 466 4565; x_wconf 83' lang='lat' dir='ltr'><strong>magnam</strong></span> <span class='ocrx_word' id='word_1_470' title='bbox 476 4495 547 4550; x_wconf 84' lang='lat' dir='ltr'><strong>viam</strong></span> <span class='ocrx_word' id='word_1_471' title='bbox 561 4495 588 4548; x_wconf 91' lang='lat' dir='ltr'><strong>in</strong></span> <span class='ocrx_word' id='word_1_472' title='bbox 600 4499 694 4550; x_wconf 89' lang='lat' dir='ltr'><strong>monte</strong></span> <span class='ocrx_word' id='word_1_473' title='bbox 707 4494 742 4550; x_wconf 85' lang='lat' dir='ltr'><strong>ed</strong></span> <span class='ocrx_word' id='word_1_474' title='bbox 756 4499 877 4549; x_wconf 87' lang='lat' dir='ltr'><strong>castrum</strong></span> <span class='ocrx_word' id='word_1_475' title='bbox 892 4494 986 4564; x_wconf 85' lang='lat' dir='ltr'><strong>Garig,</strong></span> <span class='ocrx_word' id='word_1_476' title='bbox 999 4494 1062 4550; x_wconf 91' lang='lat' dir='ltr'><strong>inde</strong></span> <span class='ocrx_word' id='word_1_477' title='bbox 1075 4495 1149 4550; x_wconf 88' lang='lat' dir='ltr'><strong>cadit</strong></span> <span class='ocrx_word' id='word_1_478' title='bbox 1160 4496 1188 4548; x_wconf 92' lang='lat' dir='ltr'><strong>in</strong></span> <span class='ocrx_word' id='word_1_479' title='bbox 1202 4502 1287 4570; x_wconf 86' lang='lat' dir='ltr'><strong>caput</strong></span> <span class='ocrx_word' id='word_1_480' title='bbox 1298 4496 1377 4552; x_wconf 81' lang='lat' dir='ltr'><strong>valiis</strong></span> <span class='ocrx_word' id='word_1_481' title='bbox 1391 4495 1580 4564; x_wconf 86' lang='lat' dir='ltr'><strong>Horostouch‚</strong></span> 
     </span>
     <span class='ocr_line' id='line_1_47' title="bbox 338 4581 1581 4654; baseline 0.001 -15"><span class='ocrx_word' id='word_1_482' title='bbox 338 4581 439 4639; x_wconf 85' lang='lat' dir='ltr'><strong>deinde</strong></span> <span class='ocrx_word' id='word_1_483' title='bbox 458 4581 494 4638; x_wconf 85' lang='lat' dir='ltr'><strong>sd</strong></span> <span class='ocrx_word' id='word_1_484' title='bbox 513 4587 597 4654; x_wconf 84' lang='lat' dir='ltr'><strong>caput</strong></span> <span class='ocrx_word' id='word_1_485' title='bbox 608 4582 722 4638; x_wconf 87' lang='lat' dir='ltr'><strong>minoris</strong></span> <span class='ocrx_word' id='word_1_486' title='bbox 735 4581 876 4638; x_wconf 87' lang='lat' dir='ltr'><strong>Desuiche</strong></span> <span class='ocrx_word' id='word_1_487' title='bbox 894 4587 923 4639; x_wconf 89' lang='lat' dir='ltr'><strong>et</strong></span> <span class='ocrx_word' id='word_1_488' title='bbox 940 4599 990 4654; x_wconf 89' lang='lat' dir='ltr'><strong>per</strong></span> <span class='ocrx_word' id='word_1_489' title='bbox 1007 4583 1097 4654; x_wconf 89' lang='lat' dir='ltr'><strong>ipsam</strong></span> <span class='ocrx_word' id='word_1_490' title='bbox 1110 4581 1202 4641; x_wconf 92' lang='lat' dir='ltr'><strong>eundo</strong></span> <span class='ocrx_word' id='word_1_491' title='bbox 1214 4583 1250 4640; x_wconf 90' lang='lat' dir='ltr'><strong>ad</strong></span> <span class='ocrx_word' id='word_1_492' title='bbox 1261 4585 1394 4642; x_wconf 86' lang='lat' dir='ltr'><strong>maiorem</strong></span> <span class='ocrx_word' id='word_1_493' title='bbox 1411 4583 1581 4642; x_wconf 86' lang='lat' dir='ltr'><strong>Desnicham</strong></span> 
     </span>
    </p>
   </div>
   <div class='ocr_carea' id='block_1_9' title="bbox 0 0 1751 5380">
    <p class='ocr_par' dir='ltr' id='par_1_9' title="bbox 0 0 1751 5380">
     <span class='ocr_line' id='line_1_48' title="bbox 0 0 1751 5380; baseline 0 0"><span class='ocrx_word' id='word_1_494' title='bbox 0 0 1751 5380; x_wconf 95' lang='lat' dir='ltr'><strong> </strong></span> 
     </span>
    </p>
   </div>
  </div>
 </body>
</html>
