3376 5350
609 511 756 554 uaesana.
1243 511 1309 574 425

57 695 139 740 catus
158 689 238 758 regia,
257 689 401 744 Albertino
419 690 495 745 tratri
521 707 580 758 stro,
605 698 661 746 tam
685 693 713 746 iu
739 694 873 748 veniendo
898 695 933 750 ad
959 713 1030 764 eum,
1050 713 1134 768 quam
1152 699 1180 752 in
1204 699 1307 754 condu-

55 775 147 829 cendo
165 793 228 830 eum
247 777 284 831 ad
303 779 419 848 patriam
438 795 525 846 suram,
538 785 617 850 grata
634 779 770 850 impendit
788 781 905 836 seruitia.
932 783 1002 838 Item
1027 786 1098 838 eirca
1120 787 1212 856 regiae
1230 803 1307 842 coro-

57 864 180 917 nationis
198 865 277 918 iuitia
297 865 344 918 diu
369 873 509 936 noctuque
533 868 616 936 regiis
638 867 758 921 inheruit
781 868 905 922 servitiis.
929 899 965 910 -
983 871 1015 924 ln
1035 875 1307 943 reconpensationem

54 951 152 1020 itaque
172 953 332 1006 meritorum
351 969 473 1018 suorum,
492 955 608 1008 contulit
627 955 651 1008 ei
671 971 718 1008 rex
738 959 837 1010 terram
857 956 952 1026 Chehy
972 957 1050 1012 iuxta
1074 975 1174 1028 aquarn
1201 960 1305 1015 Zauam

54 1039 84 1090 in
106 1039 220 1109 campis,
239 1040 266 1094 in
285 1042 418 1095 conritatu
437 1041 623 1111 Zagrabienai,
650 1059 733 1112 super
759 1059 814 1112 qua
837 1043 960 1113 hospites
989 1044 1113 1099 eiusdem
1134 1048 1215 1100 castri
1234 1049 1307 1117 regia

54 1125 225 1192 residebant,
243 1143 307 1182 curn
334 1129 463 1182 omnibus
488 1129 667 1199 pertinentiis,
692 1129 744 1184 sub
768 1129 893 1184 clausula
918 1137 947 1184 ut
971 1131 1067 1202 populi
1092 1133 1170 1186 liberi
1193 1134 1248 1188 sint
1271 1135 1307 1189 ab

52 1215 133 1266 omni
151 1213 263 1270 homine
281 1217 371 1282 castri,
390 1216 425 1269 ad
444 1217 532 1286 ipsam
546 1224 646 1271 terram
664 1218 756 1271 uenire
768 1217 870 1271 volenti
890 1235 973 1272 carisa
986 1221 1184 1275 commorandi.
1204 1224 1306 1276 Actum

53 1317 106 1370 per
131 1318 229 1356 manus
248 1302 372 1371 magistri
392 1303 529 1358 Theodori
548 1304 667 1358 albensis
686 1303 818 1358 ecclesiae
837 1305 985 1374 praepositi
1003 1306 1083 1361 aulae
1101 1307 1254 1362 cancelarii.

107 1388 155 1441 hle
173 1390 244 1442 ociis
263 1405 311 1458 per
329 1389 433 1443 hrenum
452 1389 736 1459 Karrea-Hectoreum
755 1409 789 1445 en
808 1393 919 1444 credito
937 1395 1016 1463 repeti
1035 1395 1147 1450 ablotis.
1166 1395 1202 1450 N.
1222 1395 1257 1450 R.
1273 1397 1306 1450 A.

51 1476 139 1530 Fusa
158 1478 216 1529 137.
237 1477 274 1530 N.
294 1481 317 1530 1.

108 1617 357 1673 lthDLXXXlll.
376 1623 456 1674 1291.
475 1619 638 1690 Capitulum
657 1621 789 1686 ecclesiae
814 1621 1008 1692 Zagrabieusis
1026 1622 1061 1675 ad
1080 1621 1243 1677 mandatum
1263 1624 1305 1678 sui

50 1707 179 1775 episcopi
197 1705 315 1760 Joannis
334 1707 491 1777 inquiritis
510 1707 584 1762 facto
603 1708 660 1762 litis
679 1709 749 1764 inter
766 1708 881 1763 Petrum
901 1710 1064 1764 canonicum
1089 1709 1304 1780 Zagrabiensem

51 1801 82 1848 et
103 1795 241 1848 Abbatem
260 1793 294 1850 de
313 1795 404 1849 insula
422 1813 443 1848 s.
461 1795 559 1850 Jacobi
579 1811 663 1866 super
684 1795 770 1849 fundo
790 1812 838 1850 seu
857 1796 920 1850 loeo
940 1797 1084 1851 cuiusdam
1097 1798 1188 1852 balnei
1203 1799 1231 1852 in
1243 1799 1302 1853 rivo

54 1881 149 1934 tlrech
168 1882 267 1936 subtus
286 1885 389 1936 curiam
408 1883 531 1938 eiusdem
551 1883 634 1950 Petri,
654 1884 688 1938 ad
708 1900 791 1953 quarn
810 1889 934 1954 spectare
954 1885 1005 1938 iste
1024 1885 1122 1950 aiebat,
1141 1885 1227 1940 abhas
1240 1903 1304 1940 vero

53 1969 165 2024 dicebat
184 1985 244 2024 ease
263 1971 381 2024 interra
400 1971 533 2024 ecelesiae
552 1971 582 2024 B.
602 1970 734 2040 Virginis
762 1971 924 2040 Capitulum
949 1988 1012 2025 cum
1037 1987 1085 2040 per
1110 1973 1232 2043 qrrinque
1257 1991 1303 2027 ex·

54 2057 158 2110 missos
169 2057 363 2126 inquisivisset,
376 2058 481 2132 inuenit
493 2057 611 2112 fundum
624 2056 658 2110 ad
673 2057 817 2112 ecclesiam
830 2059 860 2112 B.
874 2057 910 2114 V.
924 2060 1068 2128 pertinere,
1081 2058 1305 2130 adiudicavitque

53 2162 120 2198 eum
139 2144 241 2198 abbati.

109 2231 236 2286 Thaidie':
254 2232 333 2284 Mos.
353 2231 428 2285 cinit.
447 2248 521 2301 supr.
541 2232 565 2284 I.
580 2249 610 2300 p.
629 2235 670 2286 62.

110 2371 356 2426 thDLXXXlV.
377 2375 452 2426 12⁰1.
472 2371 633 2442 Capitulum
652 2373 678 2427 b.
705 2373 778 2428 Petri
804 2373 839 2428 de
864 2371 973 2443 Posega
1000 2373 1111 2440 fatetur,
1137 2373 1211 2444 quod
1238 2375 1303 2444 Wy-

51 2459 153 2513 doslav
172 2466 199 2513 et
217 2459 341 2513 Jacobus
358 2460 407 2514 fflii
427 2460 552 2530 Bagdau,
577 2477 609 2514 ac
636 2461 768 2532 Dragyna
792 2467 820 2515 et
843 2459 948 2516 Paulus
970 2463 1019 2516 lilii
1039 2461 1119 2530 Sena,
1138 2463 1304 2532 particulam

50 2559 144 2602 terrae
163 2563 229 2601 snae
241 2547 440 2602 haereditariae
454 2548 611 2618 Aryauicha
624 2547 693 2602 alias
705 2547 862 2618 Oryauioha
874 2551 1031 2620 appellatae
1044 2567 1075 2604 ac
1089 2549 1203 2604 alterius
1216 2557 1303 2606 terrae

49 2634 181 2688 similiter
199 2632 354 2704 Oryavieha
373 2633 461 2690 dictae
480 2635 515 2688 ad
535 2635 612 2690 Grad
631 2637 717 2706 potolr
736 2635 896 2706 adjacentis,
915 2637 1052 2707 metisque
1070 2638 1302 2708 circumscriptae,

50 2722 187 2778 Aladario
205 2723 262 2776 tilio
281 2721 384 2776 Cethae
405 2741 453 2794 pro
471 2724 623 2776 somariis
643 2723 822 2778 vendiderint.

105 2810 238 2863 Exactis
256 2811 336 2880 rapui
355 2810 462 2870 archivi
480 2811 517 2865 N.
536 2811 571 2864 R.
591 2813 625 2864 A.
647 2811 727 2864 Fose.
747 2813 823 2864 1504.
848 2827 891 2892 nr.
917 2815 958 2866 15.
984 2828 1032 2881 per
1057 2812 1159 2865 basum
1185 2811 1302 2866 Khuea-

50 2896 219 2966 Iledercsiry
238 2897 349 2950 obicitis.
1217 2909 1219 2912 ·

109 3038 341 3094 MCDLXXXV.
360 3039 461 3109 Aquis.
483 3042 557 3094 1292.
577 3042 602 3093 d.
622 3039 768 3094 Jourearii.
788 3039 908 3094 Karolus
926 3039 963 3093 11.
982 3057 1030 3094 rex
1050 3039 1160 3094 Siciliae
1173 3045 1199 3093 et
1212 3039 1302 3093 Maria

49 3145 168 3183 consors
182 3129 241 3181 eius
259 3126 381 3181 Johanni
400 3127 457 3181 lilio
476 3127 590 3182 Henriei
609 3127 673 3182 bani
692 3127 816 3182 scribunt
834 3133 866 3180 ut
884 3134 1027 3181 conservet
1047 3127 1128 3180 tidem
1148 3127 1188 3180 eis
1207 3133 1234 3180 et
1248 3127 1302 3197 pri·

50 3217 196 3284 mogenito
216 3232 310 3270 eorum
329 3213 434 3269 Karolo
454 3217 509 3286 regi
529 3216 668 3285 Ungariae
681 3221 777 3269 contra
790 3215 929 3270 Andream
944 3213 995 3268 ΙΙΙ.
1009 3215 1162 3268 invasorem
1176 3213 1301 3268 eiusdem

57 3305 148 3372 regni,
166 3319 199 3356 ae
211 3303 334 3357 fautores
353 3311 381 3357 et
399 3309 597 3357 consentaneos
616 3319 689 3368 siros,
709 3303 806 3356 dantes
825 3303 849 3356 ei
868 3302 983 3355 liberam
1009 3301 1168 3356 sanititatem
1186 3301 1300 3371 gerendi

52 3391 161 3444 bellurn
181 3399 276 3444 contra
296 3407 351 3457 ecs,
370 3392 409 3444 ita
427 3391 501 3460 quod
516 3391 619 3444 nullam
633 3407 751 3461 poenam
764 3407 816 3445 nec
829 3391 910 3444 etiam
925 3388 1017 3442 indicii
1038 3388 1136 3444 taciem
1154 3397 1301 3460 propterea

49 3477 192 3532 formidet.

111 3565 234 3619 Weuael:
254 3567 326 3618 Aeto
351 3571 444 3619 antero
467 3567 490 3619 I.
510 3583 536 3635 p.
555 3569 597 3618 81.
618 3567 705 3620 Arhia
723 3582 756 3618 eu
770 3565 873 3634 juposl.
892 3564 1004 3635 pon-jeai.
1032 3563 1102 3631 Kuj.
1127 3563 1192 3618 VII.
1211 3581 1238 3634 p.
1258 3568 1299 3618 15.

106 3705 353 3762 MCDLXXXVI.
374 3709 676 3762 1?u2.2.5..loia1riarit.
697 3708 857 3777 Capitulum
878 3707 943 3762 eccl.
966 3707 1045 3776 Zagr.
1060 3703 1207 3758 memoriae
1227 3720 1300 3757 com-

44 3795 173 3862 mendat,
198 3795 272 3866 quod
297 3795 367 3861 Gan,
392 3795 482 3850 dictus
507 3795 602 3864 Niger,
626 3797 694 3850 civia
713 3795 887 3862 Greehensis,
911 3793 1130 3862 consanguineus
1159 3791 1299 3862 quondam

44 3883 216 3939 Pernichoni
235 3883 398 3937 exhibuerat
415 3883 521 3937 litteras
541 3883 653 3954 capituli
667 3884 803 3953 antiquas,
818 3889 915 3953 petens
927 3899 974 3936 eas
987 3881 1111 3935 innovari
1126 3880 1170 3945 (de
1183 3895 1207 3933 a.
1223 3880 1298 3933 1270.

43 3979 79 4027 et
98 3989 122 4024 a.
143 3971 237 4039 talla.
256 3971 344 4026 buius
362 3971 488 4041 petitioni
507 3976 668 4038 annuentes,
687 3971 797 4025 easdem
823 3971 856 4024 de
882 3970 964 4024 verbo
989 3970 1024 4023 ad
1048 3968 1162 4022 uerbum
1187 3967 1298 4022 rescribi

44 4061 185 4115 fecerunt.

107 4145 235 4199 Tleolc'is‘:
253 4147 332 4200 Mea.
351 4145 429 4198 Hist.
452 4146 480 4199 Τ.
500 4147 523 4199 Ι.
542 4163 570 4214 p.
587 4149 648 4198 227.

105 4285 369 4341 thDLXXXVIl.
387 4287 506 4342 dadras.
526 4290 601 4340 1292.
620 4290 645 4340 a.
665 4285 823 4340 u'enaaaii.
848 4283 1031 4354 Temporibus
1054 4281 1127 4338 Petri
1147 4281 1297 4335 Gradonici

40 4377 128 4431 ducis
146 4374 328 4429 Venetiarum
341 4381 368 4428 et
380 4374 472 4427 fratris
484 4374 500 4428 J
504 4374 600 4428 oannis
614 4373 647 4426 de
661 4374 750 4440 Anau,
769 4372 786 4426 J
789 4373 912 4426 adrensis
925 4371 1123 4439 archiepiscopi
1136 4386 1168 4422 ac
1180 4368 1198 4424 J
1201 4368 1298 4424 oannis

41 4463 199 4517 Contereni
219 4463 335 4526 comitis,
356 4461 546 4530 praesentibus
565 4460 703 4514 nobilibus
722 4460 786 4513 viris
805 4459 901 4512 Marco
919 4458 1001 4511 Vitur
1013 4463 1041 4510 et
1053 4455 1174 4509 Martiae
1193 4455 1298 4509 Bemho

40 4550 214 4607 enuntiantis
232 4549 344 4616 Jadrae,
363 4549 459 4602 Marco
478 4549 512 4603 de
531 4549 655 4601 Marsilio
677 4548 751 4601 socio
769 4547 887 4602 Joannis
906 4544 1055 4599 Contareni
1075 4543 1183 4596 comitis
1195 4541 1297 4596 Jadrae

39 4645 75 4694 et
88 4637 150 4691 aliis
163 4637 289 4706 pluribus
302 4637 427 4703 testibus,
441 4643 532 4689 actum
550 4635 578 4688 in
598 4636 675 4689 curia
687 4653 707 4688 s.
721 4635 819 4688 iacobi
833 4634 905 4687 ultra
918 4637 1028 4702 portum
1043 4630 1061 4685 J
1064 4630 1154 4696 adrae,
1168 4629 1298 4684 dominus

41 4725 189 4794 Georgius
207 4741 299 4778 comes
327 4723 512 4777 Breberiensis
531 4723 690 4777 solemniter
715 4723 832 4775 firmauit
851 4738 901 4791 pro
920 4737 949 4774 se
967 4727 995 4774 et
1013 4724 1095 4789 gente
1115 4735 1165 4772 sua
1183 4734 1216 4772 ac
1234 4716 1297 4772 suh-

45 4814 118 4872 ditis
137 4812 195 4867 suis
213 4829 245 4866 ae
263 4812 375 4867 nomine
394 4809 546 4868 communia
565 4811 679 4864 Almissi
704 4827 802 4880 puram
820 4815 849 4864 et
871 4809 977 4863 firmam
1001 4813 1125 4877 treugam
1149 4822 1237 4877 usque
1261 4805 1296 4861 ad
