3480 5356
363 412 428 478 326
702 459 710 472 .
867 435 887 475 1.
908 421 1107 496 nmnunvro,

363 600 395 654 in
415 597 623 670 expeditionem
641 597 830 670 personaliter,
842 603 908 654 tuuc
921 597 1029 652 nobiles
1041 595 1119 667 regni
1131 597 1166 652 de
1178 595 1310 653 Glsvcuic
1322 597 1425 668 singuli
1441 603 1472 654 et
1489 599 1613 656 universi

291 709 295 716 ·
363 687 403 742 ire
421 687 450 741 in
469 686 621 742 exercitum
648 685 824 754 tenebuntur,
850 686 889 740 itu
906 691 1008 752 tumen,
1032 684 1108 754 quod
1131 683 1215 739 iidem
1239 700 1304 740 cum
1329 685 1481 742 beronibus
1507 685 1612 758 quibus

364 774 510 842 volueriut,
528 772 722 830 exerciturudi
736 771 881 828 habebunt
898 772 1014 828 liberem
1032 771 1201 828 fremorem
1220 772 1263 828 24.
1282 772 1354 827 Item
1372 789 1458 844 super
1469 772 1613 830 debitores

363 861 558 916 Zslusinsrum
571 861 614 916 vel
628 861 866 932 procurationum,
885 865 935 915 sut
953 858 1145 927 descensuum,
1164 859 1287 914 exhibite
1309 859 1505 928 sstisisctlous,
1518 859 1612 916 benus

362 947 528 1004 descensum
548 947 638 1004 fecere
656 963 712 1004 uou
731 947 823 1016 debet,
841 947 896 1002 uisi
913 949 988 1002 iustu
1005 961 1091 1000 ceusu
1109 947 1187 1016 regui
1205 953 1233 1001 et
1251 947 1375 1017 legitime
1392 947 1564 1015 imminente,
1583 953 1613 1004 et

363 1035 471 1091 nobiles
490 1039 519 1090 et
533 1035 701 1106 jobsgiones
719 1039 872 1090 castrorum
897 1034 932 1090 de
960 1033 1143 1090 descensibus
1169 1033 1233 1088 beni
1258 1032 1361 1090 debent
1384 1050 1475 1106 usque
1496 1041 1611 1092 ocum

364 1141 386 1179 s.
405 1122 519 1178 Martini
537 1121 628 1177 modis
646 1121 776 1178 omnibus
793 1121 926 1194 expediri.
949 1122 993 1176 25.
1017 1121 1089 1176 Item
1108 1121 1132 1175 si
1150 1121 1213 1190 quis
1231 1121 1259 1175 in
1277 1120 1411 1178 soluendo
1434 1123 1611 1191 mumdum,

363 1210 510 1266 collectam
528 1215 635 1280 septem
662 1209 849 1278 denariorum,
865 1209 973 1282 judicis
991 1209 1179 1275 exercitualia,
1197 1209 1241 1264 vel
1259 1209 1343 1264 elium
1360 1208 1507 1264 collectum
1525 1226 1611 1280 quem

364 1297 393 1351 iu
411 1313 497 1367 reguo
516 1297 575 1352 ficri
594 1297 744 1367 continget,
769 1313 819 1351 sen
843 1296 950 1368 judicis
967 1297 995 1351 in
1014 1295 1117 1365 quibus
1136 1299 1179 1350 est
1195 1295 1349 1365 counimus,
1373 1301 1526 1352 contumax
1542 1297 1611 1351 exti-
1726 1287 1727 1290 ’

364 1385 429 1440 terit
446 1389 474 1440 et
491 1383 611 1453 rebellis,
629 1400 722 1439 comes
748 1383 944 1454 Zegrsbiensis
968 1385 1012 1438 vel
1037 1382 1185 1438 Orislsnsis
1208 1397 1273 1438 cum
1297 1398 1354 1438 uno
1376 1382 1411 1438 de
1435 1381 1610 1453 coJ'udicibus

366 1471 419 1526 sibi
438 1470 588 1543 deputetis,
614 1470 651 1526 sd
674 1469 842 1542 exigendum
869 1469 1008 1542 procedet,
1033 1474 1179 1541 assumpto
1201 1485 1296 1524 secum
1320 1468 1479 1525 testimonio
1496 1471 1610 1542 cepitnli

367 1558 563 1629 Zegrsbiensis
581 1557 624 1612 vei
643 1557 830 1624 Obssmensis,
849 1573 900 1629 pro
918 1573 960 1625 eo,
980 1573 1015 1612 ne
1033 1557 1098 1628 plus
1113 1557 1190 1627 justo
1209 1555 1305 1612 debito
1317 1557 1453 1627 exigetur,
1466 1557 1534 1612 etin
1547 1573 1610 1629 pro·

369 1661 451 1702 cesso
470 1661 522 1700 suo
541 1661 625 1718 super
642 1645 764 1715 aliquem
783 1643 904 1700 nobilem
922 1651 951 1700 et
965 1644 1145 1716 jobngionem
1164 1645 1247 1699 castri
1259 1643 1427 1700 descensum
1445 1644 1536 1700 fucere
1553 1661 1609 1700 uon

369 1732 491 1801 debebit,
517 1733 566 1788 sed
584 1748 723 1803 expensus
745 1747 817 1802 ques
842 1732 938 1788 fecerit
955 1733 984 1786 iu
1002 1732 1104 1800 eundo,
1122 1732 1158 1788 de
1176 1731 1256 1787 bonis
1280 1732 1364 1787 etium
1381 1731 1497 1803 recipiet
1513 1737 1609 1788 contu·

369 1821 463 1875 meeis.
482 1821 524 1875 26.
544 1819 661 1876 Nobiles
678 1820 707 1874 in
726 1819 845 1889 Zogoris
863 1824 891 1873 et
909 1819 970 1874 nilis
988 1819 1167 1874 comitatibus
1178 1817 1370 1876 consimilibus
1388 1819 1547 1890 existentes,
1565 1835 1611 1874 co·

365 1907 425 1962 miti
443 1906 594 1978 purocbisli
615 1905 779 1962 descensum
806 1905 873 1961 dere
891 1921 947 1960 non
965 1911 1101 1974 tenentur,
1126 1923 1177 1962 uec
1200 1907 1262 1978 ejus
1285 1905 1397 1962 adstare
1415 1905 1535 1977 judicio;
1560 1905 1609 1962 sed

366 1993 457 2049 benus
476 1994 538 2064 ejus
552 1993 691 2066 judicabit
714 1999 913 2070 prolempsin
939 1994 1116 2050 constitutus.
1140 1995 1183 2052 ii.
1210 1994 1379 2050 collectores
1403 1994 1487 2048 etium
1509 1999 1612 2050 mertu-

365 2081 487 2136 rinsrum
500 2097 556 2136 uon
574 2097 637 2136 cum
651 2081 778 2152 pluribus
791 2079 940 2151 procedere
952 2079 1072 2135 debeant
1083 2081 1137 2135 nisi
1149 2095 1213 2136 cum
1225 2080 1374 2136 duodecim
1385 2079 1554 2148 homiuibus,
1564 2080 1611 2136 hs·

367 2167 464 2223 benten
476 2167 688 2238 qustuordecim
701 2184 789 2238 equos
805 2173 832 2222 et
851 2183 906 2222 uon
919 2167 1022 2238 plures,
1031 2166 1245 2238 quibusquidem
1256 2167 1292 2222 de
1301 2167 1428 2238 quelibet
1434 2172 1612 2238 generatione

367 2271 418 2326 pro
428 2256 594 2312 victualibus
612 2255 799 2311 administrari
812 2255 913 2310 debent
931 2255 990 2311 ovis
1009 2271 1070 2322 uns,
1091 2271 1141 2310 sex
1159 2255 1289 2326 gellinse,
1302 2271 1384 2311 unser
1396 2271 1477 2323 rmus,
1491 2261 1611 2326 quotuor

369 2343 463 2399 eubuli
489 2343 524 2400 de
548 2343 620 2411 uino,
639 2359 703 2398 cum
728 2343 832 2399 eubulo
856 2343 939 2396 trium
962 2343 1127 2414 pulmarum,
1152 2342 1299 2399 duodecim
1322 2341 1415 2398 eubuli
1440 2342 1475 2398 de
1499 2343 1610 2414 pebulo,

366 2446 431 2486 cnm
455 2431 558 2486 eubulo
583 2435 703 2502 qustuor
726 2431 881 2501 palmorum
900 2435 927 2484 et
945 2446 1000 2484 non
1021 2430 1093 2484 ultro
1118 2436 1202 2500 prout
1219 2430 1248 2484 in
1266 2429 1412 2501 privilegio
1437 2429 1511 2500 regis
1528 2430 1611 2486 Belee

366 2518 530 2574 continetur.
549 2519 591 2574 28.
610 2517 780 2574 Gcllectorcs
799 2521 893 2572 nutem
910 2523 1017 2588 septem
1039 2517 1218 2574 denariorum
1245 2517 1288 2572 rel
1308 2516 1487 2587 judiciorum,
1509 2517 1611 2572 exerei-

366 2609 423 2673 tus,
434 2603 633 2660 dimidietatem
650 2605 795 2660 bsbebuut
811 2603 963 2661 descensus
981 2605 1133 2660 memorati.
1152 2605 1194 2659 29.
1214 2604 1384 2660 Oollectores
1398 2605 1611 2660 marturinsrnm

367 2692 395 2746 iu
420 2691 503 2747 curiis
521 2688 725 2748 nobilium'vel
747 2691 930 2763 jobeglonum
953 2693 1045 2760 castri,
1071 2691 1170 2746 domos
1188 2691 1296 2762 sliquos
1319 2695 1369 2746 eut
1391 2689 1508 2746 domum
1530 2691 1611 2747 villici

366 2779 410 2835 uel
429 2779 565 2850 preconis,
584 2779 742 2835 molendino
768 2785 796 2834 ct
821 2778 917 2834 stubss
937 2779 1030 2834 dicore
1049 2795 1104 2834 uon
1122 2779 1243 2834 debeant
1260 2777 1318 2833 ullo
1336 2777 1428 2833 modo.
1446 2779 1489 2834 30.
1508 2777 1610 2834 Villico

368 2866 451 2922 etism
475 2865 576 2921 domus
599 2883 654 2922 unu
671 2868 700 2921 iu
718 2868 796 2923 curie
814 2883 866 2922 sus
894 2883 944 2937 pro
962 2865 1127 2939 recipiendis
1151 2865 1309 2937 hospitibus
1326 2864 1414 2920 libers
1432 2865 1610 2935 relinquetur.

368 2953 669 3010 arnsteinensem
692 2954 776 3010 debet
800 2955 923 3010 villicum
941 2959 969 3010 et
988 2969 1161 3026 praeconem,
1180 2953 1227 3024 qui
1246 2952 1341 3008 decem
1356 2951 1523 3022 jobsgiones
1549 2967 1612 3023 pos·

368 3039 446 3108 sidet,
466 3047 494 3096 ct
510 3057 567 3097 non
585 3041 665 3096 infra.
693 3043 734 3097 32.
760 3043 833 3098 item
858 3043 944 3112 aliqui
962 3045 1165 3098 commorantes
1192 3055 1277 3111 super
1303 3039 1382 3094 terris
1406 3038 1541 3094 nobilium
1568 3038 1611 3093 vei

364 3127 550 3199 jobegionum
568 3129 660 3196 cestii,
678 3128 763 3185 diceri
784 3146 841 3186 nou
866 3129 977 3196 debent,
997 3129 1045 3185 sed
1061 3127 1228 3200 jobsgioues
1246 3141 1350 3194 eorum,
1369 3127 1482 3197 siquos
1500 3125 1612 3182 hubent

367 3215 410 3270 33.
428 3215 466 3269 Et
483 3214 560 3284 quod
578 3217 672 3272 omnis
689 3219 841 3288 praemissu
859 3217 953 3274 debito
971 3217 1068 3272 ordine
1093 3215 1274 3271 observentur
1297 3231 1361 3269 cum
1384 3213 1485 3270 comite
1509 3213 1612 3285 Zegre-

368 3299 456 3356 bieusi
475 3307 596 3370 quatuor
619 3302 726 3358 nobiles
745 3309 772 3359 et
790 3303 847 3358 duo
867 3303 1034 3374 jcbngiones
1058 3303 1140 3358 csetri
1158 3307 1186 3358 et
1203 3301 1319 3360 totidem
1343 3317 1407 3356 cum
1430 3301 1532 3356 comite
1554 3299 1613 3356 Cri-

368 3387 460 3455 siensi,
480 3403 552 3458 quos
570 3405 688 3460 regnum
705 3390 847 3459 eligendos
859 3389 977 3457 (imerii,
992 3387 1166 3460 judicabunt
1187 3389 1242 3457 Qui
1254 3389 1278 3442 ei
1290 3404 1387 3444 omnes
1404 3387 1538 3444 iuteresse
1555 3403 1613 3445 ncu

369 3481 492 3546 possem,
510 3481 566 3530 tres
586 3476 631 3531 uel
649 3475 706 3531 duc
724 3477 802 3531 iuxts
819 3477 948 3532 comitem
966 3477 1106 3533 sufficient
1124 3476 1160 3532 ed
1175 3476 1303 3548 judicum
1321 3473 1488 3531 faciendum.

420 3563 629 3621 cccccccccc
653 3569 829 3633 transumpto
853 3565 974 3634 capituli
996 3563 1115 3635 merob.
1133 3563 1167 3620 dc
1185 3579 1211 3618 u.
1232 3567 1312 3618 1350.
1337 3564 1373 3618 lo
1396 3561 1509 3619 cretico
1533 3561 1613 3633 mosi

366 3649 524 3719 priuilegio.
548 3649 616 3706 Vide
628 3649 700 3718 juro
717 3651 796 3720 regni
814 3652 854 3708 11.
872 3668 900 3722 p.
921 3657 945 3708 3.

421 3753 559 3810 mxcix.
579 3759 656 3812 1273.
676 3760 718 3812 30.
736 3757 854 3826 Aprilis.
877 3755 1065 3814 Ohristosorus
1083 3759 1111 3811 et
1130 3753 1214 3812 Vitus
1231 3755 1348 3812 comites
1369 3753 1405 3810 de
1422 3753 1526 3822 Vrbes,
1544 3755 1612 3811 Βιτ-

369 3839 543 3896 tholomaeus
561 3859 654 3897 comes
682 3845 818 3899 terrestris
837 3849 865 3899 et
881 3846 982 3900 coeteri
1002 3843 1112 3916 judices
1137 3843 1273 3900 nobilium
1297 3841 1425 3899 videlicet
1447 3839 1612 3900 Prichicbne

369 3933 397 3984 et
414 3927 501 3984 Jecus
528 3929 693 4002 significent,
717 3931 792 4002 quod
816 3931 965 3999 Hrovstiu,
987 3931 1087 3987 Petrus
1114 3937 1142 3986 et
1167 3921 1294 4002 Blsgoys
1311 3929 1361 3987 filii
1378 3928 1464 4002 Voyk
1492 3929 1528 3985 ub
1554 3947 1612 3986 uns

369 4021 456 4088 purte,
475 4031 510 4070 ex
528 4017 615 4072 sltem
641 4033 706 4072 vero
732 4017 883 4090 Gregorius
907 4018 981 4074 filius
1004 4019 1110 4087 Ghellr;
1133 4018 1207 4076 idem
1230 4015 1370 4074 Hrovstiu
1393 4017 1612 4074 cumfratribus

368 4103 489 4158 confessi
513 4109 578 4159 sunt
597 4105 804 4175 possessiouem
822 4121 901 4168 srrsm
923 4093 1180 4162 haerediterism‘iu
1199 4105 1302 4174 Vrbes,
1320 4105 1410 4177 Lipye
1427 4109 1562 4175 vocetem,
1582 4123 1612 4163 se

368 4189 526 4245 vendidisse
544 4208 595 4262 pro
613 4191 815 4263 quinquaginta
839 4193 939 4249 mercis
962 4193 1037 4250 dicto
1062 4193 1198 4265 Gregorio
1215 4195 1243 4248 iu
1263 4198 1438 4266 perpetuum.
1462 4192 1508 4249 sd
1532 4195 1611 4250 cuiue

368 4277 555 4350 possessionis
573 4277 720 4333 videndam
739 4280 921 4349 quantitatem
939 4282 1017 4336 missi
1042 4288 1108 4338 suut
1130 4281 1239 4338 nobiles
1259 4281 1427 4354 jobsglcnes
1450 4282 1534 4338 cestui
1557 4281 1611 4339 Ru·

370 4363 469 4420 dihus:
493 4363 618 4432 Grulich,
643 4365 755 4434 Hodus,
779 4367 934 4434 Wlkoulsv,
962 4368 1100 4440 Georgius
1126 4369 1201 4426 filins
1228 4367 1346 4441 Redeylr
1373 4375 1401 4427 et
1427 4369 1536 4438 Zuilsn,
1564 4372 1611 4440 qui

369 4451 453 4508 etiem
471 4457 559 4507 metes
578 4451 791 4523 distinguetunt,
815 4471 932 4526 querum
951 4455 1041 4526 prims
1059 4456 1154 4528 incipit
1171 4474 1189 4513 e
1206 4457 1291 4514 fluvio
1316 4456 1405 4528 potok
1430 4461 1459 4512 et
1482 4455 1559 4514 redit
1583 4459 1612 4513 in

369 4537 485 4592 fluvium
503 4539 668 4606 Ouomichs,
687 4542 823 4597 transiens
842 4541 915 4597 viem
932 4541 1007 4599 cedit
1024 4543 1052 4598 in
1071 4543 1184 4600 fluvium
1202 4544 1304 4600 Lnbue
1322 4549 1350 4599 et
1367 4543 1425 4599 exit
1441 4541 1478 4600 ud
1497 4543 1611 4598 siuicsm

371 4625 480 4696 Mireui¹
499 4627 625 4698 pervenit
642 4627 677 4682 ed
696 4628 791 4684 lucum
808 4627 1000 4700 Requitovecb
1018 4636 1046 4685 et
1065 4631 1138 4686 venit
1155 4631 1191 4687 ed
1210 4631 1325 4686 fluuium
1343 4629 1499 4686 Ouomichs
1516 4634 1613 4686 contre

371 4711 474 4781 Obrov,
492 4711 557 4768 iude
574 4711 611 4769 sd
629 4714 724 4770 lucum
735 4714 918 4784 stratonem,
937 4716 973 4772 sd
991 4716 1114 4772 mlekum
1131 4723 1159 4774 ct
1176 4733 1226 4790 per
1236 4720 1310 4773 rium
1322 4717 1358 4772 ed
1371 4717 1489 4788 primum
1499 4722 1611 4774 metum.

426 4799 471 4854 Ec
489 4801 601 4858 arctico
619 4801 752 4858 commoti
769 4803 900 4861 Budeoei.
924 4803 1046 4862 chseiz
1071 4805 1136 4862 Cori.
1154 4805 1223 4876 dipl.
1241 4803 1350 4875 Arpcd.
1361 4804 1413 4860 IX.
1433 4807 1476 4861 43.
