3544 5344
372 433 416 500 42
868 463 889 505 1.
913 447 1111 523 assumtio,

427 626 593 682 CXXVIII.
612 627 646 682 A.
665 630 743 681 1220.
771 627 909 682 Martinus
935 627 1084 698 episcopus
1101 625 1286 681 corbaviensis
1303 626 1434 695 notificat,
1453 627 1609 698 quodcum

374 713 462 769 ordini
478 720 649 770 consecraret
667 714 809 770 ecclesiam
819 731 840 768 s.
851 713 1149 786 StephaniinVernice
1158 714 1328 783 recognitum
1347 715 1383 770 sit
1400 713 1435 770 dc
1452 715 1610 771 hominibus

374 801 482 855 abbatis
499 801 535 856 de
553 801 675 872 Toplica,
694 802 741 872 qui
759 799 875 857 eandem
893 800 1035 856 eeclesiam
1063 817 1112 872 per
1129 801 1336 856 concessionem
1353 818 1433 857 suam
1450 808 1609 860 construxe-

373 894 442 954 rant,
461 887 536 958 quod
555 888 712 959 praedictus
730 888 817 943 abbas
836 893 863 942 et
881 887 1008 942 monaehi
1027 887 1157 958 Tcplieae
1174 886 1296 943 habeant
1313 888 1429 944 eandem
1446 889 1609 946 iurisdietio-

373 992 437 1029 nem
454 975 483 1029 in
500 973 575 1030 dicta
593 976 715 1043 ecclesia,
743 991 827 1046 quam
853 973 936 1030 debet
961 973 1064 1029 habere
1087 973 1216 1029 dominus
1234 975 1278 1030 vel
1296 981 1430 1046 patronus
1447 977 1476 1032 in
1495 977 1610 1034 oodesia

372 1061 490 1117 lundata
506 1063 535 1116 in
553 1067 626 1118 terra
644 1079 702 1118 sua

425 1147 547 1204 Ihaldid:
566 1151 751 1206 Monammtc
769 1165 830 1220 epp.
848 1151 962 1221 suprad.
980 1151 1006 1220 I,
1023 1155 1066 1204 48.

425 1254 561 1310 OXXIX.
590 1255 673 1311 Uirro
699 1259 779 1310 1220.
803 1255 930 1311 Andreas
955 1255 986 1310 II
1012 1273 1061 1312 rex
1077 1256 1157 1328 jubet
1175 1256 1321 1312 hialducco
1339 1257 1403 1312 duci
1420 1257 1609 1313 Kachetorum

370 1343 493 1412 totiquas
521 1359 588 1398 suae
615 1343 780 1412 cognationi,
809 1342 883 1413 quod
910 1360 928 1398 a
953 1342 1103 1398 latrociniis
1130 1345 1158 1398 iu
1176 1343 1274 1400 insulis
1292 1343 1402 1398 duabus
1420 1345 1563 1400 maritimis
1582 1351 1610 1400 et

371 1429 540 1484 Zernovniza
558 1447 588 1484 se
605 1429 769 1498 abstineant,
788 1431 891 1501 piratas
910 1436 938 1485 et
956 1435 1103 1501 patarenos
1119 1430 1236 1501 ejiciant,
1249 1431 1330 1487 aliter
1342 1447 1405 1486 eum
1417 1429 1516 1487 robore
1531 1432 1608 1502 regni

371 1521 399 1570 et
416 1515 479 1570 filiis
496 1515 615 1582 duobus,
634 1517 720 1586 B(els)
739 1523 766 1572 et
784 1516 966 1586 Clolomano),
984 1519 1012 1572 in
1031 1534 1149 1589 persona
1168 1535 1231 1573 eum
1249 1516 1402 1588 castigabit.

423 1611 543 1669 Larius:
564 1613 707 1686 Darapsa
726 1613 816 1668 Dalm.
834 1618 861 1669 et
881 1613 974 1670 Orosi.
992 1614 1051 1668 Lib.
1070 1615 1089 1667 Ι
1093 1614 1131 1683 V,
1149 1629 1209 1683 cap.
1228 1615 1277 1668 IV.

424 1737 544 1793 CXXX.
571 1740 604 1793 A.
623 1741 806 1794 1220-1224.
834 1735 1025 1808 StephanusI
1052 1735 1165 1791 Serbiae
1192 1753 1240 1792 rex
1267 1735 1434 1791 monasterio
1462 1751 1484 1789 s.
1503 1735 1608 1792 Mariae

374 1823 461 1880 donat
478 1827 507 1882 in
526 1827 617 1882 insula
633 1826 730 1880 Melita
747 1825 839 1880 locum
851 1823 1041 1894 Bahinopclje,
1054 1823 1185 1877 ininsula
1198 1821 1319 1893 Corcyra
1331 1822 1468 1892 (coraula)
1481 1823 1610 1879 ecclesias

373 1927 394 1966 s.
413 1912 479 1980 Viti,
499 1913 633 1984 Stephani
652 1919 680 1969 et
698 1913 817 1984 Georgii,
836 1913 863 1968 in
882 1911 987 1982 Stagno
1006 1911 1149 1966 ecclesiam
1167 1925 1188 1965 s.
1207 1910 1324 1967 Nicolai.

424 1999 583 2055 Mihlora'ch:
601 2003 722 2055 Monam.
740 1999 808 2055 arrh.
825 2016 853 2068 p.
872 2002 896 2053 8.

424 2104 560 2159 CXXXI.
579 2107 606 2160 A
623 2108 808 2162 1220-1224.
827 2103 986 2176 Stephanus
1003 2104 1018 2158 1
1036 2121 1086 2159 rex
1104 2103 1217 2158 Serbiae
1236 2102 1342 2158 confert
1360 2102 1510 2173 Ragusinis
1528 2101 1608 2156 liber-

372 2197 457 2247 tatem
475 2193 614 2248 mercandi
631 2193 659 2248 in
677 2209 763 2263 regno
783 2209 841 2258 suo,
861 2198 888 2248 et
902 2193 1044 2247 constituit
1055 2193 1163 2262 iopam,
1177 2191 1205 2244 in
1217 2207 1273 2260 qua
1286 2191 1309 2244 si
1321 2189 1465 2244 mercatori
1477 2187 1609 2243 damnum

371 2279 510 2346 inferatur,
530 2279 611 2336 debet
629 2285 678 2335 aut
695 2279 915 2334 damnificatcres
934 2277 1042 2335 tradere
1060 2283 1109 2334 aut
1126 2276 1259 2332 damnum
1277 2293 1465 2348 compensare.

424 2367 586 2423 Mitioricls:
605 2370 679 2422 Mon.
697 2367 810 2436 serdica,
827 2383 855 2436 p.
874 2371 917 2420 1⁶.

423 2471 574 2528 CXXXII.
593 2473 627 2528 A.
645 2476 825 2528 1220-1224.
843 2471 1002 2544 Stephanus
1020 2472 1035 2526 I
1053 2487 1101 2526 rex
1120 2469 1234 2526 Serbiae
1246 2468 1352 2524 confert
1364 2468 1515 2539 ngusinis
1527 2467 1607 2522 liber·

371 2563 456 2615 tatem
474 2560 621 2626 mercandi,
650 2567 677 2616 st
703 2559 778 2630 quod
806 2560 914 2632 possint
938 2559 997 2614 sine
1024 2559 1081 2614 ulla
1098 2559 1224 2614 molestia
1241 2557 1352 2612 visitare
1370 2556 1430 2612 eius
1447 2571 1564 2625 regnum
1581 2559 1610 2610 et

370 2645 432 2702 loca
441 2645 572 2714 eiusdem,
584 2648 783 2703 controversias
803 2652 896 2704 antem
908 2647 978 2703 inter
990 2647 1148 2720 Rugusinos
1160 2651 1188 2704 et
1197 2645 1300 2703 Serbes
1313 2660 1343 2699 se
1354 2643 1447 2716 ipsum
1458 2642 1609 2714 diremptu-

370 2750 432 2788 rum
451 2750 512 2790 esse
530 2735 678 2791 constituit

422 2821 585 2877 Mibloaich:
603 2823 726 2878 Manum.
745 2822 857 2877 ambico.
874 2838 904 2892 p.
923 2827 963 2876 16.

423 2941 589 2999 ΟΧΧΧΠΙ.
608 2945 641 2998 A.
660 2947 846 3000 1220-1224.
870 2943 1029 3015 Stephanus
1052 2945 1067 3000 I
1092 2961 1141 2999 rex
1160 2943 1274 3000 Serbiae
1292 2943 1435 2998 constituit
1453 2959 1536 3014 posse
1553 2944 1608 2998 Ra·

371 3032 485 3100 gusinus
503 3033 597 3087 vinum
609 3049 716 3088 merum
728 3035 822 3089 etmel
834 3051 897 3088 oum
915 3032 990 3088 datio
1010 3025 1042 3108 (a
1065 3028 1174 3110 susus)
1196 3032 1225 3086 in
1237 3031 1362 3086 Brclrovo
1375 3030 1500 3097 vendere,
1513 3031 1608 3084 vinum

371 3134 435 3175 vero
453 3120 570 3176 mixtum
588 3121 688 3176 etmel
712 3121 770 3176 sine
793 3113 869 3168 datiO
888 3117 988 3198 (apest
1008 3114 1119 3197 straus)
1142 3117 1405 3191 deprehendendum
1424 3135 1492 3174 csse.

423 3215 582 3272 Miklccicb:
600 3217 720 3272 Mosam.
739 3217 806 3272 arrh.
823 3233 851 3288 p.
871 3221 913 3270 17.

423 3337 587 3393 CXXXIV.
604 3339 723 3406 Romae,
735 3339 884 3409 Laterani,
902 3344 927 3394 2.
947 3339 1085 3394 Jonaarti
1101 3342 1176 3392 1221.
1195 3338 1339 3392 Honorius
1358 3337 1403 3392 ΠΙ
1422 3355 1496 3408 papa
1514 3337 1609 3392 scribit

370 3424 464 3480 abbati
472 3425 507 3480 de
520 3424 594 3479 Cure
606 3425 701 3494 (Zircz)
712 3427 739 3480 in
754 3427 852 3482 Bokan
859 3426 1063 3496 vesprimiensis
1075 3425 1208 3480 dioecesis
1219 3431 1246 3480 et
1256 3425 1431 3495 strigoniensi
1441 3425 1607 3495 praeposito,

370 3511 510 3583 quomodo
529 3512 595 3567 olim
612 3511 683 3566 inter
707 3513 836 3568 abbatem
861 3530 881 3567 a.
907 3514 1020 3568 Martini
1038 3513 1073 3568 de
1091 3513 1236 3568 Pannonia
1254 3517 1281 3568 et
1299 3513 1462 3584 episcopum
1480 3517 1507 3566 et
1525 3528 1607 3566 cano·

370 3600 446 3656 nicos
464 3599 656 3670 zagrabienses
674 3601 799 3671 quaestio
827 3601 941 3655 suhortn
959 3601 1057 3655 fuisset
1074 3618 1158 3672 super
1176 3600 1288 3656 decimis
1308 3598 1481 3669 quarundam
1499 3614 1608 3669 posses-

369 3687 479 3740 sionum
505 3687 533 3740 in
560 3687 693 3742 comitatu
720 3688 869 3758 simigiensi
897 3688 1080 3744 existentium.
1108 3687 1309 3743 Praedecessor
1332 3703 1400 3740 suus
1426 3685 1606 3741 Innocentius

370 3791 444 3844 papa
461 3773 537 3828 dedit
564 3789 648 3844 super
673 3773 726 3829 hoc
752 3775 780 3828 in
807 3775 952 3842 mandatis,
980 3781 1012 3829 ut
1038 3781 1192 3830 contestata
1210 3791 1294 3829 eausa
1312 3773 1388 3828 illam
1407 3773 1442 3828 ad
1461 3772 1607 3828 concilium

369 3861 536 3915 remitterent
554 3861 718 3930 generalem.
737 3861 805 3916 Pars
823 3863 1009 3932 zagrabiensis
1028 3863 1163 3917 malitiose
1187 3861 1328 3917 declinans
1352 3877 1477 3928 examen,
1496 3859 1609 3914 recessit

370 3949 567 4002 contumaciter
594 3947 630 4002 ab
657 3947 768 4004 eisdem.
796 3949 916 4004 Demnm
944 3949 1045 4004 abbate
1063 3967 1083 4003 s.
1104 3951 1216 4004 Martini
1235 3954 1263 4004 et
1280 3953 1458 4020 procuratore
1476 3947 1608 4002 adversae

370 4035 456 4103 partis
474 4035 502 4088 in
521 4035 677 4105 praesentia
695 4035 729 4090 G.
748 4053 769 4090 s.
789 4036 926 4092 Theodori
953 4036 1061 4092 diaconi
1080 4037 1226 4092 cardinalis
1244 4036 1408 4102 constitutis,
1427 4035 1501 4090 idem
1520 4034 1607 4089 abbas

371 4137 466 4176 omnes
485 4121 606 4177 decimas
624 4123 770 4178 comitatus
795 4123 968 4193 simigiensis,
993 4141 1065 4195 quae
1089 4131 1131 4178 est
1155 4125 1227 4178 ultra
1247 4123 1361 4178 fluvium
1385 4123 1518 4189 Dravum,
1537 4121 1609 4176 sicut

369 4207 457 4278 ipsius
476 4209 561 4278 pariis
580 4209 699 4280 cingitur
716 4211 848 4264 limitibus
867 4211 1020 4277 comitatus,
1039 4227 1090 4266 neo
1108 4227 1165 4265 non
1183 4209 1303 4266 decimas
1321 4209 1490 4280 capellarum
1508 4227 1529 4264 s.
1541 4209 1608 4264 Bar·

370 4293 466 4360 nahae,
486 4311 507 4348 s.
526 4296 613 4350 crucis
632 4302 660 4351 et
678 4314 698 4350 s.
717 4297 858 4352 Trinitatis
876 4315 911 4352 ex
930 4303 1008 4368 parte
1025 4298 1108 4353 castri
1132 4297 1296 4368 simigiensis
1313 4297 1342 4350 in
1361 4295 1480 4352 dioecesi
1498 4297 1608 4366 wespri-

369 4382 458 4436 mensi
476 4382 660 4450 existentium,
679 4401 741 4438 cum
761 4384 895 4439 fructibus
915 4387 1050 4455 perceptis
1076 4401 1110 4440 ex
1129 4386 1176 4451 eis,
1195 4385 1296 4455 quibus
1314 4385 1432 4450 fuerant,
1451 4389 1482 4437 ut
1499 4383 1608 4437 diceba-

369 4474 421 4533 tur,
441 4485 490 4538 per
508 4469 627 4524 eundem
646 4472 806 4542 episcopum
831 4472 948 4541 spoliati,
973 4471 1024 4524 sibi
1048 4471 1154 4526 restitui
1173 4471 1331 4541 postularit,
1351 4470 1507 4540 producens
1526 4469 1606 4540 privi-

369 4555 473 4624 legium
491 4573 511 4609 s.
532 4556 665 4626 Stephani
692 4557 764 4627 regis
792 4563 819 4612 st
845 4557 1067 4612 confirmationes
1094 4557 1251 4623 Alexandri,
1280 4557 1386 4614 Urbani
1411 4563 1439 4612 et
1457 4556 1607 4611 Clementis

370 4641 539 4710 pontificum.
558 4643 724 4698 Procurator
741 4650 835 4698 autem
854 4661 888 4698 ex
905 4642 1022 4698 adverso
1040 4644 1193 4714 proposuit,
1206 4645 1368 4714 episcopum
1381 4643 1468 4698 dictas
1486 4641 1607 4697 decimas

367 4728 532 4783 inconcusse
559 4729 662 4784 diutius
691 4729 857 4801 possedisse,
886 4745 1013 4785 asserens
1041 4729 1225 4798 nihilominus,
1254 4729 1329 4801 quod
1353 4729 1426 4785 dicta
1444 4743 1517 4801 pars,
1536 4744 1608 4798 quae

1740 2469 1761 3196 l
