3376 5350
575 417 578 424 ¹
664 345 810 392 sncesrs.
875 419 878 426 Ι
1297 335 1361 403 453

120 527 231 596 ilibino,
250 525 368 582 indeed
389 519 474 598 caput
493 528 570 582 lacus
593 527 703 595 Ferten,
721 528 786 584 inde
803 529 883 583 iuxta
901 528 972 583 viam
991 529 1126 586 vicinatur
1144 537 1232 588 terrae
1250 530 1363 586 Lucach

120 615 166 670 filii
185 615 297 670 Martini
316 616 368 672 et
361 631 390 670 ιιι
408 615 539 686 aquilone
557 621 646 672 terrae
664 615 768 672 Petohe
793 631 882 686 usque
906 615 942 670 sd
966 615 1095 672 Drawam
1120 617 1169 672 ubi
1193 618 1362 673 terminatur.

120 703 221 758 Datum
240 719 290 776 per
306 719 406 757 manns
424 703 549 774 magistri
570 704 710 758 Dominici
732 703 844 758 lectoris
869 703 1001 758 ecclesiae
1019 703 1212 774 Zagrabisnsis
1230 711 1298 760 tunc
1315 721 1363 760 no·

119 792 248 846 tarionrm
267 792 399 862 magistri

172 877 299 932 llrclc'ii:
317 878 396 933 Mos.
416 878 712 946 Ηιιι.ι’.1.ρ..ιιι

172 1017 351 1074 MDXOVIL
372 1021 447 1074 1297.
467 1018 628 1090 Capitulum
651 1017 783 1073 ecclesiae
807 1018 967 1074 Bachiensis
988 1024 1086 1073 notum
1110 1019 1184 1087 facit,
1209 1020 1285 1090 quod
1307 1036 1364 1076 ma-

120 1107 204 1177 gister
225 1105 346 1160 Thomas
371 1106 444 1160 iilius
463 1105 547 1174 Petri,
566 1113 594 1160 et
612 1105 717 1160 Paulus
734 1105 807 1160 filius
826 1105 951 1160 eiusdem
969 1106 1088 1161 confessi
1113 1107 1175 1174 siut,
1202 1107 1278 1178 quod
1303 1124 1366 1179 pos·

121 1195 254 1248 sessiones
272 1209 338 1248 suas
361 1193 557 1248 haereditarias
573 1192 649 1247 Zoch
674 1198 793 1260 vocatas,
818 1193 847 1247 in
874 1195 1008 1248 comitatu
1034 1193 1068 1249 de
1087 1194 1215 1264 Wollrov,
1239 1213 1256 1250 a
1284 1203 1363 1266 parte
1453 1180 1456 1189 ¹

123 1280 285 1337 occidentali
305 1287 334 1336 et
351 1281 568 1351 septemtrionali
593 1281 717 1351 magistri
742 1279 841 1350 Ugrini
864 1281 913 1335 filii
941 1281 1026 1348 Pons,
1050 1298 1068 1335 a
1090 1286 1169 1354 parte
1193 1282 1365 1338 meridionali

124 1369 233 1423 comitis
260 1367 394 1440 Stephani
413 1368 447 1422 de
467 1367 542 1423 Gsra
559 1375 587 1423 et
604 1367 689 1422 Blasii
707 1367 756 1421 filii
776 1365 913 1436 Mauricii,
931 1369 967 1424 ab
985 1369 1090 1424 oriente
1108 1369 1218 1424 abbatis
1235 1369 1367 1425 ecclesiae

122 1455 150 1510 S.
169 1455 266 1511 Crucis
286 1456 320 1511 de
339 1455 449 1510 Frsnlo
472 1455 538 1510 villa
562 1455 753 1524 contiguaset
772 1455 883 1521 vicinas,
908 1471 972 1509 cum
998 1455 1085 1510 fundo
1105 1455 1222 1511 duarum
1241 1457 1366 1512 villarum

74 1537 78 1542 ’
122 1543 260 1614 Gragaet
248 1543 408 1612 t,Waradh
427 1544 559 1613 magistro
577 1541 700 1598 Johsnni
717 1541 775 1596 filio
794 1541 904 1598 comitis
918 1541 1042 1613 Eynardi
1061 1549 1180 1614 cognato
1199 1561 1250 1599 suo
1270 1546 1307 1600 ob
1327 1532 1387 1600 di·'

122 1631 268 1686 lectionem
286 1631 469 1702 proximitatis
488 1629 650 1686 donarunt
643 1647 702 1684 rure
720 1636 863 1700 perpetuo.

174 1720 222 1776 Ee
240 1719 312 1774 actio
331 1719 438 1774 archivi
455 1719 536 1790 repsi
557 1719 687 1774 Oroaticc
704 1733 753 1788 per·
778 1718 880 1773 basum
905 1717 1011 1773 Κιιιιιιι
1029 1717 1193 1788 Hcdcrcstry
1212 1719 1323 1775 ablotis.

173 1859 367 1916 MDXOVHL
386 1863 464 1914 1297.
484 1859 619 1930 Magister
634 1857 793 1930 Stephanus
805 1860 880 1914 tilius
891 1860 1020 1929 Dycnisii
1034 1865 1203 1930 conquestus
1215 1865 1258 1915 est
1269 1865 1366 1916 contra

122 1949 300 2004 Dominicum
318 1948 405 2002 filium
424 1947 505 2001 Pauli
529 1946 604 2018 quod
628 1949 688 2018 ipse
711 1949 740 2001 in
764 1949 897 2002 comitatu
924 1947 1069 2018 syrmiensi
1092 1946 1232 2018 quandam
1257 1963 1367 2018 posses-

124 2037 228 2090 sionem
246 2035 366 2106 Pachey,
384 2033 567 2092 haereditario
582 2035 646 2104 jure
665 2051 729 2090 eum
748 2035 960 2105 contingentem,
980 2051 1050 2106 quae
1074 2052 1124 2105 per
1150 2035 1254 2090 dictum
1273 2035 1369 2104 Domi-

123 2123 214 2178 nicum
232 2129 260 2178 et
277 2122 346 2178 alios
364 2123 443 2177 iuxta
460 2123 570 2178 libitum
588 2123 616 2177 in
636 2122 757 2177 diversas
776 2127 869 2193 partes
893 2121 981 2176 divisa
1005 2129 1033 2177 et
1060 2122 1161 2192 ubique
1186 2122 1296 2192 Pachey
1321 2137 1370 2176 no-

126 2211 237 2278 minata,
257 2217 285 2266 et
304 2209 541 2282 quaedsmportio
560 2212 595 2266 sb
614 2210 711 2266 ecdem
724 2211 758 2264 D.
778 2216 914 2280 occupata
932 2215 959 2263 et
978 2208 1091 2264 detenta
1103 2209 1202 2265 extitit
1216 2208 1307 2280 Super
1317 2209 1371 2265 hoc

125 2297 323 2352 demonstravit
347 2305 402 2354 tres
427 2299 533 2354 litteras
559 2298 765 2352 Cruciserorum
784 2295 818 2351 de
837 2295 985 2367 Strigonic,
1000 2313 1072 2368 quae
1089 2303 1222 2352 attestant
1239 2298 1369 2353 comitem

125 2385 281 2440 Dionisium
301 2385 389 2440 filium
408 2386 528 2440 Dionisii
553 2384 667 2456 palatini
687 2385 753 2440 dicti
773 2383 906 2454 Stephani
924 2401 997 2440 anno
1016 2385 1093 2439 1291.
1111 2392 1139 2441 et
1157 2385 1235 2440 annis
1254 2401 1370 2456 sequen·
1447 2399 1450 2404 ’

127 2472 200 2526 tibus
218 2471 337 2528 eundern
357 2472 537 2544 Stephanum,
551 2473 643 2527 Desev
661 2479 689 2528 et
707 2471 842 2526 Thcmsm
864 2471 962 2526 iratres
986 2473 1070 2528 semel
1095 2479 1123 2528 et
1147 2472 1253 2528 seundo
1278 2489 1372 2528 coram

128 2566 265 2614 conventu
284 2559 488 2614 cruciferorum
516 2559 544 2614 S.
570 2559 703 2630 Stephani
726 2562 894 2630 protestatos
912 2557 1006 2630 [fuisse
1028 2566 1060 2615 ut
1083 2567 1147 2614 octo
1171 2560 1250 2614 villas
1276 2577 1372 2616 eorum

127 2645 246 2716 Pachey,
264 2645 405 2716 chsinch,
426 2646 518 2716 Solch,
538 2647 639 2715 Katha
662 2643 788 2714 Thuuch,
815 2645 895 2716 Susy,
918 2647 1048 2702 Vesench
1066 2653 1094 2702 et
1112 2647 1248 2766 Petrich
1240 2665 1269 2704 m
1288 2649 1373 2704 comi·

126 2738 186 2788 tatu
204 2733 356 2802 Sirmiensi,
374 2735 487 2806 quidam
506 2734 693 2805 potentialiter
711 2739 956 2804 occupassent.
1113 2757 1119 2768 ·

182 2819 248 2876 ooo.
267 2821 336 2891 dipl.
356 2817 474 2876 Patrius
496 2823 577 2878 VIII.
593 2839 622 2891 p.
640 2825 698 2876 266
720 2838 754 2876 ccc
771 2824 927 2892 fragmento
945 2763 1137 2877 litterarum.

182 2961 349 3017 MDXOIX.
369 2967 445 3016 1297.
464 2963 622 3034 Neophitus
639 2963 771 3030 Joannes,
790 2964 934 3033 presbyter
954 2979 987 3018 ex
1006 2963 1081 3030 Zeta,
1094 2963 1217 3026 extruxit
1229 2962 1373 3018 ecclesiam

130 3067 151 3103 s.
174 3049 319 3106 Michaelis
337 3039 365 3104 in
384 3050 446 3105 loco
471 3050 609 3120 Bogdaiic
631 3051 710 3104 iuxta
735 3050 877 3105 Cattarum
896 3051 932 3106 ad
949 3050 1084 3105 honorem
1102 3051 1185 3106 etiarn
1203 3051 1234 3106 B.
1253 3049 1292 3105 M.
1312 3051 1374 3106 Vir·

129 3137 210 3206 ginis,
229 3155 251 3191 ι.
271 3137 475 3192 Bartholomsei
494 3143 522 3194 et
540 3155 561 3193 s.
580 3137 698 3193 Ioannis
715 3138 843 3210 apostoli,
869 3137 966 3194 diebus
990 3137 1258 3194 honorificentissimi
1277 3142 1305 3192 et
1323 3136 1376 3192 deo

129 3224 344 3278 observatisaimi
362 3225 434 3295 regis
453 3224 555 3280 Urosii.

182 3311 231 3365 Ec
250 3310 407 3366 collectione
424 3313 595 3380 Poposcocc.

182 3433 275 3490 MDO.
296 3436 474 3490 Giroa1298.
494 3435 614 3494 Michael
633 3437 780 3507 episcopus
804 3435 996 3506 Zagrabicnsis
1015 3436 1129 3490 mandat
1153 3436 1275 3506 capitulo
1293 3435 1374 3507 Zagr.

128 3519 195 3576 cum
214 3524 239 3577 ei
257 3523 375 3582 relatum
394 3525 438 3591 sit,
457 3523 533 3594 quod
557 3523 676 3579 Janinus
702 3523 868 3578 castellanus
887 3519 921 3592 de
940 3522 1059 3579 Medved
1078 3525 1114 3579 ab
1131 3523 1180 3578 illo
1199 3529 1305 3594 peteret
1322 3525 1377 3577 vic·

128 3609 223 3678 t'ualia,
241 3611 386 3674 ecclesiam
404 3617 497 3666 tamen
522 3629 618 3667 eorum
642 3611 665 3666 ei
691 3612 733 3665 vel
758 3612 879 3682 cuipiam
898 3611 976 3666 alteri
995 3611 1122 3665 tributari
1141 3625 1197 3664 non
1215 3609 1288 3676 velit,
1308 3626 1374 3680 qua·

131 3707 214 3753 tenus
233 3697 308 3754 dicto
327 3699 477 3754 castellano
497 3699 531 3754 de
549 3697 669 3754 Medved
695 3699 729 3753 de
747 3699 914 3754 victualibus
932 3697 999 3752 nibil
1013 3698 1080 3754 dent
1092 3715 1143 3752 nec
1156 3695 1214 3751 dari
1233 3697 1343 3752 saciant

185 3785 311 3841 Tloalo'ic:
330 3788 410 3842 Μοιι.
429 3788 509 3858 episc.
529 3787 613 3858 chr.
632 3788 658 3846 I.
674 3803 704 3856 p.
722 3787 782 3840 240.

185 3907 292 3966 unci.
311 3910 421 3966 necas.
451 3913 528 3964 ιιιι.
541 3913 578 3964 ι.
602 3909 748 3964 caemar.
775 3909 901 3964 Andreas
925 3908 978 3963 111.
1003 3924 1051 3962 rex
1076 3891 1220 3978 significat,
1244 3907 1320 3977 quod
1342 3905 1379 3960 ae

129 3996 294 4067 petitionem
312 3995 458 4052 Michaelis
471 3998 594 4068 episcopi
613 3997 804 4068 Zagrabieusie
823 3995 1025 4066 possessionem
1044 3995 1187 4065 Triburya,
1200 4011 1284 4064 quam
1303 3993 1377 4048 idem

129 4084 264 4140 ecclesiae
288 4099 390 4138 suasa
410 4083 609 4156 jobagionibus
637 4086 718 4140 castri
746 4101 775 4138 se
800 4099 976 4153 comparasse
999 4084 1125 4149 assensit,
1151 4099 1168 4136 a
1191 4081 1380 4136 iurisdictione

125 4171 233 4242 judicis
260 4177 288 4226 et
314 4177 452 4242 potestate
477 4171 600 4226 Banatua
624 4187 657 4226 sc
681 4166 829 4226 cuiuslibet
852 4169 952 4226 iudicis
977 4167 1126 4224 saecularis
1151 4168 1306 4236 eximendo,
1331 4167 1380 4222 illa

128 4259 258 4314 libertate
276 4259 398 4329 gaudere
416 4259 484 4326 vult,
502 4275 556 4330 qua
575 4265 698 4314 caeterae
711 4257 900 4329 possessiones
914 4258 1091 4328 episcopatus
1103 4255 1296 4326 Zagrabiensis
1315 4271 1376 4325 gra-

129 4345 317 4489 mhllhllws
334 4435 414 4489 Mon.
432 4435 497 4490 hist.
519 4435 548 4489 ι’.
566 4435 609 4490 ΙΙ.
628 4452 655 4508 p.
673 4437 733 4490 239.

188 4557 309 4612 Mncn.
328 4557 446 4614 Romae.
474 4561 549 4612 1298.
569 4562 592 4611 1.
612 4558 696 4614 Maii.
720 4557 879 4612 Boniiacius
898 4547 986 4614 ιιιΙι.ι
1000 4573 1074 4628 papa
1091 4557 1127 4612 ad
1140 4547 1377 4640 'supplicationem

128 4645 247 4716 reginae
264 4645 378 4712 Mariae,
398 4649 534 4702 consortis
560 4647 652 4701 Osroii
677 4646 749 4716 regis
773 4645 892 4712 Siciliae,
917 4652 946 4700 et
968 4638 1082 4716 Georgii
1104 4644 1213 4701 comitis
1238 4644 1382 4698 usitatum

1237 4733 1280 4800 32
