3480 5356
687 361 831 406 ursanus.
1107 385 1115 407 .
1296 340 1375 406 teet

32 547 40 568 ·
138 527 224 586 bralia
238 527 357 601 judices,
377 527 532 597 consilinm,
549 543 697 586 commune
716 531 744 584 et
762 527 896 598 speciales
921 543 1055 600 personas
1078 527 1196 586 civitatis
1217 527 1325 600 spalsti
1342 544 1377 585 ex

141 633 198 672 una
215 621 301 688 parte.
319 615 358 672 Ut
376 621 454 687 patet
472 632 521 687 per
538 616 682 688 publicum
706 615 926 672 lustramentum
949 616 1118 688 completum
1135 633 1221 672 manu
1239 617 1380 674 Francisci

138 703 306 760 Anconitani
323 703 423 760 notarii
441 703 513 759 civit.
533 703 639 776 spalat.
658 705 699 761 12.
718 704 788 760 Maii
807 705 882 760 1277.
902 704 974 760 sicut
990 705 1018 759 in
1037 720 1071 760 eo
1089 705 1200 776 plenius
1217 704 1333 775 legitur;
1350 710 1380 761 et

139 791 248 849 nobiles
266 791 341 848 viros
359 789 385 846 d.
404 790 562 846 Mladinnm
579 791 709 847 comitem
733 789 943 848 Breberiensem
967 797 995 847 et
1019 796 1185 864 potestatem
1207 792 1333 862 Tragurii
1352 798 1380 848 et

138 880 165 934 d.
183 879 269 936 stane
287 878 322 934 de
340 877 505 948 Varicassis,
523 878 699 950 capitaneum
711 879 829 934 civitatis
848 878 972 936 eiusdem
990 885 1019 935 et
1038 880 1191 949 eonsilium,
1204 881 1379 949 monasteria,

141 967 280 1036 ecclesias,
297 967 425 1022 homines
444 971 527 1036 atque
545 982 693 1023 commune
712 972 739 1023 et
756 967 893 1038 speciales
910 983 1045 1040 personas
1063 968 1153 1024 dictae
1170 968 1287 1024 civitatis
1313 969 1379 1025 Tra·

140 1055 213 1128 gurii
231 1071 266 1110 ex
284 1059 362 1128 parte
384 1054 479 1122 altera,
498 1056 538 1111 uti
557 1060 635 1126 patet
652 1072 687 1111 ex
704 1054 818 1127 publico
842 1056 1025 1113 instrumento
1049 1056 1175 1113 confecto
1192 1071 1278 1112 manu
1295 1057 1381 1112 Fran·

140 1144 206 1200 cisni
223 1143 379 1199 Bsnvenuti
397 1142 432 1198 de
451 1141 561 1214 Cinguli
578 1143 659 1214 Trag.
678 1143 776 1198 notarii
801 1142 838 1199 de
863 1145 904 1199 11.
931 1144 1000 1200 Maii
1021 1144 1097 1199 lala
1121 1159 1205 1216 super
1228 1143 1382 1201 ordinanda

141 1247 210 1303 pace
227 1232 299 1287 inter
316 1231 482 1302 Tragurium
500 1237 528 1287 et
546 1230 701 1302 Spalatum,
718 1229 754 1287 de
772 1247 872 1302 guerra
896 1247 951 1302 que
975 1231 1066 1286 iuerat
1088 1231 1159 1287 inter
1182 1231 1294 1288 easdem
1317 1232 1381 1288 civi·

141 1325 212 1376 tates
232 1323 296 1390 post
313 1319 491 1374 Tmtarorum
509 1317 659 1374 adventum
677 1335 767 1390 usque
785 1319 814 1373 in
832 1333 965 1390 praesens
983 1323 1102 1390 tempus.
1115 1318 1247 1392 Inprimis
1264 1320 1322 1376 lata
1339 1325 1382 1376 ast

142 1407 277 1464 sententia
296 1424 346 1478 per
363 1406 495 1463 arbitros:
513 1412 545 1462 ut
566 1406 766 1478 Tragurienses
780 1411 894 1462 cuuotm
914 1407 1104 1477 possessiones
1128 1405 1382 1479 archiepiscopatus

142 1495 315 1566 spalatensis
333 1511 404 1566 quas
422 1498 519 1550 tenent
536 1510 553 1549 a
571 1493 717 1563 Columna,
736 1511 807 1566 quae
822 1511 874 1566 pro
891 1500 965 1550 meta
983 1495 1137 1565 antiquitus
1155 1497 1208 1551 sita
1226 1501 1291 1562 erat,
1311 1495 1382 1552 inira

142 1599 237 1638 versus
256 1581 422 1652 lssgurium
441 1588 468 1637 et
486 1598 558 1653 qnae
583 1582 774 1654 possessiones
792 1598 842 1654 per
859 1597 1006 1638 commune
1031 1581 1197 1654 spalatansa
1218 1583 1299 1640 datae
1323 1583 1382 1640 sue·

142 1675 204 1725 rant
222 1669 362 1726 communi
380 1671 699 1747 Traguriensi,tempore
717 1669 815 1741 prioris
838 1685 962 1742 guerrae,
980 1670 1092 1726 habitae
1107 1676 1181 1742 -post
1204 1671 1383 1727 'tartarorum

143 1757 305 1828 adventurn,
323 1757 428 1814 eisdem
447 1759 696 1830 archiepiscopatui
714 1763 743 1812 et
759 1758 950 1814 communitati
968 1757 1126 1830 spalatensi
1148 1757 1222 1815 illico
1239 1760 1383 1816 restituere

145 1846 274 1902 debeant.
292 1845 489 1902 Possessiones
508 1851 599 1902 sutem
620 1845 782 1918 specialium
798 1845 942 1902 bominum
961 1845 1070 1917 spalati
1088 1863 1161 1916 quae
1179 1845 1261 1904 datae
1274 1847 1384 1902 fuerant

142 1933 218 1990 dicto
236 1938 362 2006 tempore
385 1934 454 2004 ipsis
480 1933 650 2003 Tragurinis,
677 1949 839 2004 permanere
864 1931 968 1989 debent
994 1933 1233 2005 Traguriensibus,
1260 1935 1383 2006 exceptis

142 2021 369 2092 possessionibus
387 2020 580 2077 ecelesiasticis
598 2026 626 2076 et
644 2019 698 2076 sub
715 2020 845 2076 columna
863 2019 944 2076 villae
963 2019 1154 2091 Dedigiorum,
1173 2021 1296 2093 Ostrogb
1313 2039 1383 2078 nun·

143 2115 269 2182 eupatae,
288 2108 429 2165 aninsula
452 2125 473 2162 a.
499 2107 640 2180 stephani.
664 2107 703 2163 Et
726 2108 808 2163 titulo
832 2107 944 2164 maioris
968 2109 1106 2180 complexi
1130 2115 1264 2164 terrarum
1287 2109 1383 2165 obten-

143 2204 235 2253 tarum
262 2197 369 2252 solvent
395 2197 594 2265 Traguriensss
625 2195 836 2268 Spalatensibus
863 2197 916 2250 tria
942 2195 1018 2250 milia
1035 2195 1168 2250 librarum
1186 2195 1384 2252 veneticorum

144 2301 301 2357 parvorum.
320 2283 397 2340 Villa
414 2291 507 2340 autem
526 2284 649 2354 Ostrogh
670 2301 734 2340 cum
752 2283 881 2340 omnibus
899 2284 957 2340 suis
976 2283 1148 2356 pertinentiis
1174 2301 1223 2356 per
1246 2285 1384 2341 civitatem

143 2373 355 2443 Tragurienaem
380 2371 500 2428 totaliter
524 2373 696 2444 relinquatur
719 2371 848 2427 omnibns
871 2371 1108 2429 commorantibus
1132 2371 1239 2444 spalati
1257 2371 1301 2428 vel
1319 2373 1385 2428 Tra·

144 2461 216 2532 gurii
233 2460 295 2527 illis,
314 2460 362 2531 qui
379 2459 530 2532 vulgariter
547 2460 644 2529 lingna
662 2459 802 2515 slavonica
819 2459 921 2530 Dedigi
944 2461 1129 2532 appellantur,
1148 2462 1196 2531 qui
1214 2461 1298 2516 etiam
1317 2461 1386 2516 anti-

144 2549 252 2620 quitus,
280 2553 404 2619 tempore
428 2547 527 2619 prioris
554 2563 671 2620 guerrae
699 2553 847 2603 tenuerunt
873 2553 901 2604 et
927 2547 1112 2619 possederunt
1138 2547 1255 2604 eandem
1282 2548 1383 2604 villam.

144 2637 291 2691 Praeterea
308 2635 400 2690 insula
422 2651 444 2690 s.
464 2635 598 2706 Stephani
619 2633 793 2689 adiudicatur
815 2635 1035 2706 spalatensibus.
1059 2633 1103 2690 De
1126 2635 1242 2690 ecclesia
1267 2651 1332 2690 vero
1360 2651 1383 2691 s.

146 2723 221 2778 Petri
239 2721 275 2778 ds
288 2721 447 2778 clobucbaa
465 2737 528 2778 cum
548 2721 719 2792 pertiuentiis
738 2727 766 2777 et
783 2727 855 2778 terra
873 2721 988 2778 Bristica
1006 2723 1170 2800 relinquitur
1182 2723 1226 2776 ius
1238 2721 1383 2778 decidendi

146 2811 241 2882 regiae
259 2810 403 2867 maiestati.
422 2810 526 2867 Omnes
536 2810 727 2880 possesiones
739 2810 768 2864 in
780 2825 880 2880 guerra
897 2814 1037 2881 acceptae,
1050 2809 1167 2876 ablatae,
1186 2815 1235 2865 aut
1253 2808 1380 2864 venditae

146 2897 267 2954 vicissim
285 2897 471 2953 restituantur.
490 2895 582 2969 super
600 2897 791 2968 possessiones
809 2903 895 2952 terras
914 2901 943 2953 et
960 2897 1039 2953 villas
1064 2897 1091 2952 in
1115 2897 1169 2952 boc
1191 2901 1310 2952 tractatu
1334 2913 1383 2952 no·

146 2985 273 3055 minatae,
300 2989 393 3058 partes
417 2985 522 3040 nullam
542 3001 643 3040 novam
663 2984 841 3040 donationem
864 2990 914 3040 aut
937 2984 1080 3056 privilegia
1105 3001 1123 3039 a
1149 2999 1223 3056 rege,
1246 2984 1290 3040 vel
1310 2983 1383 3038 bano

147 3073 294 3130 slavoniae
318 3089 368 3128 aen
387 3071 527 3127 Maritima
551 3071 691 3142 impetrari
715 3069 845 3127 audeant.
870 3071 1006 3128 Omnibus
1031 3070 1127 3126 litibus
1151 3072 1236 3128 motis
1261 3077 1385 3142 tempore

147 3177 310 3234 guerrarum
328 3161 468 3216 viceversa
486 3159 549 3213 finis
567 3159 726 3230 imponitur.
744 3158 884 3229 Deinceps
902 3157 980 3214 nullo
998 3175 1122 3230 unquam
1146 3165 1270 3232 tempore
1287 3159 1385 3215 civitas

147 3250 223 3321 Spal
241 3249 285 3304 vel
303 3249 385 3320 Trag.
403 3247 525 3319 aliquem
543 3263 578 3303 ex
595 3246 762 3313 concivibus,
781 3247 824 3302 vel
843 3246 1041 3316 Tragurienses
1065 3249 1194 3304 comitem
1217 3247 1384 3320 stepconem

148 3339 184 3394 de
202 3339 312 3393 Zettina
330 3337 373 3392 vel
391 3336 553 3392 Volcestsm
580 3333 722 3406 qnondam
739 3334 766 3390 d.
785 3333 940 3404 Vulcignae
965 3335 1050 3390 filium
1070 3336 1117 3408 qni
1136 3337 1164 3390 in
1182 3336 1316 3392 auxilium
1332 3340 1384 3390 ste

150 3431 243 3482 terunt
261 3423 483 3497 Spalateusibus,
495 3424 538 3480 vel
551 3423 731 3494 spalatenses
740 3423 879 3494 jupanum
891 3422 973 3479 sleoc
986 3429 1014 3478 et
1027 3422 1178 3492 steredem,
1192 3424 1239 3494 qui
1252 3427 1386 3478 steterunt

149 3530 233 3588 penes
252 3513 458 3584 Tragurienses,
477 3512 607 3568 infestare
626 3517 675 3566 sut
692 3513 840 3567 molestare
864 3511 980 3566 valeant.
1004 3509 1098 3566 Instar
1121 3511 1262 3583 prestaldi,
1276 3509 1385 3581 jndices

148 3602 326 3658 arbitratores
344 3600 520 3656 introducent
537 3601 590 3672 ipsi
603 3605 696 3672 partes
714 3601 742 3654 in
762 3615 828 3654 suas
844 3600 1043 3670 possessiones.
1060 3631 1094 3640 -
1113 3601 1215 3655 Actum
1227 3599 1302 3670 apud
1315 3599 1384 3670 spa·
1458 3653 1461 3660 Δ

148 3691 235 3746 latum
253 3691 280 3744 in
299 3689 383 3745 domo
398 3687 622 3744 Praedicatorum
634 3693 786 3744 conventus
804 3687 852 3742 civ.
873 3686 977 3758 Spalat
996 3685 1127 3742 Testibus
1141 3687 1225 3741 fratre
1237 3686 1385 3742 Dominico

149 3777 301 3849 subpriore,
321 3777 352 3832 fr.
371 3777 470 3833 Jessae
488 3780 598 3844 lectore,
617 3775 647 3830 ir.
667 3774 821 3842 Leonardo,
840 3775 872 3830 ir.
892 3774 1028 3830 Miobaels
1052 3774 1214 3852 guardiano.
1233 3771 1384 3836 Nobilibus

148 3865 213 3920 viris
232 3863 339 3918 sernas
356 3863 392 3919 de
410 3865 511 3919 Danae
529 3870 556 3920 et
575 3863 711 3919 Michaele
730 3863 869 3919 Martinus
891 3862 997 3918 civibus
1022 3861 1215 3918 Jadrensibus.
1240 3859 1385 3916 Vicentius

148 3972 170 4009 s.
192 3953 297 4007 Mariae
315 3953 427 4007 maioris
445 3953 561 4008 clericus
580 3959 607 4008 et
624 3951 769 4009 ledrensis
786 3952 911 4008 notarius
929 3950 1046 4022 scripsit.

202 4059 318 4113 Lucius:
338 4057 418 4112 Mem.
432 4057 464 4112 di
482 4059 565 4126 itas,
581 4074 610 4127 p.
628 4061 686 4114 101.

201 4215 379 4272 mcoxvn.
397 4216 624 4272 viennenses.
638 4221 677 4271 13.
698 4216 780 4272 Jalii.
799 4215 981 4271 bodomarius
999 4213 1188 4283 Varadiensis,
1207 4213 1386 4269 Timothaeus

149 4303 343 4376 Zagrabiensis
356 4303 488 4374 episcopi,
501 4301 645 4358 Rolandus
658 4302 758 4372 banus,
771 4301 917 4357 Aladarius
931 4303 1063 4374 magister
1075 4301 1262 4373 dapiferorum
1275 4303 1387 4370 reginae

147 4399 176 4449 et
194 4407 285 4448 comes
311 4391 346 4446 de
369 4389 509 4460 Neograd,
534 4389 692 4445 Demetrius
715 4377 846 4445 Alben'sis
870 4390 950 4445 aulae
974 4391 1066 4460 regiae
1092 4391 1339 4454 vicecancellarius,
1360 4395 1388 4444 et

148 4481 293 4538 Johanuas
312 4477 449 4533 Budensis
467 4479 643 4549 praepositus
656 4478 819 4548 significant,
838 4477 913 4548 quod
932 4478 1131 4549 inpraesentia
1148 4476 1290 4548 Rudolphi
1302 4477 1387 4548 impe·

148 4569 249 4626 ratoris
269 4568 398 4623 fecissent
416 4571 563 4620 tractatum
583 4564 701 4620 foederis
719 4581 782 4620 cum
801 4565 931 4620 Ladislao
950 4581 1022 4635 rege,
1035 4565 1063 4620 in
1076 4581 1133 4635 quo
1149 4565 1233 4620 etiam
1246 4563 1388 4635 sponsalia

148 4659 223 4714 inter
242 4654 382 4712 Andream
401 4653 500 4710 ducem
526 4653 611 4710 totius
640 4652 787 4709 slavoniae
810 4657 838 4709 et
862 4651 998 4721 croatiae,
1015 4652 1129 4708 fratrem
1152 4651 1241 4724 ipsius
1264 4651 1337 4722 regia
1360 4657 1388 4707 et
