3376 5350
657 479 804 524 assuens.
1291 471 1354 535 457

114 665 178 734 quia
202 662 381 734 postmodum
407 662 533 716 Henrico
557 661 630 716 bano
664 647 731 717 tuno
756 669 851 718 contm
875 661 978 734 regium
1002 663 1176 718 Maiestatem
1201 664 1359 733 procedenti

114 750 304 817 adhaerentes,
323 767 407 820 super
425 750 540 804 liberam
558 749 650 804 villam
671 751 868 806 Ohasmensem
894 757 921 805 et
941 749 1039 804 domos
1063 750 1177 804 fratrum
1197 752 1285 822 ipsius
1303 753 1359 822 epl-

111 839 197 910 scopi,
215 837 328 908 capitnli
347 837 401 892 looi
420 837 551 903 eiusdem,
571 837 623 891 sub
637 837 737 892 vexillo
751 837 876 892 eiusdem
888 837 1004 912 Henrici
1017 837 1081 891 bani
1094 839 1241 902 irruerunt,
1255 837 1357 894 damna

113 927 233 997 plurima
251 925 402 984 inferendo.
422 925 544 979 Tandem
564 925 687 980 volentes
711 926 802 996 ipsum
822 927 984 995 episcopum
1009 925 1128 995 placare,
1147 931 1175 980 et
1193 925 1282 980 eidem
1301 931 1358 981 torn

113 1015 147 1068 de
165 1013 279 1070 notoriis
297 1017 325 1068 et
343 1012 497 1068 manifestis
515 1014 675 1067 excessibus
693 1030 743 1083 pro
763 1030 844 1084 posse
862 1013 1028 1080 satisfacere,
1053 1018 1085 1068 ut
1108 1013 1195 1068 redire
1220 1021 1248 1068 at
1273 1015 1358 1084 recipi

112 1105 139 1156 in
158 1103 302 1172 pristinam
320 1101 408 1172 ipsius
427 1100 559 1156 ecclesiae
578 1101 696 1170 gratiam
715 1102 845 1167 valerent,
871 1107 959 1156 totum
985 1102 1029 1154 ius
1053 1103 1130 1171 ipsos
1155 1100 1306 1171 Georgium
1332 1108 1360 1158 et

112 1188 274 1244 Matbaeum
293 1190 320 1243 in
339 1189 561 1259 possessionibus
581 1189 778 1259 Margareuche
803 1191 908 1244 vocatis
936 1189 1107 1260 contingens,
1132 1190 1209 1242 itrxta
1235 1194 1357 1244 tenorem

111 1276 187 1332 aurei
206 1276 341 1348 privilegii
360 1277 444 1330 Belae
463 1277 542 1346 regis,
563 1276 676 1331 domino
689 1277 820 1346 episcopo
839 1282 868 1331 et
885 1275 1018 1331 eeclesiae
1030 1276 1058 1330 in
1072 1277 1355 1346 recompensationem

113 1365 278 1420 damnorum
296 1365 383 1419 libera
400 1364 541 1418 voluntate
560 1379 612 1418 sua
629 1361 800 1418 tradiderint.

167 1451 293 1507 ramere:
311 1452 391 1508 Mon.
411 1453 487 1507 Hiet.
506 1453 539 1506 Τ.
557 1453 582 1506 Ι.
598 1469 626 1520 p.
647 1455 706 1505 240.

167 1592 330 1648 llDCXlll.
349 1592 482 1662 Neapoli.
502 1594 544 1644 12.
563 1591 643 1646 Febr.
663 1596 738 1646 1299.
760 1591 875 1647 Carolus
899 1591 934 1645 ll.
961 1591 1070 1646 Siciliae
1096 1609 1144 1646 rex
1172 1592 1285 1646 mandat
1309 1593 1358 1647 Jo-

115 1682 200 1736 hanni
220 1680 254 1734 de
273 1697 293 1734 s.
314 1679 404 1734 Orrrce
422 1678 606 1734 Prothontino
620 1679 775 1750 Monopuli,
796 1678 871 1749 quod
892 1695 939 1748 pro
959 1678 1140 1733 conducenda
1153 1687 1181 1734 et
1193 1681 1357 1734 assaroianda

112 1769 212 1824 illustri
230 1769 325 1840 regina
345 1767 484 1838 Ungariae
503 1784 596 1822 sorore
615 1767 687 1836 regis
707 1767 857 1834 (Elisabota
877 1766 972 1820 Karoli
993 1765 1040 1831 ll.)
1059 1783 1123 1820 cum
1143 1767 1251 1820 duabus
1271 1767 1358 1836 galeis

113 1857 207 1911 statim
224 1855 261 1911 ad
280 1861 372 1925 partes
391 1855 537 1910 Slavoniae
555 1871 585 1908 se
604 1855 735 1910 conferat.

168 1943 293 1998 Wenrel:
312 1944 384 1997 ricto
402 1949 496 1997 estere
515 1943 539 1996 Ι.
560 1959 587 2012 p.
607 1943 665 1997 133.

168 2083 331 2139 MDCXIV.
360 2083 436 2138 1299.
462 2087 505 2138 29.
531 2085 647 2138 Martio.
677 2084 838 2154 Capitulum
866 2084 1044 2158 Ohasmensis
1073 2084 1188 2138 eclesiae
1215 2085 1361 2154 significat,

114 2173 189 2242 quod
208 2173 340 2242 magistro
358 2173 460 2226 lectore
487 2172 567 2242 Zagr.
593 2171 733 2237 ecclesiae,
757 2173 867 2226 nomine
893 2173 1015 2242 episcopi
1041 2172 1120 2241 Zagr.
1146 2171 1299 2238 Michaelis,
1324 2173 1359 2226 ab

113 2279 169 2314 rina
188 2265 272 2330 parte,
292 2259 408 2314 Daniele
426 2265 453 2314 et
472 2259 614 2329 Stephano
633 2259 697 2313 filiis
717 2260 799 2319 Petri,
819 2259 910 2314 fratris
930 2259 1047 2313 orandam
1069 2259 1190 2325 lindius,
1215 2277 1263 2329 pro
1282 2277 1311 2313 se
1331 2265 1358 2312 et

114 2349 182 2402 Ivan
201 2347 285 2402 fratre
305 2363 409 2414 eorum,
429 2348 496 2400 Burs
515 2347 572 2401 filio
591 2347 665 2402 Petri
684 2347 732 2400 filii
751 2346 846 2400 Garrire
871 2365 920 2417 pro
939 2365 969 2402 se
987 2353 1014 2402 et
1033 2363 1083 2416 pro
1108 2347 1230 2417 Georgia
1253 2364 1287 2412 ac
1311 2365 1360 2416 pro

114 2437 202 2490 Paulo
221 2436 278 2490 lilio
297 2435 377 2488 Pauli
397 2436 530 2505 proximis
548 2439 613 2501 suis,
631 2437 697 2490 item
716 2435 786 2488 Bata
804 2441 832 2490 et
850 2436 937 2488 'Poma
962 2435 1025 2488 filiis
1044 2435 1193 2504 Batachyn,
1213 2453 1262 2504 pro
1282 2451 1310 2488 se
1331 2441 1360 2487 et

114 2525 180 2578 ivan
200 2524 283 2576 fratre
302 2539 361 2588 suo,
386 2540 417 2576 ac
444 2540 492 2593 pro
518 2523 581 2576 filiis
605 2524 729 2577 eiusdem
756 2524 824 2577 Bata
850 2525 977 2578 videlicet
1010 2519 1152 2592 flabrohyn
1178 2531 1205 2576 et
1231 2523 1360 2588 Martino,

116 2609 230 2664 Priezda
249 2611 306 2664 filio
327 2611 440 2680 Bogdan
461 2627 510 2680 pro
529 2629 558 2664 se
577 2619 604 2664 et
624 2611 686 2664 filiis
705 2613 770 2678 suis,
792 2612 907 2680 Bogdan
925 2617 953 2665 et
974 2611 1070 2671 Paulo,
1091 2611 1224 2680 proximis
1248 2617 1275 2664 et
1298 2627 1361 2664 con·

118 2699 274 2769 sanguineis
294 2698 419 2767 Hudyua
437 2697 588 2767 supradicti
608 2699 643 2751 ab
662 2698 748 2751 altera
766 2699 936 2760 constitutis3
956 2699 1028 2752 idem
1043 2697 1142 2751 Daniel
1162 2715 1226 2750 cum
1246 2699 1361 2751 caeteris

118 2786 152 2840 de
174 2794 250 2856 parte
269 2802 319 2839 sua
344 2783 462 2850 confessi
482 2791 555 2850 sunt,
574 2784 649 2854 quod
674 2801 737 2838 cum
764 2786 815 2854 ipsi
843 2786 869 2838 iu
896 2786 1096 2854 pauperitatem
1117 2786 1230 2838 nimiam
1251 2795 1362 2855 propter

114 2873 225 2928 crebros
244 2871 457 2942 depredatorum
477 2872 553 2940 regni
572 2873 691 2925 insultus
710 2879 737 2926 et
758 2873 851 2926 vastus
864 2872 1031 2938 incidissent,
1045 2881 1072 2927 et
1085 2873 1166 2926 famis
1180 2873 1270 2927 inedia
1284 2873 1359 2926 labo-

104 2967 209 3030 ,rantes
228 2976 276 3030 per
295 2959 449 3029 praefatum
469 2959 630 3028 episcopum
650 2960 753 3014 vietum
772 2977 820 3013 seu
845 2961 976 3014 alimonia
1000 2961 1068 3029 ipsis
1092 2960 1289 3029 inpendentem
1315 2975 1359 3013 su-

115 3048 227 3102 stentati
248 3045 329 3101 etde
349 3047 430 3100 famis
449 3045 572 3115 periculo
591 3047 676 3114 erepti
696 3048 859 3112 extitissent,
874 3048 901 3100 in
915 3048 1131 3116 recognitionem
1145 3047 1227 3101 burins
1246 3049 1358 3117 gratiae.

119 3141 210 3190 totum
236 3135 278 3188 ins
303 3141 330 3188 et
355 3132 563 3204 proprietatem,
587 3133 661 3202 quod
687 3141 715 3188 et
739 3151 820 3204 quam
848 3135 876 3187 in
905 3135 1126 3204 possessionibus
1151 3135 1362 3204 aregenywcne,

114 3226 194 3278 iuxta
214 3223 412 3276 continentiam
432 3222 507 3275 aurei
532 3220 666 3291 privilegii
692 3221 774 3276 Betae
800 3223 871 3292 regis
893 3223 994 3276 habere
1013 3223 1202 3288 dinoscuntur,
1226 3222 1362 3276 dederunt

118 3310 154 3366 ad
174 3326 273 3364 manns
292 3309 425 3378 praedicti
445 3309 568 3378 episcopi
587 3309 614 3361 in
633 3315 799 3378 perpetuum
820 3309 1026 3378 possidendum.

169 3397 296 3451 Tlnfdr'd:
316 3397 393 3449 alfort.
414 3397 492 3448 lfist.
513 3397 543 3448 Τ.
564 3397 585 3448 Ι.
603 3413 631 3464 p.
649 3399 711 3450 241.

169 3537 320 3594 MDOXV.
339 3539 377 3592 lu
397 3542 487 3590 castro
500 3537 683 3594 Scardonse.
703 3543 778 3592 1299.
799 3543 821 3592 7,
842 3539 959 3608 Aprilis.
973 3538 1078 3592 l'aulus
1097 3539 1185 3592 banus
1205 3537 1363 3602 Corusuiae,

114 3627 275 3680 Dalmaciae
293 3633 321 3679 et
339 3626 468 3678 dominus
487 3625 594 3680 llosnae
613 3626 744 3691 notificat,
758 3625 832 3696 quod
847 3643 902 3680 una
921 3643 984 3680 oum
1004 3632 1131 3680 consorte
1149 3644 1200 3680 sua
1218 3627 1291 3679 Vrsa
1311 3627 1360 3678 lia-

113 3715 189 3768 nissa
208 3713 321 3783 elegerit
338 3713 440 3767 habere
458 3712 614 3768 Johannem
641 3714 794 3768 Babtistam
814 3731 864 3784 pro
883 3731 934 3768 suo
952 3714 1158 3784 haeredumque
1181 3730 1294 3768 sarourm
1313 3731 1359 3783 pa-

113 3812 195 3856 trono
214 3808 242 3856 et
260 3801 381 3867 domno,
400 3802 480 3870 eique
499 3807 558 3855 tota
583 3802 729 3856 devotione
754 3803 876 3872 astringi.
901 3802 946 3856 Ad
970 3801 1083 3856 laudem
1109 3803 1152 3856 dei
1177 3809 1205 3855 et
1228 3801 1361 3854 honorem

113 3889 188 3944 beati
206 3887 343 3943 Johannis
362 3893 389 3942 et
408 3887 547 3942 christiani
574 3890 670 3959 populi
699 3889 845 3944 utilitatem
872 3889 960 3944 voluit
981 3890 1064 3944 etiam
1087 3888 1235 3944 hedificare
1259 3905 1276 3942 a
1300 3889 1362 3942 fun·

116 3975 254 4032 dumentis
273 3975 417 4030 ecclesiam
435 3976 463 4030 in
481 3976 614 4030 bonorem
633 3995 654 4031 s.
672 3976 810 4031 Johannis
837 3977 916 4032 Babt.
940 3993 1025 4047 penes
1049 3978 1246 4031 monasterium
1266 3993 1286 4032 s.
1307 3977 1362 4029 Eli·

115 4063 213 4118 sabeth
247 4081 281 4118 ex
308 4064 423 4119 adverso
456 4063 573 4118 civitatis
605 4064 774 4130 Scardonae,
799 4065 846 4118 rabi
875 4081 953 4118 soror
982 4082 1033 4119 sua
1063 4064 1175 4118 domina
1205 4063 1363 4118 Stsnislaua

114 4153 234 4222 collegio
253 4153 414 4206 monialium
435 4152 538 4206 ordinis
557 4170 578 4207 s.
599 4153 697 4208 Clarae
715 4153 863 4222 praesidet.
876 4153 910 4206 In
923 4169 977 4222 qua
991 4153 1107 4206 ecclesia
1125 4170 1146 4206 a.
1165 4152 1282 4207 Joaonis
1296 4167 1360 4204 con-

114 4241 203 4294 stituit
223 4239 320 4294 fratres
340 4240 463 4294 Minores
486 4239 592 4294 ordinis
611 4258 632 4295 s.
652 4241 791 4294 Frarroisci
811 4240 847 4294 ad
866 4240 1015 4310 regendam
1042 4241 1118 4294 illam
1144 4255 1220 4294 more
1244 4239 1361 4292 aliorum

117 4330 357 4382 monasteriorum.
376 4327 431 4381 Pro
450 4329 663 4382 necessitatibus
681 4346 745 4382 vero
764 4345 859 4400 eorum
879 4327 1000 4398 providit
1012 4329 1051 4381 oia
1064 4327 1092 4380 in
1107 4327 1181 4381 mille
1200 4327 1362 4396 quingentis

114 4415 191 4468 libris
216 4414 389 4470 denariorum
412 4432 559 4485 parvorum
590 4417 762 4471 Venetorum
792 4416 943 4484 annuatim,
969 4431 1038 4485 quas
1062 4415 1146 4469 libras
1165 4421 1360 4484 procuratores

114 4501 231 4556 fratrum
250 4501 284 4556 de
303 4502 487 4557 Oomitatibus
508 4502 541 4556 de
561 4503 684 4557 Briberio
706 4503 740 4558 de
759 4503 842 4558 domo
861 4505 925 4557 bani
945 4503 1101 4573 specialiter
1124 4503 1306 4570 assignabunt
1326 4500 1359 4553 do

114 4590 336 4661 possessionibus
354 4608 403 4659 per
421 4607 484 4645 eam
503 4593 611 4660 emptis.
631 4592 667 4644 Et
685 4591 810 4661 quidem:
832 4593 855 4644 1.
876 4591 1066 4645 ltlolenrliuum
1086 4590 1161 4659 quod
1184 4590 1282 4642 emita
1304 4588 1358 4642 lan-

114 4679 202 4732 banac
223 4677 281 4732 civo
300 4676 484 4732 scardonensi
503 4695 553 4748 pro
573 4678 680 4732 ducatis
700 4679 751 4732 150
770 4678 827 4732 flor.
853 4680 880 4733 in
903 4695 978 4744 auro,
1003 4678 1077 4747 quod
1103 4675 1293 4731 molendinum
1320 4680 1362 4730 est

114 4767 142 4820 in
163 4763 231 4835 Slap
249 4765 277 4819 in
297 4765 413 4835 scopulo
431 4766 508 4820 iuxta
527 4765 716 4820 molendinum
735 4773 865 4821 vocatum
883 4767 993 4822 Barsac.
1015 4765 1105 4820 Unam
1119 4764 1280 4820 Valcariam
1299 4779 1362 4818 cum
