3488 5380
670 393 817 438 nome.
867 397 870 405 ¹
1301 373 1365 440 265

117 554 174 614 imo
191 553 393 629 approbarunt.
412 555 538 626 Quarum
559 563 695 616 moturum
714 559 804 632 prima
823 559 921 632 incipit
943 559 972 616 iu
996 558 1081 617 fluvio
1104 559 1221 618 (tonsis
1242 561 1369 634 procedit

117 643 154 699 sd
173 648 275 702 terram
293 643 400 716 Wydos
418 651 447 700 et
464 643 501 700 ad
519 645 600 714 viam,
620 647 803 718 perlongum
826 649 952 720 spacium
974 653 1158 706 commetitur
1179 653 1270 706 terrae
1295 649 1367 706 Pau·

18 749 31 768 ·
118 731 202 802 grotti
219 731 337 801 comitis,
356 733 431 788 venit
449 731 484 788 ad
503 737 589 804 caput
611 733 749 792 Dobouch
768 735 841 803 sicci,
858 734 953 806 ibique
970 735 1067 808 incipit
1084 741 1178 792 tenere
1195 743 1284 792 metas
1301 753 1367 794 cum

116 817 215 875 Ptelea
232 819 343 888 comite,
367 819 442 875 cedit
465 819 493 874 io
519 820 632 876 fluvium
663 819 875 880 Glokoobevech
901 839 951 894 per
977 839 1061 892 quem
1087 823 1145 879 exit
1172 821 1209 880 ad
1235 840 1369 896 magnum

119 905 193 962 siem
212 905 350 964 dedomo
368 907 481 963 Prelsae
505 908 622 976 comitis,
641 909 669 963 in
688 926 745 979 qus
767 909 822 965 itur
840 907 876 965 ad
894 907 1001 965 Riuohe
1018 909 1057 964 ibi
1075 915 1258 966 commetitur
1278 916 1367 967 terrae

116 993 266 1050 cestrensis
284 993 313 1048 in
331 992 429 1050 eadem
446 995 491 1050 via
508 995 544 1051 ad
563 994 735 1052 occidentem
754 995 830 1052 vadit
840 997 870 1052 in
881 1013 985 1068 magno
997 997 1088 1069 spatio
1100 1013 1150 1068 per
1162 1003 1251 1053 metes
1263 1003 1367 1054 musca

120 1086 150 1136 et
167 1081 299 1138 arboreos
317 1079 353 1137 ad
371 1085 473 1136 metum
492 1082 571 1138 iuxta
589 1083 664 1138 virm
682 1083 731 1138 nbi
749 1087 933 1140 commetatnr
955 1089 1046 1140 terrae
1063 1083 1213 1141 Laurentii.
1237 1083 1308 1140 Inde
1330 1083 1367 1140 ad

4 1223 17 1240 ,
118 1167 292 1226 occidentem
311 1168 411 1224 transit
428 1183 478 1240 per
496 1167 622 1224 hilaiam
641 1169 669 1224 in
687 1169 803 1226 fluvium
820 1171 938 1227 Konshs
957 1177 985 1228 et
1001 1169 1078 1228 vadit
1095 1169 1130 1226 ad
1150 1171 1276 1242 primam.
1288 1169 1368 1227 idem

117 1257 211 1312 Bonos
236 1260 264 1312 et
291 1256 334 1310 soi
361 1249 504 1312 consortes
531 1254 609 1312 liberi
637 1257 792 1328 praedictos
824 1257 939 1314 liberam
967 1257 1073 1314 babent
1099 1258 1181 1313 etiam
1208 1255 1367 1313 facultatem

11 1353 26 1370 ·
115 1357 312 1414 quemcunque
329 1342 469 1408 voluerint
486 1341 522 1398 ed
541 1359 620 1398 suam
644 1344 799 1415 portionem
825 1345 984 1416 recipiendi,
1003 1360 1054 1401 neo
1071 1345 1188 1401 comites
1205 1343 1241 1402 de
1259 1345 1368 1402 Riuche

115 1430 194 1500 ipsos
211 1435 342 1502 poterunt
359 1430 387 1484 in
406 1429 459 1486 hoc
478 1429 632 1502 prohibere.

170 1517 230 1574 uos
250 1517 320 1588 dipl.
343 1519 458 1587 patrius
479 1517 588 1588 V11.p.
608 1519 651 1572 94.

171 1657 517 1720 Dooox011.1²0rustt
537 1663 616 1714 1265.
636 1665 678 1716 11.
697 1648 781 1716 dolii.
804 1659 934 1716 Clemens
952 1659 1004 1715 1v.
1025 1677 1099 1732 papa
1120 1660 1217 1718 scribit
1233 1660 1367 1734 episcopo

116 1745 307 1817 Traguriensi,
324 1762 388 1801 cum
407 1745 482 1818 prior
500 1750 528 1801 et
546 1745 645 1801 fratres
663 1745 768 1802 ordinis
781 1746 1008 1804 Praedicatorom
1021 1747 1228 1820 Spelsteusium
1246 1747 1367 1805 confessi

6 1821 14 1832 '
114 1833 173 1888 sint
189 1849 283 1889 coram
302 1849 344 1903 eo,
363 1831 439 1904 quod
452 1831 586 1888 Nicotaus
599 1832 735 1888 Albertini
749 1833 816 1889 ciris
827 1833 964 1904 Tragurii
978 1833 1128 1905 quemdam
1146 1834 1264 1890 fundum
1283 1850 1367 1890 suum

14 1947 27 1968 ι
113 1921 144 1975 iu
162 1919 273 1976 civitate
290 1925 319 1976 et
332 1921 381 1992 jus
399 1923 564 1992 patronatus
582 1917 738 1992 cupellein
758 1917 856 1976 eodem
875 1919 963 1978 fundo
982 1926 1071 1977 erecte
1089 1923 1130 1978 eis
1142 1919 1307 1988 contulisset
1325 1925 1365 1976 ln·

113 2007 189 2064 tuito
208 2008 327 2080 pietatis.
346 2007 440 2077 Quam
457 2008 595 2080 capellam
612 2009 682 2080 ipsis
701 2025 752 2080 pro
770 2007 943 2064 habitatione
961 2009 1093 2065 Urbanus
1105 2025 1180 2082 pape
1192 2009 1365 2066 coufirmcsit

113 2099 144 2152 et
162 2094 239 2166 quod
257 2095 335 2152 iuxts
360 2111 423 2151 erm
447 2101 607 2152 construere
632 2095 742 2168 possint
765 2093 865 2152 domos
883 2101 912 2151 et
930 2096 1057 2152 officinas
1075 2095 1220 2164 concessit,
1238 2095 1285 2152 cui
1302 2110 1366 2152 eon·

113 2183 262 2239 structionl
279 2199 311 2238 se
328 2181 488 2255 praedictus
507 2183 657 2254 episcopus
676 2183 816 2255 opposuit.
830 2183 969 2252 Quocirca
987 2183 1012 2240 ei
1030 2183 1145 2240 mundat
1161 2189 1194 2240 ut
1210 2183 1367 2256 praedictos

114 2270 216 2327 iratres
233 2269 375 2342 permittat
393 2269 531 2342 capellam
550 2271 664 2342 pacifice
692 2269 836 2342 possidere
854 2277 882 2326 et
900 2272 978 2327 iuxta
993 2271 1071 2326 'illam
1089 2277 1251 2328 construere
1268 2270 1367 2327 domos

12 2421 22 2432 ,
113 2365 145 2414 et
164 2356 299 2424 officinm,
318 2356 412 2414 dando
430 2349 545 2429 insuper
568 2357 798 2428 archipresbitero
824 2357 1010 2414 Scardonensi
1035 2359 1064 2414 in
1087 2358 1226 2414 mandatis
1249 2363 1281 2414 ut
1302 2371 1366 2415 eum

113 2461 131 2500 a
149 2443 345 2502 molestatione
363 2443 500 2500 dictorum
518 2445 636 2500 fratrum
654 2445 819 2501 auctoritate
837 2443 911 2500 sedis
929 2445 1102 2518 apostolicae
1120 2445 1277 2518 compellat.

169 2531 303 2588 Forloti:
321 2531 404 2602 Illpr.
422 2547 493 2588 socr.
514 2531 544 2588 T.
563 2533 581 2586 1
590 2533 616 2585 t'.
633 2547 661 2602 p.
681 2536 743 2586 359.

167 2671 624 2732 Doccxoflt.t³srnui.1ece.
644 2676 687 2728 28.
706 2673 789 2728 dolii.
814 2671 945 2728 Clemens
962 2670 1021 2729 Ἰν.
1045 2689 1121 2744 papa
1144 2671 1181 2727 sd
1204 2671 1367 2742 petitionem

115 2761 205 2819 Salvii
233 2759 358 2832 episcopi
382 2759 573 2816 Tribuniensis
597 2760 646 2831 qui
671 2775 720 2831 per
745 2760 935 2816 schismaticos
959 2759 1123 2830 episcopatu
1147 2763 1176 2814 et
1202 2758 1284 2814 bouis
1308 2758 1367 2814 suis

115 2849 172 2906 fuit
189 2847 328 2920 spoliatus
345 2847 382 2902 ab
400 2845 610 2920 archiepiscopo
635 2852 730 2904 sutem
753 2847 906 2918 Ragusino‚
930 2847 1108 2918 metropolita
1124 2845 1194 2913 eius,
1211 2861 1247 2900 er
1265 2845 1366 2902 affectu

115 2935 320 3008 compassionis
338 2951 402 2990 cum
420 2933 658 2990 administratione
682 2940 749 2990 tunc
775 2935 900 2990 recentis
917 2933 1077 2989 monasterii
1095 2933 1248 2988 Laoromee
1266 2931 1325 2988 ord.
1343 2949 1357 2987 s

114 3020 259 3079 Benedicti
277 3027 480 3096 remuneratus,
512 3021 560 3078 sed
580 3039 630 3094 per
647 3025 776 3080 comitem
795 3029 823 3080 et
840 3023 1068 3079 communitatem
1085 3021 1203 3078 civitstis
1221 3037 1237 3075 c
1255 3035 1366 3092 posses·

97 3111 202 3166 sioce'
215 3109 328 3178 eiectus,
347 3109 463 3166 audieus
481 3109 596 3182 insuper
621 3127 694 3182 papa
718 3109 794 3182 quod
818 3127 868 3182 per
891 3109 1027 3180 quosdam
1044 3109 1140 3176 laicos,
1162 3123 1234 3179 quos
1258 3105 1362 3162 ibidem

113 3202 280 3268 posuerunt,
304 3215 358 3254 uon
385 3197 476 3252 solum
492 3203 652 3269 proventus,
678 3193 869 3270 possessiones
892 3197 921 3253 et
946 3203 1034 3252 terrae
1059 3211 1154 3252 verum
1178 3197 1261 3251 etiam
1285 3211 1364 3251 orua-

14 3305 34 3322 ·
115 3289 213 3340 menta
231 3285 373 3354 ecclesiae,
391 3299 496 3352 eruces,
513 3283 614 3340 osllces
638 3290 690 3341 etc.
714 3283 826 3340 vendita
847 3289 876 3340 et
897 3283 1029 3340 distracta
1056 3283 1120 3354 sint,
1142 3281 1257 3338 mandet
1280 3279 1367 3337 arohi-

112 3373 249 3444 episoopo
268 3371 446 3428 Antibareusi
466 3377 497 3426 ut
514 3373 543 3426 in
560 3387 618 3427 rem
641 3372 763 3442 inquirat
781 3377 809 3426 et
826 3371 930 3427 auditis
947 3370 1067 3426 testibus
1085 3369 1188 3426 factum
1213 3369 1273 3426 sedi
1297 3385 1365 3440 apo·

113 3459 231 3516 stolicse
249 3459 357 3527 referat,
375 3457 453 3516 bona
469 3463 562 3514 antem
580 3459 740 3516 monasterii
759 3458 854 3516 Salvio
871 3459 1012 3516 restituat.
1323 3469 1325 3476 “

168 3563 215 3619 se
227 3569 404 3634 trammpto
422 3549 539 3621 suase
556 3564 665 3622 arasa
682 3565 832 3636 meuriss.
851 3565 892 3620 rr.
911 3563 939 3620 s.
958 3563 990 3619 ss
1007 3580 1068 3619 mea
1086 3563 1147 3620 0011.
1165 3579 1192 3632 p.
1210 3565 1273 3619 372.
1291 3565 1298 3578 ·
1395 3593 1405 3606 -

167 3723 380 3781 Doooxow.
397 3725 545 3797 'l'rspurii
571 3728 649 3780 1265.
670 3728 709 3778 10.
728 3724 858 3794 Aupusts'.
880 3721 1074 3778 Columbanus
1092 3721 1242 3793 episcopus
1260 3686 1373 3790 Trogu-¹

114 3813 216 3869 riensis
235 3817 300 3884 post
320 3813 469 3868 missarum
494 3811 630 3868 solemnia
646 3810 684 3867 ab
702 3827 735 3868 eo
764 3810 904 3868 celebrata
928 3811 956 3866 in
979 3811 1069 3881 burgo
1093 3807 1212 3865 civitatis
1238 3805 1368 3876 Tragurii

16 3905 39 3922 ⁴
114 3899 153 3955 ad
171 3899 306 3956 honorem
323 3899 378 3954 Dei
397 3903 426 3954 et
442 3899 474 3954 B.
494 3899 535 3954 M.
552 3899 666 3969 virginis
692 3915 778 3955 causa
802 3895 966 3954 aedificandi
991 3896 1030 3952 ibi
1053 3897 1200 3952 ecclesiam
1223 3899 1252 3950 et
1273 3893 1366 3950 locum

115 3987 250 4043 bembus
277 3985 432 4042 minoribus
450 3985 486 4040 de
504 3985 649 4055 Tragurio,
667 3986 703 4042 ad
722 4003 805 4058 quem
830 3986 925 4042 locum
949 3984 1016 4039 dicti
1043 3983 1142 4039 fratres
1165 3999 1195 4038 se
1219 3979 1367 4038 transferre

13 4073 20 4085 ¹
116 4079 287 4146 proponunt,
306 4071 354 4128 ubi
373 4077 416 4128 est
433 4073 550 4128 ecclesia
572 4071 755 4140 aedificanda,
784 4073 911 4128 immissit
929 4079 957 4128 ct
974 4071 1085 4127 immitti
1108 4070 1174 4126 fecit
1197 4069 1301 4140 primos
1327 4067 1366 4122 le·

15 4501 34 4533 0

2 4682 24 4720 7

1 4983 34 5015 s

13 5111 39 5154 2

115 4160 197 4234 pides
214 4165 344 4231 quatuor.
363 4160 560 4217 Bonavemura
577 4161 705 4216 noterius
722 4165 839 4231 rogante
857 4160 990 4231 episcopo
1009 4157 1127 4228 scripsit.

169 4264 300 4320 sarlati.-
318 4264 401 4334 lllyr.
421 4279 493 4320 socr.
514 4265 543 4319 T.
564 4263 615 4320 11⁷.
633 4280 661 4335 p.
678 4268 741 4320 349.

169 4403 364 4462 Decessit.
384 4408 419 4460 ln
437 4409 530 4462 coebo
547 4405 702 4477 Νομᾶ.
726 4408 802 4466 1266.
820 4409 860 4458 13.
882 4403 1016 4460 Octobris.
1041 4403 1110 4458 Bela
1127 4399 1179 4458 IV.
1198 4416 1247 4456 rex
1271 4397 1366 4468 dirigit

115 4494 282 4566 magistrum
303 4493 479 4549 Demehium
501 4491 727 4550 archidiaconum
750 4491 926 4548 Borsieusem
950 4507 1019 4546 suae
1040 4505 1127 4545 nurus
1151 4486 1279 4544 domama
1302 4501 1366 4542 cen·

118 4581 264 4640 cellarium
283 4585 312 4638 et
328 4580 441 4638 intrem
459 4580 580 4636 Paulum
601 4579 704 4638 ordinis
722 4578 838 4634 fratrum
856 4579 994 4634 minorum
1011 4593 1094 4634 suum
1112 4573 1312 4632 confessarium
1330 4570 1367 4628 ad

120 4669 285 4742 pontificem
302 4667 477 4726 Clementem
495 4667 548 4725 IV.
566 4683 651 4739 super
668 4666 727 4726 suis
744 4669 774 4721 et
790 4665 868 4740 regni
883 4665 1011 4736 negotiis,
1024 4668 1052 4720 ct
1063 4661 1217 4734 specialiter
1229 4677 1280 4732 pro
1293 4659 1368 4717 iacto
