3488 5380
686 281 830 325 anesus.
1318 261 1381 324 213

207 445 370 502 DOOXIII.
388 450 465 502 1256.
483 451 525 502 16.
543 447 706 504 Decembris.
725 447 793 502 Bels
810 463 859 503 rer
877 453 905 503 et
922 447 981 503 dux
999 446 1108 518 styriae
1127 447 1293 515 manifestat,
1306 447 1381 518 quod

135 535 271 606 magister
290 534 457 591 Benedictus
476 535 626 591 canonicus
644 535 838 606 zagrabiensis
856 539 884 591 et
910 535 1123 591 archidiaconus
1146 533 1182 589 de
1209 534 1337 590 Guerche
1355 537 1383 590 in

136 637 249 678 camera
266 620 301 677 de
319 621 392 677 ultra
409 623 505 677 Drava
521 639 578 678 non
597 621 700 678 resedit
718 625 750 677 ut
766 623 851 677 homo
876 623 998 694 episcopi
1027 621 1145 692 Zagrab,
1165 623 1293 692 quamvis
1310 621 1385 677 idem

136 710 288 781 episeopus
306 725 363 764 nna
380 724 444 764 cum
462 707 536 766 bano
554 708 698 781 stephano
715 711 774 766 vice
791 711 865 780 regis
883 710 1041 782 procuravit
1058 725 1195 765 cameram
1214 709 1286 764 ultra
1312 709 1384 766 Dra·

137 813 250 865 uanam,
264 793 316 853 sed
330 800 473 867 tamquam
490 795 652 851 homobeni
671 793 804 869 stephani
824 813 873 870 per
890 797 982 869 ipsum
1002 796 1106 852 banum
1118 796 1155 852 ad
1166 795 1219 852 lroc
1230 797 1386 868 specialiter

137 884 297 955 deputatus,
317 881 392 953 quod
412 888 439 938 et
457 883 607 955 episcopus
625 899 718 939 coram
736 899 801 955 rege
819 885 993 955 recognovit3
1012 901 1048 938 ne
1061 899 1126 940 vero
1145 899 1188 952 eo,
1206 882 1281 954 quod
1295 883 1385 939 dictus

136 971 272 1040 magister
300 970 450 1042 permansit
474 970 503 1024 in
529 969 602 1026 dicta
626 986 735 1026 camera
757 970 955 1040 strigoniensis
978 971 1111 1026 ecclesiae
1136 975 1164 1025 et
1190 970 1251 1040 ejus
1269 970 1386 1042 arhiepi-

138 1058 264 1129 piscopo,
282 1055 318 1112 ad
336 1073 420 1126 quem
432 1055 521 1112 dictae
534 1073 642 1112 camere
659 1056 813 1125 decimatio,
829 1059 901 1113 sicut
912 1063 940 1114 et
957 1058 1082 1124 aliarum,
1095 1058 1123 1111 in
1138 1071 1305 1127 quacunque
1323 1073 1385 1128 pro·

137 1145 230 1200 vincia
246 1159 357 1200 camera
374 1149 544 1213 constuatnr,
561 1145 604 1200 rel
632 1143 747 1200 Moneta
778 1144 896 1201 cudatur
919 1145 1038 1217 pertinet
1056 1150 1083 1200 et
1100 1145 1238 1216 pertinuit,
1256 1149 1284 1199 et
1302 1161 1386 1216 quam

137 1232 351 1288 decimationem
368 1231 567 1302 archiepiscopi
586 1237 614 1286 et
633 1231 766 1288 ecclesiae
784 1231 990 1302 strigoniensis,
1003 1232 1086 1288 homo
1098 1232 1126 1285 in
1139 1247 1249 1287 camera
1261 1233 1386 1303 praefata

137 1319 175 1376 de
192 1319 267 1374 ultra
284 1318 409 1374 Dranam
425 1317 550 1372 residens
574 1317 655 1389 plene
678 1323 706 1374 et
728 1319 844 1391 pacifice
867 1335 963 1375 eorum
987 1319 1099 1374 nomine
1126 1319 1250 1390 percepit
1276 1335 1386 1391 semper

138 1412 169 1462 et
185 1405 310 1478 percipit,
329 1403 528 1478 praeiudicium
544 1404 657 1476 aliquod
672 1409 819 1477 generetur
830 1405 874 1462 vei
886 1407 966 1476 Zagr.
979 1405 1129 1477 epiecopus
1142 1411 1191 1461 aut
1206 1407 1296 1476 quiris
1314 1405 1385 1461 aliua

138 1497 168 1549 in
186 1493 261 1550 dicta
278 1509 387 1549 camera
404 1492 477 1550 nitra
498 1491 621 1548 Draram
646 1494 690 1550 ius
708 1493 821 1565 aliquod
839 1495 868 1550 in
887 1499 1030 1566 posterum
1048 1493 1101 1549 sibi
1119 1493 1211 1550 valeat
1232 1493 1385 1561 vendicare,

139 1581 232 1638 eidem
250 1581 460 1656 archiepiscopo
479 1589 508 1640 et
525 1581 657 1638 ecclesiae
670 1581 791 1652 strigon.
810 1586 952 1654 presentes
970 1579 1047 1638 dedit
1063 1582 1178 1638 litteras.

194 1668 292 1736 Fetere
314 1669 379 1725 (led.
397 1669 466 1739 dipl.
488 1667 648 1726 T.1l⁷ool.
667 1669 708 1723 11.
724 1684 755 1738 p.
773 1671 838 1724 370.

192 1807 351 1866 cccxlv.
369 1813 448 1866 125⁶.
467 1813 511 1868 16.
529 1809 693 1866 Decembris
714 1809 782 1864 Bela
798 1808 850 1864 IV.
863 1825 912 1864 rex
924 1809 1090 1877 manifestat,
1101 1806 1176 1878 quod
1188 1807 1319 1877 magister
1335 1805 1385 1860 Be·

139 1896 267 1952 nedictus
286 1895 435 1952 canonicus
448 1897 566 1967 Zagrab.
582 1901 610 1952 et
621 1895 831 1953 archidiaconus
843 1895 877 1952 de
890 1895 1018 1952 Guerche
1029 1897 1058 1950 in
1070 1910 1179 1950 camera
1191 1893 1226 1948 de
1238 1893 1384 1949 Puchruch
1480 1958 1485 1968 Ι

138 1983 269 2052 (Pakrac)
287 1997 343 2038 non
360 1983 462 2040 resedit
480 1990 512 2040 ut
528 1985 615 2040 homo
636 1983 760 2056 episcopi
774 1983 968 2054 Zagrabiensis
986 1981 1035 2038 sed
1054 1988 1197 2053 tamquam
1214 1981 1299 2035 homo
1317 1979 1381 2034 bani

139 2069 284 2142 stephani.
302 2097 337 2111 -
364 2069 409 2124 Ne
431 2071 515 2140 igitur
537 2072 566 2126 in
589 2069 787 2142 praeiudicium
811 2070 942 2125 ecclesiae
968 2068 1165 2139 strigoniensis
1190 2069 1218 2123 in
1241 2072 1383 2139 posterum

139 2158 194 2215 hoc
212 2157 303 2212 valeat
319 2157 364 2211 ius
382 2156 495 2228 aliquod
517 2157 663 2214 vendicare
680 2157 732 2214 has
750 2157 855 2212 litteras
874 2156 951 2212 dedit
968 2173 1025 2212 rex.

196 2245 292 2314 Frjer:
313 2245 378 2300 Ood.
398 2245 468 2314 dipl.
485 2245 537 2301 ool.
557 2246 609 2301 11⁷.
626 2261 654 2315 p.
674 2250 735 2299 371.

193 2383 338 2440 Docxv.
357 2387 436 2442 1256.
454 2385 631 2458 Pririlegium
649 2386 822 2458 probabilius
847 2388 931 2442 Betae
955 2388 1027 2458 regis
1056 2401 1112 2457 qno
1135 2389 1285 2441 attestatur
1309 2380 1385 2454 quod

139 2471 239 2540 Bilota,
257 2475 358 2527 terram
375 2471 424 2527 lilii
446 2473 527 2544 Bolk,
550 2479 651 2529 terram
676 2475 789 2542 Lunam,
815 2475 959 2530 Demetrio
978 2474 1035 2529 filio
1058 2471 1188 2544 Bodragh
1210 2479 1238 2528 et
1261 2472 1387 2540 Dragota

141 2559 198 2613 lilio
216 2557 331 2628 Dragan
349 2557 503 2614 vendiderit
523 2575 574 2631 pro
592 2562 627 2617 33
645 2563 739 2633 pensis
751 2561 935 2618 irisaticorum
954 2562 1012 2616 iure
1031 2565 1176 2632 perpetuo.

195 2645 281 2715 Fejer
301 2645 393 2702 coare
410 2646 480 2716 dipl.
501 2646 529 2702 Τ.
547 2647 600 2703 IV.
618 2648 670 2703 ool.
689 2649 729 2702 11.
746 2665 776 2718 p.
797 2651 855 2704 413.

196 2783 356 2841 Dcoxvr.
370 2789 447 2842 1256.
464 2786 690 2844 Adiudicatoriae
710 2789 824 2845 banales
836 2804 921 2859 supra
934 2793 1006 2844 terra
1018 2787 1201 2844 Grabrascela
1213 2788 1241 2842 in
1254 2785 1385 2843 slavonia

141 2891 193 2945 pro
210 2873 302 2929 Jakov
320 2873 377 2930 lilio
396 2871 551 2930 Gordoalar
570 2881 720 2932 emanatas.

195 2959 299 3028 Fejer:
321 2959 385 3018 Ood.
405 2961 474 3030 dipl.
492 2967 524 3018 ut
542 2978 618 3032 supr.
639 2967 699 3019 411.

195 3097 468 3156 Dcoxv11.1sse.
497 3101 634 3172 Rogerius
658 3102 883 3174 archiepiscopus
902 3102 1068 3174 spalatensis
1085 3100 1240 3168 confitetur,
1265 3097 1341 3168 quod
1369 3115 1387 3154 a

140 3187 250 3242 'l'homa
268 3185 462 3244 archidiacono
483 3189 632 3260 spalatensi
651 3190 755 3261 recepit
773 3190 917 3260 sexaginta
935 3188 1019 3243 librae
1033 3187 1208 3242 denariorum
1221 3185 1256 3241 de
1270 3185 1388 3257 pecunia

139 3275 246 3331 domini
264 3289 362 3346 papae,
381 3289 432 3346 pro
450 3275 553 3344 quibus
574 3275 687 3332 tradidit
705 3277 730 3331 ei
748 3281 869 3348 quatuor
886 3293 953 3332 vasa
971 3279 1109 3346 argentea,
1128 3289 1177 3328 sex
1195 3289 1301 3329 marcas
1321 3289 1388 3344 pon·

139 3363 275 3429 derantia,
293 3363 333 3418 ita
353 3361 428 3434 quod
447 3362 470 3416 si
489 3368 652 3433 praetaxata
670 3365 790 3435 pecunia
807 3369 885 3418 extra
903 3363 1041 3418 civitatem
1059 3360 1194 3416 tradenda
1211 3361 1300 3428 fuerit,
1314 3359 1387 3414 idem

140 3449 264 3506 Thomas
281 3448 421 3520 asignabit
441 3449 538 3504 eadem
565 3467 632 3506 rasa
656 3451 691 3506 ad
717 3467 816 3506 manue
839 3450 953 3522 Grupcii
977 3451 1020 3506 vel
1046 3449 1127 3504 alicui
1151 3449 1302 3504 amicorum
1328 3448 1388 3503 eius

141 3543 170 3593 et
187 3537 301 3608 recipiet
317 3537 465 3608 pecuniam
483 3543 673 3594 memoratam.
692 3541 794 3594 Actum
818 3539 845 3594 in
864 3538 1025 3610 praesencia
1048 3535 1170 3593 Prodani
1189 3541 1216 3592 et
1234 3535 1326 3592 fratris
1345 3536 1390 3590 sui

141 3623 259 3695 Grupcii
278 3627 306 3679 et
322 3623 356 3680 P.
372 3623 440 3680 dicti
459 3625 578 3680 Romani
597 3626 688 3682 clerici
706 3625 741 3681 de
759 3627 856 3682 Pelian
875 3625 923 3698 qui
941 3625 1051 3696 scripsit

196 3709 325 3767 sarlati:
343 3711 425 3782 lllyr.
443 3727 514 3767 sacr.
537 3711 566 3768 Τ.
584 3713 642 3766 ΙΙΙ.
657 3729 689 3782 p.
709 3716 769 3768 279.

197 3852 391 3910 DGOXVIII.
410 3856 488 3910 1256.
508 3853 667 3924 stephanus
685 3854 775 3910 banus
787 3855 873 3910 totius
892 3853 1039 3910 slavoniae
1058 3858 1085 3908 et
1102 3853 1264 3924 capitaneus
1280 3853 1389 3923 styriae

144 3940 290 4012 significat,
314 3939 471 4010 quodcum
493 3940 611 4011 Pautyn,
640 3941 784 4012 Wogrissa
811 3947 839 3997 et
863 3941 1004 4012 generatio
1029 3939 1180 3997 eorundem
1208 3957 1291 4011 super
1318 3945 1390 3994 terra

143 4026 324 4083 Grabroeello
344 4027 539 4082 convenissent
559 4027 651 4082 Jakor
670 4028 757 4082 filium
776 4027 932 4096 Gordislar,
950 4027 1023 4082 idem
1042 4027 1130 4084 ι10001
1147 4027 1273 4082 exhibuit
1284 4028 1389 4081 litteras

143 4114 269 4185 magistri
290 4113 443 4169 Alexandri
460 4114 586 4170 ricebani
606 4115 648 4169 sui
666 4115 695 4169 in
714 4116 815 4186 quibus
836 4115 939 4171 invenit
956 4116 1046 4185 ipsam
1059 4131 1173 4170 causam
1186 4114 1290 4170 diutius
1303 4113 1389 4168 fuisse

147 4201 307 4256 ventilatam
327 4207 354 4256 et
371 4200 483 4256 tandem
502 4201 537 4256 de
552 4201 659 4271 judicio
677 4203 801 4258 vicebani
820 4203 987 4273 processisse
1000 4201 1076 4272 quod
1088 4200 1188 4268 Jakov,
1201 4218 1265 4257 eum
1278 4199 1389 4267 Bratko,

19 4317 23 4324 v
144 4288 276 4359 stoyslar
294 4287 351 4342 filio
370 4288 493 4351 Branisa‚
512 4288 669 4360 Wllrodrug
687 4289 795 4359 claude,
815 4290 959 4360 Wlkowoy
977 4289 1034 4343 filio
1053 4287 1201 4343 Zlobimeri
1229 4293 1256 4342 ct
1281 4287 1389 4357 Ouplen

144 4376 202 4431 tilio
221 4375 310 4430 Rules
333 4377 508 4446 praestiterat
528 4382 730 4432 sacramentum
749 4392 834 4448 super
857 4389 898 4445 eo,
920 4376 994 4447 quod
1012 4375 1101 4431 Jacor
1122 4391 1177 4430 non
1205 4375 1307 4464 lecerat
1333 4389 1390 4428 ma·

145 4463 235 4520 litiose
254 4461 328 4534 quod
353 4462 487 4519 hactenus
506 4479 561 4518 non
580 4465 796 4535 praesentaverit
813 4465 986 4535 privilegium
1006 4462 1163 4520 salamonis
1182 4461 1246 4518 bani
1264 4459 1390 4516 habitum

148 4567 232 4624 super
249 4552 312 4624 ipsa
329 4555 403 4610 terra
422 4550 609 4621 Grabrosello,
633 4551 682 4608 sed
712 4557 866 4624 propterea,
890 4551 964 4624 quod
992 4551 1065 4609 idem
1090 4551 1219 4608 detentus
1246 4549 1337 4608 iuerat
1362 4550 1390 4603 in
