3376 5350
313 287 377 354 396
810 299 829 341 1.
849 285 1061 353 uuxuruuvtd,

369 477 583 532 mdcccxlii.
601 477 640 532 Ic
657 479 762 536 Potok.
783 481 860 533 leel.
877 481 920 531 24.
944 479 1029 533 illati.
1054 477 1201 532 Iudielous
1226 478 1276 532 lV.
1302 495 1350 534 rex
1374 479 1455 548 jubet
1480 481 1570 534 matri

313 583 380 620 cuae
398 564 542 620 Elisabeth
561 567 680 636 reginae,
693 571 725 621 ut
742 571 842 620 terrem
863 565 967 622 Wesko
984 567 1020 620 ab
1038 565 1154 622 ecclesie
1171 565 1348 636 Zegrebienei
1365 565 1459 637 inique
1479 581 1570 620 oceu-

315 661 417 725 petem‚
436 653 524 710 eidem
544 654 678 708 restituat

366 741 497 796 Farlcti:
516 741 601 810 Illyr.
620 741 699 795 Scor.
721 741 751 796 T.
774 741 805 796 V.
824 756 850 810 p.
869 743 929 794 381.

370 880 581 938 Mcceuxtv.
601 885 677 936 2284.
696 885 738 936 30.
757 882 842 935 Maii.
868 880 1030 951 Capitulum
1053 880 1185 935 ecclesiae
1208 879 1401 950 Zegrebieneie
1427 879 1570 946 notificat,

313 970 388 1040 quod
409 970 510 1024 comite
528 968 628 1024 Petrus
647 969 704 1023 tilio
723 969 834 1037 Petrilo,
854 969 968 1038 Ooyeuo
993 976 1021 1022 et
1044 968 1154 1022 Iwanne
1178 967 1242 1022 filiis
1261 967 1335 1034 wll,
1360 967 1501 1022 nobilibus
1528 967 1567 1022 de

312 1058 455 1112 Bornovez
473 1056 509 1110 ab
527 1073 582 1110 une
601 1061 687 1127 porte,
706 1053 774 1110 Wllr
793 1055 851 1110 lilio
870 1055 968 1108 Budur
987 1071 1037 1125 pro
1056 1072 1094 1121 ee,
1113 1063 1141 1110 et
1153 1053 1251 1109 Mileth
1270 1055 1327 1109 lilio
1346 1054 1448 1108 Beruih
1467 1055 1567 1110 fratris

313 1145 364 1212 eui,
384 1143 472 1198 Mutia
489 1143 547 1198 filio
565 1142 708 1199 Odomizel
735 1161 785 1213 pro
810 1159 840 1198 ee
863 1150 891 1198 et
914 1141 1028 1198 Jelrmin
1053 1142 1138 1198 fratre
1166 1159 1225 1210 eno,
1250 1143 1326 1198 lwun
1352 1141 1408 1198 lilio
1437 1143 1567 1214 Wllrota,

316 1231 438 1300 Georgio
462 1227 1015 1301 filioGoyen‚chl1eyfilioOynnmer
1039 1247 1090 1301 pro
1114 1247 1144 1285 se
1168 1237 1196 1285 et
1214 1229 1365 1285 Guerdona
1388 1231 1472 1286 fratre
1500 1249 1567 1299 suo,

314 1319 428 1388 Dregon
447 1317 505 1372 lilio
525 1317 676 1386 Ohernenh,
697 1317 800 1388 Wlltoy
818 1317 876 1372 lilio
895 1317 1051 1372 Dobroelev
1076 1333 1126 1388 pro
1152 1335 1182 1372 ee
1206 1323 1234 1372 et
1261 1317 1372 1372 chhilr
1397 1319 1481 1374 fratre
1507 1337 1565 1374 suo

311 1405 438 1460 similiter
457 1405 492 1460 de
510 1406 652 1460 Bornovez
670 1405 794 1476 cognatio
814 1405 951 1460 dictorum
970 1405 1066 1476 (loyen
1086 1412 1114 1460 et
1132 1405 1242 1460 luanus
1261 1405 1308 1475 qui
1327 1421 1356 1459 ee
1375 1407 1414 1460 sie
1443 1423 1505 1461 esee
1535 1415 1566 1461 et

312 1494 403 1548 vocari
423 1493 591 1560 deserebant,
610 1494 645 1548 ab
663 1492 750 1548 altere
768 1493 949 1564 personaliter
967 1494 1134 1560 constitutis,
1156 1493 1229 1548 idem
1255 1492 1321 1546 Wlk
1345 1499 1373 1548 et
1397 1493 1498 1548 coeteri
1527 1495 1566 1549 de

311 1586 390 1652 perte
408 1597 459 1634 sue
477 1579 596 1635 confessi
615 1582 678 1647 tint,
697 1579 772 1650 quod
792 1586 893 1636 terram
911 1581 1033 1651 ipsorum
1059 1581 1093 1636 de
1118 1579 1210 1650 Glyue
1235 1596 1298 1634 cum
1323 1580 1451 1634 omnibus
1475 1583 1565 1650 perti·

312 1667 412 1723 neutiie
430 1667 606 1723 vendiderint
623 1669 791 1724 unanimiter
810 1668 942 1739 praelatis
961 1669 1055 1724 comiti
1072 1668 1181 1735 Petrus,
1201 1667 1316 1738 Goyeno
1334 1673 1362 1722 et
1385 1667 1488 1721 Ivenus
1508 1685 1566 1738 pro

313 1756 434 1812 sedecim
452 1755 552 1810 mercis
578 1755 694 1827 singulis
717 1773 781 1811 cum
806 1757 929 1828 quinque
953 1756 1046 1826 pensis
1070 1756 1246 1810 denariorum
1269 1754 1418 1822 bonolium,
1443 1763 1567 1826 excepta

311 1843 448 1914 porticula
466 1849 554 1898 terme
572 1844 601 1898 in
620 1861 674 1914 quo
693 1851 736 1899 eet
753 1843 923 1898 monticulus
941 1845 1012 1899 situs
1030 1845 1101 1898 iuter
1119 1843 1208 1896 rivum
1226 1842 1376 1897 Lolreuech
1395 1847 1423 1897 et
1441 1849 1564 1914 puteum

311 1931 403 1986 Brailr.

366 2019 414 2072 Ec
432 2019 503 2074 actio
521 2035 570 2090 per
588 2019 691 2074 bocum
711 2018 995 2088 Kitron-Hederocry
1013 2035 1047 2072 cx
1066 2017 1177 2072 credive
1195 2017 1276 2088 requi
1294 2017 1405 2072 ablotis.
1423 2017 1460 2072 N.
1474 2017 1510 2074 R.
1527 2021 1566 2074 A

313 2107 395 2162 Fasc.
415 2109 490 2160 1533.
511 2105 548 2160 N.
569 2111 593 2160 6.

345 2246 540 2302 MOOOLXV.
559 2250 634 2300 1284.
654 2249 696 2301 30.
711 2247 793 2300 Maii.
808 2247 969 2319 Oepitulum
983 2247 1114 2302 ecclesiae
1127 2245 1319 2318 Zegrebieneie
1332 2246 1463 2312 notificet
1478 2245 1560 2315 quod

310 2351 403 2389 eomes
421 2334 522 2388 Petrus
540 2335 614 2388 liliue
633 2333 736 2388 Petrilo
754 2335 790 2388 eb
809 2351 864 2388 une
881 2341 967 2404 parte,
981 2335 1112 2405 (loyeuus
1125 2339 1152 2388 et
1165 2333 1275 2387 lwonus
1293 2333 1341 2387 lilii
1363 2331 1427 2386 Wlk
1445 2333 1561 2388 nobiles

311 2422 346 2476 de
364 2422 509 2476 Bomoneh
528 2423 563 2476 eb
581 2421 668 2477 ultera
686 2423 868 2492 personaliter
886 2422 1028 2477 constituti
1041 2421 1191 2488 retulerint,
1205 2421 1233 2474 in
1253 2421 1332 2475 terrie
1345 2421 1402 2476 suis
1415 2418 1450 2476 de
1463 2419 1562 2490 Glyna

311 2509 488 2563 divissionem
506 2516 534 2564 et
551 2510 579 2564 iu
598 2510 691 2580 alique
709 2515 787 2579 perte
806 2511 1000 2564 concambium
1019 2509 1124 2576 fecisse,
1143 2509 1182 2564 ite
1200 2509 1336 2574 videlicet,
1361 2506 1436 2578 qnod
1462 2523 1562 2584 comes

310 2597 409 2651 Petrus
428 2603 527 2652 terrum
546 2613 625 2650 suem
645 2597 741 2666 (loyen
760 2605 788 2652 et
800 2596 909 2650 Iwenue
921 2596 1025 2652 eisdem
1038 2597 1153 2666 (loyeno
1167 2605 1195 2651 et
1206 2596 1324 2661 lwenne,
1336 2595 1364 2650 hi
1378 2612 1441 2650 vero
1454 2601 1561 2650 terrem

310 2701 390 2740 enum
408 2684 567 2755 contignum
584 2685 664 2739 terrie
683 2685 791 2738 comitis
808 2684 909 2738 Petrus
937 2684 1072 2740 dederrmt
1094 2684 1183 2739 eidem
1207 2685 1301 2738 comiti
1329 2684 1436 2738 Petrus.
1462 2681 1562 2738 Metae

224 2771 225 2774 ’
311 2771 431 2838 luerunt,
449 2773 553 2842 primo:
573 2772 651 2826 loeus
670 2771 717 2826 ubi
736 2771 817 2842 palus
836 2771 942 2826 Prodor
960 2771 1035 2826 cadit
1052 2774 1080 2828 in
1099 2771 1220 2842 Glynam
1239 2777 1267 2825 et
1285 2771 1341 2825 exit
1359 2770 1394 2824 ad
1414 2769 1560 2840 quendem

311 2860 391 2914 viam.
410 2858 480 2914 Inde
498 2875 547 2928 per
565 2859 681 2914 eandem
699 2859 773 2914 viem
791 2858 826 2914 nd
846 2858 929 2914 nliem
947 2857 1076 2929 paludem
1090 2858 1262 2928 Mecinychn,
1275 2857 1341 2911 inde
1352 2873 1401 2928 per
1413 2856 1561 2927 quandem

311 2948 385 3001 viem
405 2963 477 3016 quae
496 2945 572 3002 ducit
590 2945 626 3002 ed
644 2946 716 3001 filios
735 2945 923 3017 Redovenych
941 2953 969 3000 et
987 2944 1158 3016 pervenitad
1171 2947 1259 3000 rivum
1279 2943 1379 2998 chhi.
1392 2943 1462 2998 Inde
1475 2945 1560 2999 iuxta

315 3033 412 3088 silvam
431 3033 551 3088 liliorum
569 3033 702 3088 Rcdovnn
722 3035 758 3088 ed
771 3035 909 3104 quendem
924 3041 1045 3104 puteum.
1060 3033 1129 3088 lude
1143 3049 1191 3104 per
1205 3032 1293 3086 verine
1306 3037 1393 3086 metm
1406 3030 1442 3086 ad
1454 3039 1561 3108 terrum

314 3122 441 3187 Abbatie,
460 3127 488 3176 et
506 3125 606 3176 terrum
626 3121 830 3177 cruciferorum
851 3121 885 3176 de
908 3123 982 3176 Gom
1002 3129 1029 3176 et
1047 3129 1148 3176 terrem
1167 3119 1201 3174 de
1221 3118 1347 3174 Bornoch
1375 3118 1411 3173 ed
1436 3119 1561 3190 primum

310 3214 420 3350 meta.
431 3297 502 3349 actie
520 3312 569 3366 per
588 3297 690 3349 bertum
709 3293 993 3364 then-Hcderedry
1012 3311 1045 3350 ec
1063 3295 1174 3348 archivo
1193 3293 1272 3363 requi
1291 3293 1402 3348 ablutis.
1422 3293 1458 3348 Ν.
1472 3293 1508 3348 R.
1522 3296 1561 3350 A.

309 3381 392 3438 Face.
412 3385 486 3436 1533.
507 3383 543 3436 N.
564 3385 589 3436 7.

362 3520 573 3576 MGGOLXVI.
592 3523 629 3576 Ie
648 3523 760 3576 ecclesio
778 3523 808 3576 S.
827 3523 949 3578 ‚letanie
967 3521 1000 3578 de
1017 3523 1129 3592 Duyuo.
1156 3525 1231 3576 12⁸4.
1250 3525 1293 3576 31.
1313 3521 1398 3576 elati.
1420 3521 1558 3578 Albertue

309 3624 402 3662 comeo
421 3607 544 3662 Goritiee
563 3625 597 3662 ex
616 3625 670 3662 una
689 3617 767 3680 perte
786 3617 814 3664 et
833 3610 993 3665 tibertinus
1013 3610 1183 3664 ltlnuroceno
1210 3609 1243 3664 de
1269 3609 1402 3676 Venetiie,
1426 3611 1559 3678 nuncius,

309 3701 387 3749 ector
405 3703 433 3750 et
451 3701 613 3764 procurator
637 3688 686 3766 pro
716 3695 815 3750 illustri
845 3696 956 3750 domino
982 3697 1095 3751 Andree
1123 3698 1167 3752 dei
1193 3697 1282 3768 gretie
1307 3697 1378 3751 duce
1402 3696 1562 3766 Slevouiae,

309 3789 410 3852 nepote
429 3782 496 3836 olim
515 3783 642 3837 Andreae
660 3784 733 3852 regie
753 3783 900 3852 ngnriee,
920 3791 947 3838 et
965 3791 1066 3855 nepote
1085 3785 1172 3856 ipsius
1187 3784 1346 3840 Mauroceni
1360 3783 1489 3839 avunculi
1505 3787 1561 3851 eui,

310 3867 477 3924 contrahunt
502 3870 706 3922 matrimonium
732 3887 783 3939 pro
809 3869 905 3924 eodem
932 3870 1002 3925 duce
1028 3889 1089 3925 oum
1114 3872 1195 3926 Clare
1223 3873 1279 3927 filie
1306 3872 1414 3927 comitis
1440 3871 1562 3926 Alberti.

308 3959 404 4012 Testes
423 3957 537 4011 fuerunt
555 3973 605 4028 pro
624 3958 725 4012 comite
743 3957 859 4012 Alberto
878 3958 984 4012 nobiles
1003 3959 1051 4012 viri
1080 3958 1167 4028 Hugo
1193 3960 1227 4014 de
1251 3961 1354 4030 Duyno
1382 3967 1409 4015 et
1431 3959 1562 4014 Jeoobus

310 4044 344 4098 de
363 4043 497 4114 Ragonio,
516 4050 543 4097 et
562 4059 611 4114 pro
631 4050 709 4113 parte
729 4044 807 4098 dueie
826 4045 1001 4116 supradictus
1021 4046 1181 4100 Albortiuue
1195 4047 1364 4101 Meuroceno
1383 4055 1411 4102 et
1430 4047 1561 4104 Marinus

309 4131 491 4204 Peequeligo,
517 4133 564 4202 qui
593 4133 711 4188 invicem
740 4135 937 4203 praestiterunt
962 4141 1163 4188 sacramentum
1184 4134 1334 4204 juramenti
1362 4135 1399 4189 ed
1422 4136 1509 4190 altere
1537 4154 1559 4193 s.

308 4219 453 4284 iohannis,
467 4219 532 4274 dore
551 4237 628 4290 epem
647 4227 676 4274 et
694 4237 806 4290 opernm
825 4239 874 4292 pro
894 4239 983 4291 posse,
1003 4222 1078 4292 quod
1102 4223 1275 4291 praedictum
1293 4221 1499 4277 matrimonium
1521 4225 1560 4279 le·

309 4306 406 4373 gitime
424 4315 609 4362 consumetur.
629 4306 825 4361 Praesentibus
845 4307 967 4362 Wolrico
988 4308 1022 4361 de
1041 4307 1227 4380 Rillenbergh,
1244 4309 1356 4364 Andree
1381 4309 1415 4364 de
1440 4309 1559 4369 Pennie.

311 4391 460 4446 Gebhardo
481 4392 514 4447 de
533 4393 695 4464 Elreretayn‚
713 4393 842 4450 iohanne
861 4395 949 4462 Geuo,
970 4394 1082 4448 Audree
1100 4394 1229 4460 Grusom,
1253 4397 1442 4452 Bartholomio
1462 4398 1560 4464 Gritti,

309 4478 392 4533 Petro
412 4481 552 4550 Mangono
572 4481 606 4535 de
632 4481 753 4536 Forlivio
773 4491 800 4536 et
818 4483 886 4537 aliis.
914 4481 1150 4552 Sulreeripserunt,
1169 4483 1311 4538 Ottolinue
1330 4485 1365 4539 de
1382 4485 1559 4558 luetinopoli

308 4565 432 4619 noterius
451 4574 478 4620 et
495 4567 606 4644 Morcus
625 4568 723 4622 Siboto
742 4569 898 4638 Imperielie
911 4570 1033 4623 noterius
1052 4577 1080 4624 ct
1099 4569 1205 4624 ducalis
1218 4571 1297 4626 uulae
1319 4571 1443 4626 Venetae
1456 4573 1559 4631 scribe

362 4653 459 4718 ieje:
481 4653 545 4708 Ueri.
565 4654 634 4724 dipl.
657 4657 685 4710 Τ.
710 4655 775 4710 VII.
796 4657 845 4710 cel.
866 4659 908 4710 ΙΙ.
928 4673 955 4726 p.
976 4661 1033 4709 111.
