3488 5380
741 387 889 436 auersus.
1364 345 1431 431 255

240 553 421 612 ncocnlx.
440 553 527 626 Apud
544 557 637 612 arbem
661 561 782 614 osteum.
807 557 888 612 1264.
907 558 948 610 16.
967 554 1112 610 lanterii.
1136 551 1269 610 Urbanus
1290 551 1341 610 lV.
1361 569 1435 626 papa

187 642 302 700 mandat
328 643 537 715 archiepiscopo
568 643 715 700 Goloosnsi
743 649 770 700 et
796 642 893 699 abbati
919 640 955 698 do
981 641 1098 712 Toplica
1119 641 1303 696 cisterciensis
1331 640 1435 696 ordinis

189 731 307 802 Zegrab.
325 729 468 799 dioecesis,
488 735 519 785 ut
537 731 685 786 Eventlum
700 731 865 788 canonicum
884 729 1002 800 Zugrsb.
1020 735 1049 785 et
1065 729 1243 800 capellanum
1262 727 1291 785 S.
1311 729 1437 800 episcopi

187 817 360 873 Preeuesn'ui
372 818 401 872 in
413 818 619 890 posseseionem
630 819 819 884 canonicatus,
833 816 998 890 prebendae,
1008 815 1163 886 domorum,
1176 816 1286 884 iunium,
1296 817 1435 888 pertinen·

188 905 290 960 tarum
307 905 471 961 anctoritate
490 905 642 976 pontificali
659 905 801 962 inducant.

244 1009 541 1066 dissimulasset.
560 1013 654 1082 Hesp.
674 1014 697 1067 1.
717 1015 774 1067 26n

240 1147 409 1206 Dodona.
428 1151 512 1220 Apud
532 1152 625 1207 urbem
643 1157 765 1207 veterem.
779 1153 857 1208 1264.
875 1157 920 1206 18.
938 1152 1005 1206 Jon.
1025 1149 1157 1206 Urbanus
1170 1148 1222 1205 IV.
1236 1166 1311 1221 pepe
1324 1149 1438 1204 mandat

190 1237 351 1308 praeposito
369 1241 398 1292 et
415 1237 539 1308 capitulo
558 1238 747 1310 Zagrabie'usi‚
766 1236 923 1309 quodcum
945 1238 1060 1293 fratrom
1084 1235 1280 1292 Timothaeum
1303 1235 1438 1293 orchidia·

189 1339 292 1380 conum
315 1322 350 1380 de
368 1325 437 1379 zan
455 1325 483 1379 in
502 1325 619 1381 ecclesia
643 1325 853 1398 vesprimiensi,
877 1324 1080 1381 subdiaconum
1098 1329 1126 1381 et
1144 1325 1321 1396 capellanum
1345 1340 1437 1400 sunm,

190 1409 354 1484 praefecerit
371 1411 400 1466 iu
418 1412 580 1484 episcopum
605 1419 633 1468 et
659 1419 800 1484 pastorem
824 1413 957 1468 ecclesiae
982 1411 1185 1483 Zagrabiensis,
1204 1411 1284 1468 cuius
1303 1412 1392 1466 nuntii
1411 1418 1439 1466 et

190 1491 385 1569 procuratores
415 1513 486 1570 quos
510 1499 547 1556 ad
571 1499 689 1556 eandem
713 1501 858 1556 ecclesiam
882 1499 1084 1568 destinaverat,
1111 1504 1144 1554 nt
1166 1499 1195 1553 in
1218 1498 1344 1554 absentia
1364 1497 1439 1552 illius

190 1601 286 1640 curam
304 1591 401 1656 gerent
418 1587 552 1642 ecclesiae
570 1587 736 1659 praedictae,
755 1604 811 1643 non
830 1588 940 1642 fuerant
957 1585 1085 1652 admissi;
1107 1589 1245 1656 quatenus
1259 1586 1284 1640 ei
1296 1591 1438 1656 tamquam

134 1661 140 1670 ⁵
191 1673 297 1744 pastori
316 1673 359 1728 sni
378 1672 564 1729 obedientiam
583 1673 705 1729 debitam
727 1673 892 1745 impendant
910 1679 938 1730 ot
957 1673 1035 1730 fratri
1061 1671 1202 1728 Gvalterio
1228 1673 1439 1744 poenitentiario

191 1765 219 1814 et
238 1759 384 1831 capellano
396 1760 549 1828 Pontificis,
562 1761 608 1816 cni
620 1759 694 1817 idem
706 1762 855 1834 episcopus
874 1765 903 1815 et
920 1761 981 1832 ipse
999 1776 1073 1832 papa
1085 1758 1121 1814 ad
1134 1759 1222 1830 ipsius
1235 1758 1440 1830 beneplacitum

192 1861 287 1902 curam
307 1847 440 1904 ecclesiae
457 1848 635 1916 commiserit,
653 1848 788 1904 auxilium
806 1854 834 1904 et
852 1847 974 1904 savorem
993 1851 1143 1920 praestent

249 1953 378 2008 thiscr:
396 1953 471 2009 llos.
489 1959 540 2008 oct.
559 1955 653 2024 Hunp.
672 1953 697 2009 1.
716 1957 778 2009 262.

241 2089 422 2148 DOGOLXI.
450 2093 537 2163 Apud
554 2093 649 2148 arbem
666 2097 788 2150 sturm.
808 2096 888 2148 1264.
914 2097 957 2148 23.
978 2091 1127 2149 ianuarii.
1146 2091 1278 2148 Urbanus
1296 2090 1348 2146 IV.
1367 2106 1442 2162 papa

191 2177 269 2233 fratri
287 2177 423 2236 Gualtero
439 2179 475 2234 do
494 2179 589 2236 ordine
607 2179 724 2234 benum
742 2181 881 2236 minorum
900 2179 1121 2251 poenitentiario,
1130 2178 1275 2251 capellano
1293 2183 1321 2234 et
1340 2178 1439 2233 nuntio

191 2281 244 2321 suo
263 2267 454 2338 episcopatum
475 2267 691 2338 Zagrabiensom
708 2267 737 2322 in
756 2266 947 2338 spiritualibus
966 2273 994 2322 st
1011 2266 1221 2337 temporalibus,
1244 2281 1332 2336 usque
1358 2266 1442 2322 bene·

191 2353 327 2425 placitum
345 2354 483 2410 Timotlrei
501 2355 633 2426 episcopi,
653 2353 865 2410 edminiatrandi
882 2359 1049 2426 potestatem
1067 2353 1171 2410 tribuit.

243 2458 361 2514 Forlats'
383 2459 414 2514 V.
428 2475 458 2530 p.
478 2464 540 2512 373.
560 2491 591 2501 -
614 2461 747 2516 Tltciner:
766 2461 841 2516 Mon.
859 2464 910 2516 oet.
929 2461 1021 2529 Hanp.
1041 2459 1065 2514 1.
1081 2475 1112 2528 p.
1132 2462 1195 2512 262.

246 2597 442 2656 Doocnxfl.
461 2600 548 2670 Apud
574 2601 668 2658 artem
691 2605 806 2656 veterem
827 2603 908 2655 1264.
934 2604 975 2653 11.
999 2599 1106 2655 Martii.
1131 2597 1263 2654 Urbanus
1286 2597 1338 2654 IV.
1363 2615 1438 2671 papa

192 2685 339 2741 coufirmat
363 2685 467 2742 Joanni
490 2687 684 2744 archidisconc
708 2687 849 2743 Jnuricnsi
876 2685 1021 2760 capellano
1047 2701 1100 2742 suo
1127 2691 1156 2742 et
1180 2686 1276 2756 nepoti
1303 2685 1438 2757 Stephani
1460 2702 1464 2710 ·

194 2772 321 2844 episcopi
339 2773 512 2829 Praenestini
530 2774 663 2831 collatum
681 2775 707 2830 ei
725 2791 775 2846 per
792 2773 912 2830 eundem
931 2773 1094 2845 episcopum
1112 2774 1261 2830 autoritate
1279 2772 1353 2830 sedis
1371 2791 1438 2846 apo·

193 2859 307 2916 stolicae
331 2860 585 2918 archidiaconatum
609 2862 801 2919 Zaladiensem
826 2879 877 2917 uec
900 2878 956 2917 nou
981 2861 1174 2917 canonicatum
1198 2865 1226 2916 et
1249 2859 1438 2932 praebendam

194 2963 268 3017 quos
285 2947 466 3006 Timothaeus
491 2951 640 3022 episcopus
665 2949 859 3020 Zagrabiensis
884 2949 1066 3021 promotionis
1090 2965 1158 3004 suae
1182 2951 1307 3019 tempore
1328 2949 1357 3004 in
1375 2948 1439 3005 We·

193 3035 349 3107 epn'miensi
367 3036 484 3094 ecclesia
501 3037 620 3094 tenebat.

249 3141 381 3198 Tbeiacr:
398 3143 476 3199 Mon.
495 3149 545 3199 vet.
565 3146 656 3214 Hucp.
679 3143 709 3199 Τ.
728 3146 749 3196 Ι.
768 3161 796 3212 p.
814 3147 875 3200 263.

247 3279 459 3338 DGOOLXIII.
478 3287 512 3338 1η
532 3284 627 3338 insola
645 3285 678 3339 dc
696 3284 828 3340 Bicbich.
856 3286 934 3340 1264.
951 3287 996 3338 15.
1013 3281 1123 3338 Martii.
1147 3283 1268 3338 Micheel
1293 3299 1387 3340 comes
1405 3283 1441 3341 de

195 3367 271 3424 Sana
289 3375 386 3424 notum
405 3371 479 3440 facit,
498 3371 574 3442 quod
592 3371 628 3426 de
646 3370 778 3426 mandato
806 3371 878 3441 regis
902 3369 1080 3426 medietatem
1097 3377 1186 3426 terrae
1203 3369 1239 3426 de
1257 3371 1352 3439 Krela,
1370 3373 1442 3428 sicut

195 3471 257 3512 eam
275 3456 430 3520 Pribislaus
447 3475 542 3514 comes
565 3459 652 3514 tonuit
669 3459 697 3512 in
717 3457 772 3514 vita
790 3474 850 3522 sna,
876 3457 971 3512 abbati
990 3457 1026 3512 de
1044 3457 1168 3528 Toplica,
1187 3474 1237 3529 per
1255 3457 1368 3515 fratrem
1385 3459 1442 3516 De·

195 3541 327 3600 siderium
344 3546 512 3602 monachum
531 3563 612 3602 snum
632 3546 803 3616 assignasset
815 3545 842 3599 in
856 3545 1015 3615 praesentia
1026 3545 1149 3616 episcopi
1162 3545 1303 3602 ladislavi
1315 3562 1349 3602 ea
1360 3547 1441 3602 liber-

195 3635 252 3686 tate
270 3645 326 3703 que
343 3632 436 3688 dictus
453 3633 607 3689 Pribislaus
626 3649 688 3688 eam
706 3634 803 3698 tenuit,
822 3638 850 3688 ct
867 3631 971 3688 ibidem
990 3649 1041 3704 pro
1059 3633 1202 3690 voluntate
1221 3650 1273 3689 sua
1294 3636 1440 3706 grangiam

194 3717 403 3776 aedificandam.
422 3721 578 3777 Pristaldus
596 3721 721 3778 lacobus
739 3737 833 3778 comcs
851 3719 963 3776 curialis
980 3719 1017 3776 de
1035 3719 1158 3776 Bicbich.

250 3824 550 3884 deambulasset.
574 3829 602 3884 T.
621 3827 645 3882 1.
662 3841 690 3895 p.
710 3829 770 3882 128.

247 3965 458 4024 noccuxw.
478 3969 564 4038 Apud
583 3969 677 4024 urbem
701 3974 822 4026 cetncm.
841 3971 920 4021 1264.
938 3971 980 4022 18.
998 3968 1111 4024 Martii.
1135 3966 1267 4024 Urbanus
1291 3965 1343 4023 IV.
1369 3983 1444 4040 papa

198 4051 316 4110 Urbatio
335 4056 497 4126 praeposito
514 4055 551 4110 de
569 4056 679 4126 Posega
696 4061 724 4111 ot
743 4055 838 4126 nepoti
862 4055 987 4126 episcopi
1012 4056 1184 4112 Praenestini
1209 4057 1264 4127 (ap.
1288 4056 1383 4126 legati)
1399 4071 1444 4112 ca·

196 4141 357 4198 nonioatum
375 4143 403 4197 in
422 4143 539 4200 ecclesia
557 4143 699 4212 Paduam,
718 4141 830 4198 addicit.

249 4245 348 4316 cher:
369 4249 436 4305 cod.
454 4248 524 4318 dipl.
546 4251 575 4303 Τ.
594 4249 647 4306 IV.
665 4237 719 4304 ool.
736 4248 796 4304 11L
814 4263 842 4318 p.
860 4251 924 4306 229.

249 4405 443 4463 DOOGLXV.
468 4407 504 4461 ln
528 4408 636 4462 insula:
656 4409 684 4464 S.
703 4409 799 4464 Maria
822 4408 855 4462 in
880 4405 989 4464 insula
1015 4411 1096 4463 1264.
1122 4412 1165 4463 28.
1188 4409 1272 4464 Maii.
1297 4409 1445 4480 Philippus

197 4493 425 4566 archiepiscopus
444 4493 643 4566 strigoniensis
661 4499 690 4550 et
707 4493 916 4564 Schmaragdus
939 4496 1101 4566 colocensis,
1124 4495 1270 4552 liniendus
1295 4495 1386 4559 banne
1404 4500 1445 4551 to·

198 4581 255 4637 tius
282 4581 439 4650 slavonios,
468 4582 600 4652 magister
627 4581 776 4637 Mauritius
804 4583 1009 4638 tavernicorum
1032 4583 1114 4654 regis,
1132 4583 1281 4640 Ladislaus
1305 4581 1446 4654 wcywoda

197 4669 404 4740 Transylvamie,
430 4670 564 4740 magister
585 4669 658 4724 Baas
678 4667 767 4741 judex
795 4669 897 4737 curiae,
913 4667 1022 4741 judices
1047 4667 1083 4725 ab
1108 4661 1233 4741 utrisque
1256 4669 1370 4740 regibus
1395 4685 1445 4740 pro

1326 4773 1342 4807 ἠ
