3488 5380
369 327 432 391 216
871 350 889 388 1.
912 337 1108 410 srrrursavro,

421 513 627 570 Dooxxvn.
647 517 722 568 1257.
741 517 781 567 12,
800 512 945 568 Jcncarii.
964 513 1032 568 Bclc
1049 511 1102 568 IV.
1121 529 1168 568 rex
1191 519 1288 567 notum
1302 513 1376 580 facit,
1397 513 1474 586 quod
1487 515 1614 586 hospites
1727 515 1728 578 ἒ

369 603 405 659 de
431 601 631 660 Jaztnbmm
654 603 683 657 in
708 601 841 658 comitatu
865 599 900 656 dc
927 599 1076 672 Podgorya
1095 601 1313 673 supplicaverint
1331 607 1362 656 ut
1379 601 1538 658 libertatem
1560 621 1617 674 qua

370 697 486 746 utuntur
503 690 628 760 hospites
647 688 681 744 de
706 688 818 744 Petrina
845 692 873 742 et
899 687 1040 744 Zomobur
1064 687 1104 744 cis
1131 687 1284 743 concedere
1312 687 1481 758 dignaretur.
1506 693 1616 747 Annuit

370 793 437 848 ergo
456 777 511 832 illis
529 791 586 840 rex,
605 783 637 830 ut
654 792 703 831 eos
721 775 815 830 nullus
829 773 955 845 judicum
976 781 1084 845 praeter
1102 776 1234 830 maiorem
1253 775 1334 830 villas
1359 775 1511 832 eorundem
1530 793 1614 848 quem

370 863 542 920 voluntarias
560 863 694 933 elegerint
711 861 813 917 audeat
837 860 967 924 iudicare,
992 867 1020 916 et
1044 861 1126 916 siah
1150 863 1276 932 ipsorum
1300 860 1395 933 julica
1421 879 1615 934 conquaerens

371 951 498 1006 satisfieri
516 965 572 1004 non
592 949 700 1021 poterit,
720 948 808 1020 judex
826 964 922 1004 eorum
939 949 967 1004 in
986 949 1091 1020 regiam
1109 950 1296 1020 praesentiam
1313 953 1342 1004 et
1359 967 1416 1004 non
1434 950 1507 1006 alius
1526 968 1616 1023 super

371 1039 433 1110 ipsa
451 1053 537 1093 causa
554 1036 655 1092 citatus
673 1035 775 1092 audeat
792 1033 968 1106 respondere.
990 1035 1020 1090 Si
1038 1035 1108 1090 inter
1126 1035 1203 1107 ipsos
1220 1035 1345 1106 hospites
1363 1042 1413 1092 aut
1431 1053 1480 1108 per
1498 1037 1614 1094 eosdem

369 1126 495 1197 hospites
513 1129 611 1181 contra
629 1129 774 1180 extraneos
793 1139 879 1178 causa
895 1127 971 1178 mota
988 1121 1078 1191 fuerit,
1091 1121 1188 1178 eadem
1201 1139 1257 1178 non
1270 1121 1373 1194 duello,
1387 1123 1436 1179 sed
1454 1125 1613 1183 iuramento

371 1231 405 1269 ac
423 1213 582 1268 testimunio
600 1210 751 1268 decidatur.
770 1209 801 1266 Si
819 1211 910 1266 banus
928 1210 968 1264 eis
986 1208 1022 1264 ad
1041 1209 1163 1265 valorem
1181 1209 1264 1264 unius
1282 1225 1391 1266 marcae
1415 1211 1551 1268 damam
1577 1215 1615 1268 fe·

371 1303 440 1358 cerit
457 1301 484 1355 in
503 1301 634 1372 centuplo
652 1303 788 1355 restauret
806 1300 854 1355 eis.
872 1299 977 1354 Tamen
997 1297 1071 1352 bano
1089 1311 1145 1352 non
1164 1295 1240 1352 aliud
1259 1297 1312 1351 nisi
1330 1296 1429 1354 domos
1450 1317 1516 1355 suas
1535 1317 1615 1357 occa·

372 1391 450 1444 sione
468 1388 619 1445 descensus
637 1386 704 1443 dare
722 1391 878 1454 teneamur,
900 1401 951 1457 pro
969 1385 1030 1439 ahie
1057 1399 1122 1438 vero
1146 1384 1307 1440 necessariis
1332 1387 1450 1457 preh'um
1474 1389 1620 1460 recipiant.

373 1477 404 1534 Si
414 1477 515 1546 aliquis
527 1477 652 1548 ipsorum
666 1475 742 1546 prole
756 1475 882 1541 caruerit,
895 1479 951 1528 mm
964 1474 1026 1545 ipae
1035 1473 1143 1528 vivente
1155 1487 1240 1541 quam
1253 1489 1270 1527 a
1282 1473 1394 1528 saeculo
1404 1477 1620 1547 transmigrante

373 1564 447 1620 bona
465 1579 517 1618 sua
534 1563 634 1634 cuique
652 1562 770 1617 voluerit
786 1560 874 1616 libere
891 1561 1022 1615 conferat
1042 1557 1072 1614 si
1091 1561 1154 1632 quis
1172 1559 1264 1614 villam
1282 1561 1383 1615 intrare
1412 1561 1531 1618 voluerit
1559 1581 1619 1618 mo·

373 1657 485 1707 raturus
504 1651 596 1706 omnia
614 1649 688 1705 bona
706 1665 757 1704 sua
776 1665 830 1718 qne
848 1646 973 1720 possidet
990 1647 1105 1702 liberam
1122 1646 1224 1702 habeat
1243 1645 1372 1702 omnihus
1388 1648 1540 1706 scientibus
1552 1667 1619 1706 ven·

372 1738 456 1794 dandi
469 1737 637 1804 facultatem,
657 1741 685 1792 et
702 1736 737 1791 de
755 1735 819 1792 villa
832 1733 983 1790 recendens
996 1733 1113 1790 eandem
1129 1735 1247 1790 retineat
1258 1734 1421 1792 libertatern.
1435 1735 1619 1794 Sacerdotem

375 1840 578 1896 quemcumque
596 1823 734 1878 voluerint
751 1821 778 1876 in
798 1837 876 1876 suam
895 1822 1030 1892 recipiant
1048 1822 1201 1888 ecclesiam,
1226 1821 1262 1876 de
1285 1821 1399 1877 decimis
1418 1839 1514 1878 eorum
1534 1832 1620 1896 prout

373 1929 435 1968 mos
453 1916 496 1966 est
514 1910 672 1981 hospitibus
697 1909 865 1978 ubicumque
892 1907 1069 1964 manentibus
1093 1909 1279 1980 disponentes.
1307 1909 1444 1980 Hospites
1470 1913 1618 1968 annuatim
1729 1963 1730 1966 ,

372 1999 430 2069 regi
449 2003 561 2053 centum
580 2013 681 2069 pensas
700 2012 751 2068 pro
770 1995 873 2050 tributo
886 1996 938 2050 fori
956 1996 1069 2065 triginta
1081 2012 1182 2067 pensas
1201 1997 1307 2051 solvere
1324 2001 1465 2062 tenentur;
1485 2014 1550 2053 cnm
1568 2000 1618 2055 ho-

373 2086 461 2157 spitas
471 2090 543 2140 terra
553 2101 582 2140 se
595 2083 718 2155 indigere
731 2083 860 2149 dicerent,
874 2099 922 2138 rex
935 2081 1078 2152 Stephano
1088 2082 1161 2138 bano
1174 2083 1260 2138 totius
1271 2083 1418 2138 Slavoniae
1431 2091 1459 2138 et
1471 2086 1618 2155 capitaneo

373 2173 483 2242 Styriae
501 2169 577 2226 dedit
594 2173 622 2226 in
640 2171 779 2226 mandatis
792 2175 824 2225 ut
834 2170 870 2225 de
883 2175 955 2225 terra
967 2167 1087 2224 filiorum
1100 2169 1188 2224 Ovetlr
1201 2175 1229 2224 at
1240 2169 1275 2224 de
1287 2177 1360 2225 terra
1372 2170 1492 2226 filiorum
1504 2172 1618 2228 Kundia
1729 2171 1730 2196 ¹

373 2267 401 2314 et
418 2258 454 2313 dc
471 2265 543 2314 terra
561 2257 747 2330 generationis
766 2257 924 2328 Dragualay
943 2257 1126 2328 jobagiouum
1138 2257 1221 2312 castri
1233 2255 1267 2312 de
1280 2256 1421 2327 Podgoria
1434 2262 1462 2313 st
1474 2257 1559 2314 etiam
1572 2276 1620 2316 ca-

374 2345 522 2401 strensinm
537 2345 661 2400 eiusdem
673 2344 709 2399 sd
722 2345 774 2399 tria
791 2349 883 2398 aratra
900 2343 1063 2414 assignaret
1083 2343 1137 2411 Qui
1156 2359 1204 2399 eas
1221 2344 1373 2413 assignavit
1390 2343 1444 2399 sub
1461 2344 1505 2399 his
1523 2347 1620 2402 mstis:
1729 2363 1730 2376 ³

373 2435 466 2489 Prima
484 2433 581 2504 incipit
598 2434 626 2487 in
644 2432 841 2504 septemtrione
859 2431 937 2484 iuxta
962 2447 1047 2484 unum
1072 2431 1261 2497 monticulum,
1286 2429 1386 2486 deinde
1414 2431 1562 2489 descendit
1590 2435 1619 2490 in

375 2521 494 2576 rivulum
523 2520 633 2592 Dalych
661 2525 689 2575 et
715 2518 790 2574 vadit
814 2517 850 2573 ad
878 2523 988 2589 portum
1015 2519 1169 2588 antiquam,
1194 2515 1268 2572 cadit
1294 2517 1322 2570 in
1346 2518 1465 2574 rivulum
1490 2519 1619 2576 Ohcbdin

375 2608 422 2661 nbi
447 2607 532 2662 sumit
550 2607 621 2661 filios
640 2606 750 2662 Kundis
769 2610 986 2671 commetaneos;
1011 2603 1076 2660 inde
1099 2621 1148 2676 per
1167 2603 1285 2660 eundern
1307 2603 1342 2659 ad
1371 2609 1473 2661 terram
1497 2607 1619 2663 filiorum

373 2693 478 2765 Pryba,
495 2701 523 2750 et
541 2695 615 2749 venit
632 2693 668 2749 ad
686 2699 787 2749 terram
804 2682 922 2748 filior'um
938 2691 1041 2759 Orati,
1060 2690 1160 2746 deinde
1179 2691 1215 2748 ad
1233 2691 1347 2746 fluvium
1363 2693 1503 2764 Podgoria
1522 2700 1550 2749 et
1570 2712 1620 2766 per

375 2781 494 2837 cundem
511 2781 546 2836 ad
563 2797 694 2840 maguum
713 2785 824 2852 portum
842 2781 920 2834 iuxta
937 2781 1017 2846 viam,
1038 2783 1065 2834 et
1083 2779 1225 2834 revertitur
1242 2779 1278 2834 ad
1297 2781 1424 2851 priorem.
1443 2779 1549 2836 Datum
1568 2798 1619 2852 per

375 2885 475 2924 manus
493 2869 618 2940 magistri
636 2867 782 2938 Smaragdi
801 2867 922 2922 albensis
940 2867 1091 2938 praepositi
1110 2867 1173 2921 aule
1191 2867 1414 2922 vicecancellarii.

430 2973 575 3044 originale
599 2974 725 3028 scatebat
750 2973 781 3027 in
802 2988 862 3026 mea
890 2972 1010 3041 antiquo
1037 2973 1191 3042 aelectione,
1215 2989 1290 3028 nanc
1313 2973 1344 3026 ia
1368 2973 1431 3027 bibl.
1459 2973 1618 3028 academiae

374 3061 555 3118 scientiarum
567 3061 651 3129 Zopr.
671 3061 717 3114 Ec
735 3064 910 3127 transumpto
925 3057 1045 3127 capitali
1063 3059 1215 3127 publicauit
1229 3059 1287 3113 cod.
1300 3059 1362 3128 dipl
1371 3061 1486 3128 patrem
1506 3061 1569 3115 Vll.
1587 3077 1615 3129 p.
1730 3045 1731 3056 ¹

377 3154 417 3204 60.
431 3148 476 3206 Ec
494 3149 607 3203 archivo
620 3163 686 3202 com.
706 3146 822 3212 Erdridi,
836 3161 896 3201 meo
914 3146 980 3200 iura
998 3145 1076 3214 rapui
1097 3146 1227 3200 Oroatioe
1246 3149 1268 3198 1.
1284 3162 1312 3214 p.
1334 3149 1396 3200 486.

426 3305 783 3375 Dcoxxv111.viterbi‚
797 3307 873 3358 1257.
887 3309 910 3360 6.
924 3303 1074 3359 Februarii
1087 3304 1245 3360 Alexander
1257 3303 1309 3358 1v.
1323 3319 1398 3375 papa
1414 3303 1539 3358 ministro
1553 3301 1620 3359 Pro·

374 3392 484 3447 vinciali
508 3399 536 3446 et
562 3393 696 3446 univorsis
722 3390 852 3446 fratribus
871 3390 929 3446 ord.
948 3392 1086 3446 minorum
1112 3392 1139 3444 in
1167 3391 1298 3446 Slavonia
1317 3391 1514 3462 communicat,
1542 3391 1619 3462 quod
1730 3359 1731 3402 i

375 3480 504 3536 omnihus
523 3479 624 3534 Christi
644 3477 772 3533 fidelibus
790 3495 854 3533 vere
872 3477 1077 3549 poenitentibus
1096 3483 1123 3532 et
1141 3479 1275 3532 confessis
1297 3479 1345 3548 qui
1364 3494 1460 3532 eorum
1483 3479 1616 3534 ecclesias
1730 3505 1731 3524 r

376 3567 404 3621 in
424 3565 620 3621 festivitatibus
639 3565 679 3621 st.
698 3565 838 3620 Francisci
856 3573 884 3621 et
908 3565 1021 3620 Antonii
1052 3570 1080 3620 et
1098 3581 1146 3635 per
1180 3571 1243 3620 octo
1267 3564 1326 3619 dies
1351 3557 1506 3634 sequentes
1527 3565 1620 3620 visita·

376 3655 464 3709 verint
482 3654 625 3709 annuatim
639 3657 749 3708 centum
768 3651 829 3708 dies
847 3651 881 3708 de
900 3654 1023 3707 iniuncta
1034 3651 1087 3706 sibi
1100 3651 1270 3722 poenitentia
1282 3651 1494 3708 misericorditer
1506 3651 1620 3708 relaxat.

430 3758 606 3814 Fabianict:
625 3758 721 3814 storia
740 3757 785 3813 dei
797 3757 890 3826 fratri
907 3758 1018 3814 minori.
1037 3757 1061 3812 1.
1079 3773 1107 3826 p.
1128 3759 1186 3812 tlt.

410 3915 600 3970 cccxxix.
619 3919 695 3972 1257.
709 3920 724 3968 4
748 3916 854 3970 Martii.
868 3915 936 3969 Bela
948 3913 999 3968 IV.
1013 3931 1060 3969 rex
1074 3918 1171 3968 notum
1184 3913 1257 3980 facit,
1276 3911 1352 3983 quod
1366 3913 1498 3983 magister
1509 3913 1620 3984 Tybur·

375 4005 434 4060 cius
452 4003 575 4074 phisicus
592 4003 629 4058 ab
648 4019 680 4058 eo
700 4004 869 4074 postulasset
893 4009 924 4057 ut
952 4001 1088 4072 quasdam
1112 4005 1199 4054 terras
1218 4001 1367 4055 existentes
1385 4000 1413 4054 in
1432 4001 1566 4056 comitatu
1585 3999 1622 4057 de

375 4091 565 4147 Guersenicha
575 4091 611 4146 fel
621 4097 648 4145 et
657 4091 685 4145 ol
694 4090 885 4146 Guersenicha
898 4106 930 4144 ac
943 4090 1051 4160 Stupna
1064 4087 1116 4141 sibi
1128 4087 1291 4143 confirmare
1303 4087 1472 4157 dignaretur.
1485 4087 1545 4141 lien
1558 4088 1621 4144 eius

377 4179 505 4252 precibus
523 4179 670 4234 inclinatus
689 4177 726 4234 ob
744 4195 796 4232 aua
815 4183 843 4232 et
861 4178 975 4231 fratrum
996 4192 1108 4232 suorum
1132 4176 1237 4242 merita,
1256 4174 1290 4229 de
1304 4175 1407 4245 quibus
1420 4175 1491 4229 inter
1508 4179 1619 4230 caetera

376 4267 473 4322 refert:
493 4266 564 4320 (lum
583 4266 680 4320 civitas
700 4265 872 4336 Spalatensis
891 4281 920 4319 sa
939 4281 955 4318 a
974 4265 1050 4333 regio
1069 4261 1192 4317 dominio
1217 4263 1355 4317 retrahere
1374 4261 1506 4316 niteretur
1525 4267 1552 4315 et
1571 4279 1620 4316 rex

377 4354 412 4408 ad
432 4351 624 4408 refrenandam
644 4369 739 4407 eorum
759 4352 892 4404 malitiam
910 4351 1067 4405 Dionisium
1086 4355 1153 4403 tune
1172 4349 1275 4402 bauum
1293 4349 1379 4403 totius
1404 4347 1552 4403 slavonice
1571 4349 1621 4402 mi-

378 4442 466 4508 sisset,
485 4441 631 4494 Tristanus
650 4439 733 4493 frater
752 4437 876 4492 eiusdem
892 4437 1017 4507 'fyburtii
1031 4452 1118 4506 usque
1138 4435 1172 4488 ad
1192 4441 1286 4505 portas
1299 4435 1416 4490 civitatis
1429 4435 1622 4504 approprians,

378 4527 481 4582 ibidem
501 4526 630 4583 occubuit
642 4523 993 4580 laudabiliterdimicando.
1012 4523 1078 4578 Duo
1098 4523 1179 4577 etiam
1193 4522 1290 4576 fratres
1309 4521 1369 4576 eius
1387 4523 1415 4575 in
1434 4519 1555 4576 exercitu
1574 4539 1621 4590 ge·

378 4615 465 4668 nerali
483 4614 579 4670 habito
597 4617 694 4670 contra
711 4613 842 4668 Tartarus
865 4617 930 4666 sunt
952 4611 1085 4682 perempti
1117 4607 1161 4664 Ad
1184 4608 1237 4665 hoc
1261 4609 1334 4664 idern
1360 4608 1492 4678 magister
1513 4605 1621 4678 Tybur·
