3376 5350
708 403 854 446 saonen.
1339 395 1402 460 447

158 584 233 655 quod
252 583 429 640 considerans
447 583 596 638 fidelitates
609 591 636 639 et
649 584 818 656 multiplices
830 585 981 641 famulatus
994 584 1133 641 Turdialai
1147 593 1175 640 et
1186 585 1271 642 Blasii
1285 587 1404 642 tiliorum

158 672 290 726 Grnbuch
310 672 344 726 de
363 671 463 738 Vrbas,
482 688 553 742 quos
571 673 599 726 in
618 671 732 726 diversis
750 672 973 744 expeditionibus
992 681 1020 728 et
1039 673 1204 743 praesentim
1221 675 1249 729 in
1261 691 1404 746 expugna-

158 762 232 816 tione
251 762 331 816 castri
350 760 474 814 Radialai
494 760 557 816 bani
575 759 702 827 infidelis,
722 761 857 818 Wrbazeu
876 763 975 828 vocati,
995 762 1041 817 nbi
1054 762 1138 818 iidem
1151 779 1207 817 non
1224 763 1404 818 formidantes

158 850 228 904 ictus
253 847 378 920 lapidum
403 847 648 918 frequentissimos,
673 865 724 903 nec
740 849 897 920 jaculorum
920 850 1029 905 nimbos
1054 857 1266 921 expavescentes
1290 851 1403 906 vulnera

158 939 349 992 sustinuerunt
366 936 460 992 letalia
477 937 530 992 sub
548 936 645 992 eodem
664 943 754 992 castro
772 937 886 993 viriliter
904 937 1069 1004 dimicando,
1095 938 1190 994 volone
1214 938 1299 1009 igitur
1325 955 1403 1008 prae·

158 1024 239 1079 dictis
257 1024 403 1080 Turdizlao
422 1033 449 1080 et
468 1025 560 1080 Blasio
588 1041 717 1080 occurere
741 1025 856 1095 reginali
884 1043 948 1080 cnm
972 1025 1074 1091 favore,
1103 1025 1279 1082 medietatem
1306 1025 1403 1080 tributi
1504 1098 1506 1104 Α

158 1111 302 1166 cuiusdam
326 1118 423 1182 portus
447 1129 530 1184 anper
553 1113 666 1180 Zairam,
685 1113 744 1168 also
769 1111 903 1168 Gradisca
927 1115 1087 1184 ntmcupati,
1112 1115 1160 1184 qui
1179 1131 1274 1168 versus
1299 1113 1400 1168 Wrbaz

158 1199 263 1265 transit,
281 1197 316 1252 ad
336 1199 460 1270 ipsorum
478 1207 579 1255 terram
598 1199 733 1270 Scbplatu
751 1187 885 1266 vocatam,
899 1202 978 1254 cuius
991 1200 1168 1255 medietatem
1181 1199 1316 1255 Nicolaus
1329 1201 1401 1256 lilius

156 1287 244 1341 Dezlo
263 1295 356 1342 tenere
375 1287 481 1354 dicitnr,
501 1304 565 1342 curn
583 1288 711 1342 omnibns
736 1288 901 1343 utilitatibus
920 1295 948 1343 et
964 1289 1146 1359 pertinentiis,
1169 1289 1242 1342 sicut
1265 1288 1339 1358 apud
1358 1306 1402 1344 co·

160 1376 254 1430 mitem
265 1375 416 1445 permansit
429 1375 463 1429 de
475 1373 577 1430 Wrbaa
589 1393 639 1445 pro
651 1381 775 1446 tempore
789 1378 978 1444 constitutum,
992 1377 1071 1432 duxit
1082 1373 1286 1432 conferendum.
1296 1375 1402 1431 Datum

157 1479 206 1532 per
224 1479 321 1516 manns
340 1461 366 1516 d.
386 1463 507 1532 episcopi
527 1461 832 1533 Quinqueccclesiensis
850 1464 930 1518 aulae
949 1465 1112 1519 cancellarii.
1132 1511 1134 1516 .

209 1549 257 1602 Es
276 1553 452 1617 transumpto
471 1549 600 1603 Andreae
624 1549 684 1604 III.
708 1551 970 1621 repisdca.1297.
990 1555 1031 1606 15.
1050 1551 1104 1608 kal.
1125 1551 1205 1606 Febr.
1227 1551 1302 1622 crin.
1324 1569 1400 1624 perp.

165 1637 196 1690 in
216 1653 273 1690 meo
292 1635 456 1691 collectione.

209 1795 402 1850 MDLXXIV.
431 1797 506 1850 1295.
534 1795 678 1851 lohannes
705 1796 779 1851 lilius
809 1796 928 1852 Dionisii
957 1797 1095 1868 quondam
1124 1797 1247 1868 palatini,
1272 1799 1403 1868 magister

156 1886 347 1956 pincernarum
368 1883 495 1939 dominae
514 1885 623 1954 reginae
643 1885 754 1938 maioris
772 1890 801 1938 et
820 1901 912 1938 comes
931 1883 1145 1954 vesprimiensis
1169 1885 1301 1951 notificat,
1326 1886 1401 1956 quod

155 1977 243 2027 totam
262 1979 362 2026 terram
381 1987 459 2026 snam
484 1971 512 2024 in
538 1972 678 2042 provincia
702 1971 858 2026 Godoucha
885 1971 1057 2044 (Moroucha)
1077 1974 1248 2040 existentem,
1276 1973 1403 2044 Nespesa

156 2065 291 2122 vocatam,
310 2075 373 2112 cnm
391 2067 463 2114 terra
482 2075 565 2129 qnam
590 2060 666 2129 prins
690 2058 842 2128 Gregorius
866 2059 1033 2130 possidebat,
1052 2077 1121 2130 quas
1145 2062 1223 2132 prins
1237 2060 1403 2120 ,contulerat

159 2147 248 2202 Paulo
279 2153 306 2200 et
330 2146 387 2200 tilio
415 2145 507 2200 fratris
535 2147 577 2200 sui
605 2145 739 2212 Fabiano,
757 2147 900 2202 remittens
927 2147 952 2200 ci
980 2147 1073 2202 omnia
1098 2147 1200 2202 offensa
1219 2153 1247 2202 et
1265 2163 1402 2214 excessus,

155 2235 256 2304 quibus
284 2238 379 2288 contra
412 2251 475 2288 eum
505 2241 667 2300 excesserat,
696 2233 809 2288 donavit
836 2233 926 2289 eidem
945 2234 1034 2290 Panlo
1059 2241 1087 2289 et
1110 2234 1184 2290 dicto
1206 2234 1334 2290 Fabiano
1353 2253 1404 2305 pro

158 2321 286 2376 fidelibus
310 2323 431 2377 serviciis
456 2329 580 2394 tempore
604 2321 690 2392 patris
718 2323 761 2376 sni
786 2324 904 2394 peractis
934 2329 962 2378 et
989 2322 1072 2378 modo
1101 2323 1245 2378 renovatis.
1264 2322 1315 2376 Hii
1338 2329 1403 2378 sunt

158 2411 339 2464 commetanei
365 2415 454 2464 terrae
478 2409 627 2480 Nespisae.
647 2409 682 2464 ab
707 2409 811 2465 oriente
837 2409 983 2464 Mathaeus
1007 2409 1080 2464 tilius
1108 2410 1221 2464 Endure
1245 2411 1361 2477 comitis,
1386 2429 1403 2464 a

156 2497 271 2551 meridie
294 2496 420 2552 homiues
445 2497 479 2551 de
506 2497 628 2565 Drenua,
651 2499 687 2552 ab
716 2498 859 2552 occidente
886 2497 953 2551 Ivan
978 2504 1006 2552 et
1032 2497 1141 2564 Joank,
1166 2515 1183 2552 a
1207 2499 1402 2567 septemtrione
1508 2497 1511 2503 '

155 2583 281 2638 homines
309 2584 343 2638 ds
367 2583 451 2638 Peser
469 2585 611 2654 superiori.
639 2584 671 2639 ln
700 2585 848 2638 medietate
874 2585 964 2638 minor
987 2583 1053 2640 villa
1077 2585 1168 2640 Peser.
1188 2583 1351 2640 Praesentes
1374 2591 1402 2640 et

156 2673 339 2726 assentientes
366 2671 478 2725 fuerunt
504 2671 628 2726 Jacobns
654 2671 728 2725 filius
756 2671 892 2740 Beriwoy‚
917 2670 1010 2742 Philip
1035 2671 1108 2725 lilius
1138 2670 1250 2740 Kayan,
1283 2671 1401 2742 Petbylo

155 2760 229 2814 tilius
250 2758 363 2824 Paulus,
391 2757 459 2812 loon
485 2758 519 2812 de
549 2759 653 2826 Monte,
677 2758 770 2813 Joank
794 2757 868 2811 lilius
894 2757 1017 2828 Nepput,
1043 2757 1184 2828 Bogdoslo
1207 2758 1281 2812 tilius
1306 2757 1399 2826 titane,

59 2909 61 2912 ,
155 2845 173 2902 J
176 2846 299 2902 ohannes
312 2845 386 2900 filius
401 2843 566 2913 Wechezlai‚
580 2846 691 2900 Marcus
704 2846 823 2915 Laznog,
837 2844 933 2898 Budur
942 2845 1018 2898 tilius
1032 2845 1154 2912 Gurdus,
1167 2845 1256 2900 Panlo
1276 2845 1399 2901 Ohurtan

157 2935 257 2989 comite
277 2933 428 2988 castellano
447 2933 482 2988 de
500 2934 650 3000 Zeltitna,et
669 2931 767 2987 Poulra
786 2933 820 2986 de
839 2931 968 2986 Phihuna
993 2932 1143 2988 castellano
1168 2935 1275 2988 comite.
1294 2933 1398 2988 Datum

156 3037 206 3092 per
223 3037 322 3075 manns
340 3023 463 3092 magistri
484 3021 605 3076 Corardi.

211 3108 259 3162 Ec
278 3114 456 3180 transumpto
473 3109 577 3177 Mykclt
597 3109 663 3162 bani
683 3109 768 3160 totins
781 3107 932 3162 Slononiuc
950 3107 983 3162 ‹lc
1002 3125 1078 3162 necno
1092 3111 1168 3163 1342.
1182 3109 1213 3161 in
1230 3125 1399 3180 pergnrucnu

156 3211 217 3248 cant
234 3195 328 3266 sigillo
341 3196 480 3267 pendenti.
501 3198 538 3250 In
559 3213 616 3250 mco
635 3195 798 3250 collectione.

210 3354 391 3410 MDLXXV.
410 3358 485 3410 1295.
505 3353 640 3426 Magister
657 3356 799 3411 Tiburtius
816 3357 892 3426 legat
904 3358 933 3410 in
946 3361 1109 3426 perpetuum
1135 3356 1254 3414 claustro
1272 3355 1399 3410 Heremi-

154 3449 245 3497 tarnm
265 3442 296 3496 B.
316 3443 354 3496 M.
373 3442 409 3497 V.
430 3442 464 3498 de
483 3441 588 3512 Garigb
607 3443 771 3513 particulam
796 3451 883 3498 terrae
908 3445 989 3498 nnius
1008 3444 1097 3510 aratri,
1120 3444 1200 3498 alteri
1223 3449 1311 3498 terrae
1335 3443 1399 3498 hae-

154 3529 270 3584 ditariae
288 3547 309 3584 s.
330 3531 479 3601 Augustini
499 3530 533 3585 de
552 3530 658 3600 Garigh
677 3533 845 3602 contiguam,
864 3539 947 3601 atque
966 3532 1001 3586 de
1019 3532 1191 3602 possessione
1220 3547 1270 3585 sua
1290 3530 1398 3601 Stupna

153 3618 182 3670 in
201 3617 378 3672 Guerzenche
397 3619 491 3672 habita
505 3620 633 3681 excisam,
647 3635 709 3672 cum
722 3619 817 3682 vineis,
831 3621 993 3688 cunctisque
1006 3621 1165 3690 pernentiis,
1178 3619 1261 3672 solvis
1275 3625 1397 3672 attamen

151 3703 254 3760 loanni
273 3713 300 3759 ct
319 3705 436 3760 Nicolao
455 3705 602 3775 nepotibus
620 3706 677 3758 suis
695 3705 795 3759 exinde
813 3707 1020 3776 obtingentibus
1039 3707 1219 3776 portionibus.

203 3794 251 3846 En
270 3795 341 3846 actis
360 3795 522 3846 monasterii
540 3793 573 3846 alc
594 3793 701 3862 Goriplt
720 3793 801 3847 Fen.
821 3794 845 3846 1.
866 3794 917 3848 Nr.
936 3797 961 3848 b'.
981 3794 1149 3864 perbonam
1170 3791 1396 3846 Klaucn-Hccler-

154 3879 220 3949 vciry
239 3897 252 3934 e
270 3883 349 3951 regni
367 3883 478 3934 arclrtco
497 3881 608 3935 oblcrtis.
1092 3889 1097 3902 ·

153 4036 162 4054 ⁸
203 4038 397 4092 MDLXXVI.
416 4041 492 4092 1296.
510 4043 553 4093 26.
573 4040 730 4094 Februarii.
750 4041 876 4095 Andreas
899 4041 949 4096 Ill.
975 4057 1022 4094 rex
1042 4041 1186 4096 coufirmat
1204 4040 1296 4096 omnia
1314 4039 1396 4110 privi-

151 4125 224 4196 legia
241 4132 269 4180 et
287 4128 474 4196 possessiones
493 4125 607 4182 collatas
626 4129 792 4182 monasterio
812 4130 836 4182 b.
851 4127 956 4182 Mariae
975 4128 1009 4182 de
1027 4129 1142 4200 Toplica
1160 4127 1228 4192 (ord.
1248 4127 1395 4194 Cistercit.)

150 4229 200 4284 per
218 4231 297 4283 reges
315 4214 454 4268 Andream
474 4213 519 4280 Il.,
539 4215 633 4268 Belem
652 4215 711 4282 1v.,
731 4215 902 4286 Stephanum
922 4223 949 4270 et
968 4215 1126 4270 Ladislsrun
1153 4215 1202 4270 IV.
1223 4215 1328 4268 Datum
1347 4231 1396 4285 per

154 4317 252 4354 manus
271 4302 356 4371 patris
375 4301 512 4355 Theodori
532 4303 654 4372 episcopi
673 4301 827 4357 lauriensis
845 4303 925 4358 aulae
943 4303 1168 4358 vicecancellarii.

206 4387 334 4442 Tentata.-
352 4389 430 4442 Mon.
452 4389 528 4442 Hist.
552 4390 579 4442 Τ.
601 4390 624 4442 Ι.
643 4406 670 4459 p.
688 4393 748 4443 237.

202 4545 410 4600 MDLXXVH.
439 4551 513 4600 1296.
546 4549 642 4602 Mense
669 4551 785 4603 Martio.
816 4549 949 4603 Nicolaus
977 4549 1152 4619 praepositus
1180 4555 1207 4603 et
1238 4549 1390 4619 cnpitrdum

150 4633 281 4688 ecclesiae
301 4633 605 4704 Quinqueecclesiensis
618 4637 767 4704 notificant,
781 4636 857 4707 quod
872 4637 1002 4708 magister
1014 4636 1182 4691 Benedictus
1195 4635 1267 4690 filius
1288 4635 1395 4690 comitis

151 4719 259 4776 Nicolai
281 4721 314 4776 de
333 4721 406 4794 Saag
424 4723 562 4794 quandam
582 4724 784 4794 possessionem
802 4725 838 4779 ab
856 4725 970 4796 antiqno
994 4741 1117 4796 uacuam,
1136 4723 1339 4780 habitatoribus
1363 4723 1393 4778 in
