3480 5356
630 443 632 450 .
693 408 838 452 susurra.
899 451 903 458 ,
1301 382 1383 448 ete

143 576 276 633 Waeksm
296 577 374 632 iuxta
391 575 529 643 Dravvam,
549 591 621 647 quse
642 579 686 632 set
705 575 776 632 inter
792 574 992 644 Ungariamet
1013 574 1217 641 Schhvomm,
1240 587 1314 644 quae
1330 574 1384 644 pri·

141 665 241 736 vilegis
267 664 328 736 ipss
346 679 394 718 rex
412 663 565 720 confirmat.

197 769 321 826 mute:
340 771 413 825 non.
431 769 495 824 tes.
514 772 537 822 r.
552 785 583 838 p.
603 772 665 822 rer.

196 909 391 966 arcemn.
412 912 491 964 1277.
509 908 658 964 Ladislsus
677 907 726 964 tv.
755 923 805 964 rex
832 908 965 977 notificat,
984 908 1059 979 qnod
1086 925 1150 964 cum
1174 910 1305 980 magister
1330 909 1385 965 Ge-

143 997 241 1054 rardus
266 997 360 1053 tisicus
387 997 468 1067 regie,
496 997 639 1052 universas
666 997 858 1068 possessiones
890 1013 956 1052 suas
974 1003 1101 1052 etenum
1129 997 1329 1068 patrimonium
1347 997 1383 1052 ad

144 1085 266 1156 regalem
283 1085 407 1140 confisus
426 1083 629 1156 providentiam
647 1101 698 1156 pro
716 1083 784 1139 Bela
804 1099 865 1151 avo,
891 1090 919 1139 et
944 1083 1088 1154 Stephano
1116 1089 1194 1154 patre
1220 1084 1383 1154 reliquisset,

144 1178 172 1229 et
190 1172 302 1228 eosdem
321 1173 349 1227 in
368 1171 441 1228 bona
460 1171 595 1244 sospitate
613 1177 812 1239 conservasset,
831 1188 864 1227 ac
882 1171 996 1227 demum
1014 1172 1087 1227 cirea
1105 1171 1195 1243 ipsius
1213 1172 1287 1242 regis
1307 1189 1383 1244 prse-

144 1259 327 1316 servatiouem
345 1265 373 1314 et
390 1277 486 1314 curam
503 1275 568 1316 cnm
587 1260 662 1314 omni
680 1259 787 1315 fervore
808 1259 950 1316 fidelitatis
975 1259 1105 1330 periciam
1129 1275 1197 1314 suae
1222 1260 1289 1314 artis
1307 1260 1384 1316 enhi-

145 1349 259 1416 buisset,
278 1348 407 1420 quocirca
425 1347 515 1403 eidem
533 1351 635 1404 terram
652 1349 735 1403 castri
754 1347 834 1420 Zagr.
854 1347 983 1404 Tornovs
1000 1347 1125 1415 contulit,
1143 1352 1172 1401 et
1190 1348 1283 1418 ipsum
1301 1348 1385 1403 etiam

145 1439 173 1492 in
191 1435 362 1507 corporalem
380 1435 558 1507 posseionem
575 1435 666 1491 dictae
684 1438 782 1504 terrac,
802 1435 919 1490 consilio
938 1441 966 1490 ct
985 1451 1124 1490 concensu
1142 1434 1296 1505 Iohachyni
1320 1434 1385 1490 bani

146 1524 232 1580 totius
252 1522 399 1578 Slsvoniae
417 1539 467 1593 per
484 1523 649 1594 magistrum
668 1521 847 1578 M‘snfredum
865 1522 1005 1577 hominem
1029 1523 1136 1593 regium
1155 1519 1209 1576 sub
1227 1523 1384 1579 testimonio

145 1627 207 1682 cap.
224 1611 305 1680 Zagr.
323 1609 388 1664 lecit
409 1609 555 1666 introduci.
581 1608 670 1678 Cujus
693 1614 783 1666 terrae
810 1615 884 1665 mets
908 1610 1003 1682 incipit
1030 1626 1047 1665 a
1072 1615 1150 1681 parte
1175 1608 1385 1666 meridionalia

147 1697 269 1770 quadam
288 1697 385 1753 arbore
403 1697 489 1768 ylicls,
514 1703 542 1752 et
566 1695 706 1768 protendit
730 1714 779 1769 per
803 1697 943 1768 quendam
967 1697 1087 1752 rivulum
1114 1714 1211 1754 versus
1240 1699 1385 1754 ecclesiam

150 1787 231 1842 sitam
258 1786 415 1841 inhonore
439 1785 552 1856 virginis
580 1785 718 1856 gloriosae
743 1789 771 1841 et
791 1802 840 1856 per
867 1785 956 1840 varias
984 1792 1073 1841 metas
1099 1785 1230 1842 arboreas
1249 1785 1323 1842 venit
1349 1786 1385 1842 ad
1425 1857 1428 1864 .

146 1890 276 1944 magnam
293 1873 365 1928 viam
384 1877 412 1928 et
430 1889 480 1944 per
497 1873 612 1928 alterurn
636 1872 710 1928 viam
734 1872 770 1928 ad
793 1889 896 1944 aquam
920 1873 1042 1944 Blizyna,
1069 1891 1226 1946 perquam
1253 1875 1327 1930 venit
1348 1873 1385 1930 ad

144 1960 285 2032 quandem
302 1960 375 2015 viam
394 1977 443 2032 per
461 1976 545 2031 quam
563 1959 689 2016 ascendit
714 1977 799 2032 supra
821 1961 849 2016 in
873 1966 1004 2030 montem,
1029 1965 1057 2018 ct
1079 1960 1232 2019 descedens
1257 1962 1386 2035 pervenit

143 2049 180 2104 sd
197 2049 323 2120 primam.

199 2152 323 2209 deame:
342 2155 416 2209 Mors.
434 2154 497 2210 liet.
521 2156 550 2210 Τ.
568 2155 593 2209 1.
610 2169 638 2221 p.
657 2157 715 2210 188.

199 2311 392 2368 ΜΟΟΧΧΝ.
410 2316 486 2367 1277.
514 2311 677 2368 Elisabetha
700 2312 796 2382 regins
821 2313 952 2382 notificat
977 2313 1052 2385 quod
1076 2314 1256 2370 consideratis
1281 2315 1384 2370 meritis

148 2407 175 2456 ct
193 2401 311 2455 servitiis
328 2400 453 2470 magistri
472 2399 596 2455 Aladarii
624 2399 672 2454 filii
701 2399 821 2469 Ohcche,
850 2418 922 2472 quac
948 2419 966 2456 a
993 2401 1140 2472 primaevis
1168 2402 1291 2473 pocritae
1319 2417 1386 2456 suae

149 2489 229 2544 annis
247 2487 360 2544 domino
379 2487 462 2544 Belae
483 2505 579 2544 socero
598 2505 650 2544 suo
669 2495 696 2544 et
714 2488 893 2560 postrnodum
920 2488 1064 2560 Stephano
1088 2490 1210 2545 consorti
1235 2505 1286 2544 suo
1310 2488 1386 2544 exhi·

151 2576 265 2645 buissct,
284 2583 384 2632 terram
403 2575 590 2646 Aryauicham
602 2577 630 2630 in
642 2577 775 2632 comitatu
788 2577 823 2632 do
834 2577 954 2646 Posoga,
973 2593 1055 2648 quam
1068 2578 1166 2632 Petrus
1179 2577 1253 2632 tilius
1266 2575 1386 2633 Ohslcus

147 2663 182 2720 de
206 2663 356 2720 donatione
371 2663 447 2734 regis
464 2663 584 2732 tenebat,
603 2663 652 2720 sed
672 2664 731 2720 sine
747 2663 866 2720 haerede
883 2663 1022 2720 decedens
1048 2663 1083 2720 ad
1107 2681 1206 2720 manus
1230 2665 1321 2736 regias
1339 2663 1385 2720 de·

143 2752 244 2816 :voluta
262 2755 312 2819 est,
331 2767 384 2822 que
402 2749 456 2822 ipsi
475 2750 609 2806 Aladario
628 2751 716 2822 primo
734 2767 784 2822 per
803 2767 921 2820 socrum,
938 2753 1050 2822 reginae
1071 2753 1189 2808 Mariam
1207 2753 1331 2824 reginam
1350 2769 1386 2808 ax

149 2855 286 2894 consensu
303 2839 376 2908 regis
394 2839 486 2908 Belas‚
505 2839 609 2894 donata
626 2843 654 2894 et
671 2855 720 2910 per
738 2838 845 2908 Regem
857 2837 1019 2894 Ladislaum
1032 2844 1127 2910 erepta
1145 2839 1242 2908 suerat,
1259 2839 1295 2895 dc
1313 2855 1386 2896 novo

148 2925 243 2994 donar,
261 2925 460 2998 possidendam
478 2943 511 2982 ea
529 2925 727 2982 consvetudine
745 2932 773 2982 et
790 2925 918 2982 libertato
937 2927 1039 2998 quibus
1056 2926 1175 2982 aliorum
1197 2927 1331 2983 nobilium
1351 2926 1386 2982 de

147 3013 258 3084 Posoga
275 3013 311 3069 dc
328 3030 428 3084 genere
447 3013 578 3085 quondan
597 3013 704 3086 Borych
723 3013 788 3069 bani
807 3014 999 3087 possessiones
1017 3013 1201 3085 possidentur.

204 3119 280 3191 osup.
310 3121 417 3176 memte
445 3121 477 3175 io
504 3121 575 3176 actu
599 3137 651 3190 per
677 3119 779 3177 bouum
805 3120 1084 3192 Klucu-Hedcrucry
1111 3135 1145 3176 eu
1171 3119 1283 3176 arctico
1309 3121 1388 3190 regui

148 3205 258 3264 ablotis
275 3209 314 3264 N.
332 3209 367 3264 B.
385 3210 417 3262 A.
437 3210 517 3264 Foec.
536 3211 613 3264 1532.
631 3211 665 3262 N.
683 3211 726 3263 35.

203 3365 380 3424 MGOXXV.
399 3371 481 3424 1277.
502 3367 662 3439 Capitulum
680 3365 813 3422 ecclesiae
831 3365 1025 3436 Zagrabiensis
1045 3367 1189 3438 significat,
1205 3367 1281 3438 quod
1293 3384 1387 3426 comes

114 3443 118 3450 ’
153 3454 269 3510 Gardun
294 3455 366 3512 lilins
390 3455 507 3512 Gardun
525 3471 589 3510 cum
611 3455 695 3510 fratrc
712 3452 858 3510 Wlkoalao
876 3453 912 3509 ab
930 3471 987 3510 una
1005 3459 1091 3526 parte,
1110 3460 1137 3510 et
1157 3453 1295 3526 Georgius
1313 3455 1387 3511 filius

151 3543 270 3598 Brsniclr
288 3559 351 3598 cum
368 3542 460 3612 Mul,
479 3543 557 3613 Fyle,
569 3541 644 3608 Seli,
656 3541 718 3611 Ete,
728 3541 838 3597 Prohan
851 3547 879 3596 et
892 3542 969 3598 Pons
980 3541 1111 3598 fratribus
1125 3543 1180 3598 tals
1192 3543 1385 3598 concambium

149 3631 219 3686 inter
237 3647 267 3686 se
285 3629 435 3699 inivirssnt,
454 3629 583 3686 videlicet
600 3627 676 3700 quod
703 3629 843 3700 Georgius
862 3633 889 3684 et
906 3629 1004 3685 fratres
1029 3631 1071 3686 sui
1089 3635 1189 3686 terram
1215 3631 1340 3702 ipsorum
1358 3631 1385 3684 in

149 3719 238 3790 cupite
255 3718 336 3774 Lona
353 3718 524 3784 existentem,
541 3733 606 3772 cum
623 3720 714 3772 castro
738 3717 766 3770 in
792 3717 889 3773 eadem
912 3723 984 3774 terra
1008 3722 1036 3773 st
1060 3717 1189 3774 omnibus
1213 3718 1385 3790 pertiuentiis

150 3807 331 3862 contulissent
348 3805 443 3860 comiti
461 3804 577 3860 Gardun
596 3808 624 3859 et
642 3803 702 3860 sius
720 3804 797 3860 fratri
818 3805 965 3861 Wllrozlao
988 3806 1047 3862 iure
1070 3810 1213 3878 perpetuo,
1237 3806 1265 3860 hi
1289 3810 1385 3862 autem

149 3895 206 3950 duo
224 3893 321 3948 fratres
339 3891 375 3948 de
398 3909 536 3948 consensu
561 3893 752 3964 proxim0rum
777 3907 892 3949 suorum
914 3891 1051 3949 dederunt
1074 3899 1129 3949 tres
1153 3894 1234 3950 villas
1258 3895 1383 3963 ipsorum

151 3981 290 4048 Vztricha,
308 3980 452 4036 Prienicha
469 3985 497 4035 et
515 3980 625 4036 Bisicha
637 3979 784 4052 praedictis
800 3979 921 4051 Georgio
934 3985 962 4036 et
973 3980 1113 4049 fratribus,
1127 3982 1232 4052 etquis
1245 3979 1385 4051 possessio

151 4071 265 4124 istorum
285 4068 373 4124 maior
397 4075 463 4136 erat,
491 4067 743 4140 superaddiderunt
760 4067 876 4123 Garduu
900 4073 929 4124 et
952 4069 1051 4125 fratres
1075 4069 1136 4140 ejus
1160 4067 1252 4123 adhuc
1276 4065 1387 4137 triginta

148 4171 255 4212 marcas
273 4155 448 4212 denariorum
465 4155 615 4212 banalium.

200 4262 249 4317 Ec
267 4261 380 4318 arctico
398 4262 531 4318 comacli
549 4261 683 4318 Budeuei.
706 4261 828 4316 Wcusel:
850 4261 915 4318 ch.
934 4260 1004 4331 dipl.
1023 4260 1128 4330 Arpod.
1147 4259 1199 4314 lX.
1218 4263 1279 4314 183.

201 4373 396 4475 Mconxvl.
415 4423 505 4476 1277.
518 4420 679 4475 Conventus
700 4418 861 4474 monasterii
885 4433 906 4472 s.
932 4417 1022 4488 Egidii
1047 4415 1082 4472 de
1107 4415 1231 4488 Symig‘io
1259 4413 1388 4481 declarat,

148 4507 290 4579 quomodo
308 4523 401 4562 comes
418 4506 563 4563 lohannes
585 4505 659 4561 filius
683 4506 769 4577 lseph
792 4507 829 4562 ab
855 4523 911 4561 una
937 4510 1014 4576 parte
1036 4522 1100 4560 cnm
1118 4503 1212 4559 Zenlre
1238 4503 1295 4557 filio
1320 4501 1387 4570 Bed,

155 4595 174 4652 J
175 4596 267 4651 osnka
285 4594 342 4652 filio
361 4595 486 4667 Kuprsn‚
497 4593 614 4651 Nicoluo
627 4593 685 4650 filio
697 4593 778 4665 Tpne
791 4594 887 4650 Benke
898 4593 956 4650 filio
968 4592 1095 4661 Emerici,
1106 4591 1190 4648 Petro
1202 4590 1259 4646 filio
1271 4590 1387 4662 Pyntek,
