3376 5350
654 493 799 538 assasse.
1285 485 1349 554 389

102 675 170 732 olim
188 675 275 732 abbas
292 675 452 730 monasterii
471 693 492 732 s.
511 673 628 732 Joannis
648 675 682 732 de
700 677 845 748 Tragurio,
864 684 941 733 actor
959 683 987 734 et
1005 684 1168 750 procurator
1193 678 1348 734 communis

103 767 220 836 Tragur.
240 769 408 836 protestatus
427 771 469 820 est
487 765 515 818 in
533 766 690 836 praesentia
714 764 817 820 domini
843 767 906 820 bani
926 765 1007 820 Pauli
1027 765 1199 836 fratrumque
1223 781 1346 834 suorum,

100 859 130 907 et
148 853 266 907 aliorum
285 852 436 906 multorum
455 852 592 908 nobilium
606 859 633 908 et
646 854 856 924 magistratuum
873 851 1020 908 Slavoniae
1033 852 1137 909 ibidem
1150 853 1347 925 praesentium,

99 957 184 1011 super
203 939 277 994 sacto
297 955 361 994 vero
381 939 586 1012 Spalatensium
605 947 633 995 et
651 939 878 1009 Sibenicenaium,
897 941 973 1012 quod
997 948 1055 997 tam
1083 958 1132 1012 per
1156 958 1240 1006 mare,
1264 957 1348 1012 quam

99 1045 150 1099 per
168 1035 270 1083 terram
289 1028 365 1098 ipsae
384 1029 597 1083 communitates
616 1043 679 1082 oum
702 1029 824 1084 exercitu
849 1035 877 1084 et
900 1036 1006 1086 armata
1029 1047 1114 1084 manu
1139 1029 1276 1084 hostiliter
1302 1045 1345 1084 va·

98 1117 214 1171 niebant
232 1121 261 1170 et
279 1115 418 1171 civitatem
437 1115 603 1185 Tragurium
623 1115 761 1172 offenders
780 1116 970 1185 intendebant,
989 1117 1066 1172 nulla
1084 1117 1242 1172 rationabili
1261 1133 1345 1172 causa

99 1203 309 1270 interveniente,
328 1205 392 1272 quie
412 1203 509 1258 civitas
527 1221 636 1275 semper
653 1202 715 1272 fuit,
735 1210 762 1259 et
782 1211 832 1273 est,
857 1211 885 1260 et
908 1221 968 1260 esee
991 1205 1051 1260 vult
1068 1207 1097 1260 in
1115 1220 1242 1276 espace,
1262 1221 1346 1274 quam

99 1291 167 1344 olim
187 1289 295 1345 nobiles
319 1291 370 1345 riri
396 1291 511 1358 (iudices
536 1291 704 1360 arbitri...)
724 1291 758 1346 ds
782 1291 869 1347 Jadra
894 1293 1136 1348 sententiaverunt.
1162 1291 1199 1346 Et
1222 1291 1287 1362 quia
1311 1291 1348 1346 ad

97 1377 171 1432 hanc
191 1379 416 1450 protestationem
436 1379 559 1433 civitates
578 1377 749 1450 spalatensis
762 1385 790 1433 et
802 1377 987 1435 Sibenicensis
1005 1380 1124 1436 breviter
1143 1379 1347 1451 responderunt

98 1465 174 1520 dioto
193 1465 337 1536 Gregorio,
357 1463 434 1536 quod
452 1465 558 1520 nullam
577 1483 674 1537 pacem
688 1483 777 1536 neque
796 1474 907 1537 pactum
926 1468 1086 1538 appositum
1105 1483 1169 1522 cum
1186 1465 1346 1538 Tragurinis

96 1552 241 1607 attendere
264 1568 315 1607 nec
341 1552 486 1608 observare
511 1553 602 1622 velint,
627 1555 684 1608 imo
708 1552 804 1608 odium
828 1560 857 1609 et
879 1571 1006 1626 guerram
1025 1555 1130 1622 volunt,
1159 1553 1347 1624 interpellavit

97 1639 190 1694 dictare
207 1639 359 1710 Gregorius
371 1639 398 1695 d.
409 1657 510 1710 regem,
521 1640 557 1694 ad
568 1641 704 1695 cautelam
715 1641 781 1696 dicti
791 1643 945 1696 communis
961 1642 1151 1714 Tragurieneis
1160 1641 1226 1698 facit
1235 1639 1346 1716 publice

97 1728 170 1782 hanc
188 1727 423 1798 protestationem.
442 1727 574 1784 Albertus
595 1729 736 1800 quondum
755 1727 862 1784 Millaui
882 1728 916 1785 de
934 1729 1032 1784 Padus
1050 1729 1155 1784 domini
1168 1727 1243 1784 Petri
1262 1728 1347 1784 Canis

99 1814 223 1869 notarius
241 1813 366 1869 interluit
384 1821 412 1870 et
430 1815 547 1885 scripsit

150 1901 272 1956 Larcius:
292 1901 376 1956 Mem.
396 1901 426 1954 di
442 1901 526 1955 Trou.
542 1919 572 1970 p.
592 1905 650 1956 114.

133 2041 329 2098 Mccoxnv.
349 2041 496 2114 Tragurli.
515 2045 591 2096 1283.
610 2045 635 2094 3.
654 2041 736 2098 Julis'.
755 2043 938 2115 Temporibus
957 2043 1079 2101 Ladislai
1103 2043 1153 2100 IV.
1172 2044 1252 2115 regis,
1274 2043 1342 2099 Gre-

97 2129 168 2198 gorii
188 2130 311 2200 episcopi
329 2129 528 2200 Traguriensis,
547 2129 686 2183 Francisoi
700 2130 735 2186 de
748 2129 865 2187 salerne
878 2135 1032 2203 potestatis,
1051 2131 1153 2190 Stauus
1172 2133 1207 2188 de
1227 2131 1341 2186 Varicas

98 2219 133 2271 de
152 2215 247 2284 Jadra,
267 2217 419 2271 Daminnus
437 2216 512 2270 iilius
537 2216 597 2270 eius
616 2223 644 2270 et
662 2215 756 2272 Simon
776 2217 811 2272 de
830 2257 927 2287 ......
946 2217 1066 2274 Michael
1093 2219 1128 2274 de
1146 2219 1290 2275 Clemente
1308 2219 1343 2274 de

94 2304 190 2373 Jndrn,
210 2305 365 2358 Damianos
384 2305 418 2358 de
437 2303 492 2356 Pr.
507 2344 513 2357 .
528 2342 555 2357 ..
574 2301 609 2357 de
626 2302 720 2372 Jadra,
751 2305 846 2360 Oreste
871 2306 945 2360 tilius
969 2305 1090 2361 Prodani
1116 2306 1150 2361 de
1169 2307 1254 2374 Arbo,
1279 2306 1344 2361 Rai-

95 2393 191 2446 neriue
211 2393 285 2446 tilius
304 2391 378 2445 Petri
398 2391 432 2446 de
451 2390 535 2462 (lega,
555 2389 685 2458 Qualissa
703 2391 854 2461 (Hvalissa)
872 2393 995 2448 Mathaei
1022 2393 1056 2448 ds
1079 2393 1174 2460 Jadra,
1202 2400 1230 2448 et
1255 2393 1345 2448 Dassa

95 2479 131 2534 de
150 2478 238 2532 stau
258 2479 292 2532 de
310 2477 397 2533 Jadra
415 2479 553 2534 testificati
572 2485 644 2548 sunt,
664 2479 739 2550 quod
758 2481 877 2536 viderint
892 2480 1078 2552 'Spalatenses
1101 2487 1129 2536 et
1149 2481 1342 2536 Sibenicenseu

95 2567 188 2622 venire
207 2583 256 2637 per
274 2583 349 2622 mare
367 2573 395 2621 et
412 2567 538 2621 homines
556 2575 698 2637 equestres
717 2567 751 2622 de
770 2567 884 2639 Spalato
903 2585 967 2622 cum
985 2585 1082 2622 eorum
1099 2567 1181 2638 lignis
1194 2575 1222 2623 et
1234 2567 1343 2623 barchis

95 2661 131 2711 et.
143 2653 309 2709 descendere
327 2670 390 2708 curn
410 2656 531 2709 exercitu
547 2670 648 2725 magno
667 2661 695 2710 et
713 2655 891 2710 cum.vexssis
910 2655 1023 2710 elevatis
1041 2655 1176 2711 hostiliter
1193 2657 1222 2710 in
1241 2663 1342 2710 terram

97 2749 126 2796 et
147 2742 238 2796 venire
256 2742 284 2795 in
303 2757 431 2812 campum
451 2741 671 2811 Traguriensem,
690 2743 737 2798 ubi
756 2743 912 2797 inciderunt
930 2747 957 2797 et
976 2742 1171 2797 destruxerunt
1189 2758 1285 2797 omnes
1302 2759 1343 2796 ar·

98 2831 181 2884 bores
205 2837 233 2884 et
251 2831 344 2884 uaeas
368 2831 558 2900 cuiuscunque
582 2831 698 2900 generis,
722 2837 750 2884 et
775 2836 927 2900 posuertmt
950 2829 1043 2900 ignem
1067 2837 1095 2884 et
1116 2846 1165 2900 per
1190 2829 1258 2883 duas
1284 2828 1343 2883 dies

98 2917 162 2986 plus
194 2919 287 2987 guanti
318 2917 442 2971 iecerunt
471 2917 499 2970 iu
530 2917 635 2986 campis
659 2923 687 2971 et
710 2918 796 2971 vineis
824 2917 1062 2987 Traguriensibus,
1091 2920 1226 2972 metentes
1258 2916 1340 2970 etiarn

95 3004 211 3060 bladum
230 3011 258 3058 et
276 3021 357 3058 omne
376 3004 480 3058 malum
498 3001 575 3074 quod
593 3003 683 3058 facere
703 3009 859 3075 potuerunt.
878 3003 960 3058 Unde
979 3004 1015 3059 ad
1034 3003 1171 3058 cautelam
1184 3003 1338 3058 communis

96 3093 180 3161 Trag.
201 3091 306 3146 factum
325 3099 367 3147 est
385 3091 484 3146 exinde
503 3091 556 3146 hoc
575 3091 717 3163 publicum
738 3092 871 3162 seriptum
891 3091 1082 3146 testimoniale.
1096 3091 1197 3146 Actum
1215 3095 1342 3160 presente

95 3180 216 3234 Nicolao
237 3180 271 3234 de
292 3179 419 3235 Venetiis
437 3179 524 3234 milite
543 3179 568 3234 d.
588 3179 742 3250 potestatis,
762 3177 897 3249 Magistro
911 3179 1021 3250 Marino
1039 3177 1175 3248 Giurgino
1194 3176 1229 3230 de
1246 3175 1342 3241 Jadra,

95 3267 206 3323 Adamo
236 3268 375 3335 Selmaris,
401 3268 517 3322 Alberto
543 3267 577 3322 de
601 3266 698 3320 Padus
724 3265 881 3332 tabellione,
911 3265 1023 3320 Simone
1048 3283 1074 3336 q.
1098 3265 1199 3320 Marini
1223 3263 1341 3328 comitis,

97 3355 229 3410 Mathaeo
249 3355 283 3409 de
301 3353 424 3409 Paschae
438 3356 595 3422 camerario,
614 3359 642 3408 et
659 3353 728 3408 aliis.
742 3354 830 3407 Dassa
845 3353 950 3424 Duymi
969 3359 996 3408 et
1013 3353 1131 3408 Nicolao
1145 3352 1264 3406 Kaaotto
1277 3367 1339 3405 exa-

98 3443 289 3498 minatoribus.
304 3441 439 3497 Nicolaus
452 3441 567 3496 Oasotto
580 3457 694 3496 manum
707 3441 789 3498 misit.
804 3439 944 3496 Santonus
957 3441 1071 3512 Tragur.
1086 3440 1211 3494 notarius
1224 3437 1341 3509 scripsit.

149 3531 270 3584 Lucius:
289 3531 372 3584 Mem.
391 3529 422 3583 di
443 3531 526 3584 Trou.
546 3546 572 3600 p.
587 3532 645 3583 114.

149 3671 359 3726 MOOGXLVI.
380 3671 551 3742 Zagrabiaa.
571 3673 647 3726 atet.
668 3673 710 3724 27.
730 3669 812 3724 Jutit.
830 3667 990 3740 Capitulum
1003 3667 1136 3722 ecciesiae
1148 3664 1342 3736 Zagrabiensis

92 3759 225 3826 notificat,
246 3757 320 3830 quod
340 3759 512 3815 venientibus
536 3757 719 3829 personaliter
743 3758 778 3812 ab
800 3773 857 3810 una
883 3762 961 3828 parte
985 3753 1126 3809 Rudoslao
1152 3753 1259 3820 comite,
1285 3753 1342 3807 filio

91 3847 225 3918 Stephani
254 3847 371 3912 comitia,
389 3847 438 3900 filii
457 3845 573 3900 condam
598 3845 737 3915 Baboneg,
756 3845 792 3898 ab
810 3843 896 3898 altera
921 3859 984 3897 vero
1009 3841 1114 3911 Herga,
1133 3843 1227 3911 Began
1246 3847 1273 3895 et
1290 3841 1341 3896 Ju-

92 3935 181 3990 nislav
199 3933 248 3988 filii
269 3933 412 3988 Bratosiav
431 3939 459 3988 et
477 3933 590 3987 Stavlen
611 3932 684 3986 tilius
703 3931 835 3986 Radoslai
856 3931 889 3986 de
908 3931 1084 4001 generatione
1102 3929 1239 3984 inferioris
1262 3927 1339 3982 Jam-

92 4023 176 4078 nicha
194 4039 244 4092 pro
272 4039 302 4076 se
321 4029 348 4076 et
366 4037 416 4092 pro
439 4027 497 4075 tota
522 4021 698 4091 generatione
722 4019 846 4089 ipsorum
872 4018 990 4073 confessi
1014 4018 1077 4085 sint,
1101 4017 1177 4086 quod
1201 4031 1265 4070 cum
1287 4015 1340 4086 ipsi

91 4109 222 4181 praesidii
241 4125 289 4163 seu
308 4109 432 4163 tuitionis
450 4107 549 4162 solatio
565 4113 677 4177 propter
689 4107 858 4176 paucitatem
870 4105 995 4176 ipsorum
1007 4104 1171 4174 indigerent,
1185 4103 1338 4174 praefatum

92 4197 223 4252 comitem
248 4195 419 4250 Radoslaum
445 4192 597 4265 receperint
616 4211 678 4248 eum
698 4201 725 4248 et
744 4209 916 4248 successores
936 4192 995 4246 eius
1013 4192 1040 4245 in
1059 4195 1230 4261 protectores
1248 4195 1276 4244 et
1294 4189 1340 4244 de·

92 4285 217 4339 sansures
236 4301 300 4338 suos
320 4283 463 4354 speciales,
483 4282 656 4336 conserentes
675 4281 699 4335 ei
719 4287 864 4351 praetextu
882 4279 1012 4334 tuicionis
1023 4277 1182 4332 huiusmodi
1201 4275 1339 4348 qtrandarn

90 4372 246 4443 portionem
266 4371 449 4440 possessionis
467 4369 665 4423 haereditariae
689 4369 717 4422 in
741 4367 865 4422 inferiori
883 4365 1030 4420 Jamnicha
1048 4381 1111 4419 cum
1131 4364 1259 4418 omnihus
1278 4379 1340 4433 pro·

89 4459 218 4514 recubus
237 4464 265 4511 et
277 4459 442 4512 utilitatibus
457 4455 621 4511 .Radoslaus
634 4462 727 4510 autem
741 4471 834 4510 comes
848 4453 975 4524 promisit
987 4469 1034 4508 eos
1046 4453 1074 4506 in
1088 4452 1161 4506 omni
1175 4451 1339 4505 necessitate

90 4563 187 4602 eorum
207 4545 353 4600 defendere
372 4551 400 4598 et
418 4559 467 4614 pro
487 4559 568 4613 posse
588 4544 667 4608 tueri,
685 4543 782 4596 illaesa
801 4557 896 4595 eorum
915 4541 1001 4594 libera
1019 4539 1170 4592 nobilitate.

143 4635 192 4687 Iob:
210 4637 385 4700 transumpto
405 4631 471 4684 burri
491 4629 623 4683 erdislue'
635 4630 778 4698 Eperrrrary
798 4628 830 4681 de
849 4647 875 4681 a.
895 4631 963 4680 1493
976 4628 1007 4679 in
1020 4627 1133 4679 archivo
1145 4626 1253 4678 comitto
1265 4623 1338 4678 Lau.

87 4723 121 4774 sle
141 4721 259 4790 Bloguy.
283 4720 412 4773 Nr.1{)9.
433 4718 506 4772 Rau.
526 4715 655 4784 Lepores.
676 4747 709 4755 -
733 4716 851 4770 Weoael.
872 4714 936 4769 Cori.
957 4713 1025 4781 dipl.
1046 4713 1099 4767 IX.
1117 4729 1146 4780 p.
1165 4715 1225 4767 367.

1193 4889 1234 4953 28
