3480 5356
352 343 417 410 322
853 370 873 410 ι.
895 355 1093 430 unumunurn,

355 533 497 605 propriam
514 531 632 588 redemit
649 536 678 586 et
695 531 814 588 reduxit.
833 531 961 588 -Inter
982 533 1121 603 praelatos
1143 536 1172 589 et
1198 532 1317 588 barones
1335 531 1526 588 nominantur:
1549 533 1601 590 Jo-

351 635 438 674 anues
464 619 691 690 archiepiscopus
715 618 836 690 sputans
854 618 1017 676 Timotheus
1038 619 1187 692 episcopus
1213 617 1423 690 Zagrabieusis,
1448 619 1599 688 Hsnmcus,

350 707 440 764 tanus
458 705 544 763 totius
562 704 719 773 slavonios,
737 705 856 776 Egidium
881 705 971 760 banna
989 706 1025 762 de
1044 706 1147 762 Macho
1167 711 1195 762 et
1212 705 1248 762 de
1266 705 1368 773 anna,
1387 704 1512 776 Ugriuns
1539 723 1598 764 ma·

351 793 438 865 gistm
463 794 622 861 Agauorum
640 797 668 848 et
685 808 779 848 comes
803 791 978 862 Syrmieusis,
1004 793 1110 848 Paulus
1136 792 1228 848 banus
1251 791 1287 848 de
1313 791 1443 860 Zeurino,
1469 792 1599 850 Dedalus

350 895 445 950 comes
462 877 643 934 Zaladieusis.

401 966 494 1035 Fater:
514 966 578 1022 Ood.
597 965 667 1036 dipl.
689 967 717 1021 T.
741 965 771 1020 V.
791 965 843 1022 vol.
862 965 902 1021 11.
917 981 947 1034 p.
968 969 1011 1018 96.

401 1105 583 1164 MLXXXV.
602 1109 682 1162 1272.
702 1105 849 1162 Ladislaus
868 1104 921 1161 Ν.
938 1121 988 1160 rex
1007 1097 1138 1174 notificat,
1156 1106 1232 1177 qnod
1248 1107 1321 1162 ciues
1340 1104 1375 1161 de
1393 1113 1488 1162 moute
1502 1105 1595 1164 (trech

348 1195 384 1250 do
396 1194 535 1265 Zagrabla
553 1192 682 1264 petierint
700 1193 873 1264 priuilegium
895 1193 981 1264 patris
1000 1193 1061 1263 eJus
1080 1192 1165 1248 Belno
1176 1192 1230 1248 IV.
1241 1194 1316 1264 regis
1329 1192 1406 1249 bulla
1417 1209 1502 1250 aurea
1514 1194 1595 1250 robo-

349 1287 441 1338 ratum
465 1280 630 1346 confirmari,
649 1281 678 1334 in
697 1295 753 1349 quo
778 1279 818 1334 eis
843 1286 944 1334 terram
970 1279 1129 1334 Ambrosiui
1153 1279 1265 1335 duobus
1289 1280 1388 1336 suauis
1413 1280 1596 1337 sufficientem

349 1368 454 1424 dimisit
471 1367 499 1422 in
519 1371 686 1438 perpetuum
704 1365 910 1438 possidendam,
928 1365 1004 1436 quod
1023 1381 1072 1423 rex
1090 1365 1190 1422 lubens
1208 1373 1299 1422 ratum
1319 1365 1423 1422 habuit

401 1457 436 1510 la
455 1454 558 1512 arrisio.
577 1454 680 1510 dread.
701 1453 776 1510 Sicu.
795 1453 890 1510 maid.

402 1591 600 1649 MLXXXVI.
621 1595 700 1648 1272.
719 1592 867 1648 ladislaus
885 1591 937 1647 IV.
956 1607 1004 1647 rex
1023 1591 1118 1647 scribit
1134 1593 1229 1648 comiti
1253 1591 1360 1664 Spalat.
1378 1593 1505 1661 civitatis,
1528 1593 1596 1663 quia

349 1682 448 1740 eadem
466 1681 563 1736 ciuitas
582 1681 608 1734 ei
626 1695 735 1751 sempor
759 1679 900 1736 fidelitatis
921 1695 1006 1751 opera
1024 1679 1149 1735 exhibuit
1166 1686 1194 1735 et
1212 1680 1277 1750 quia
1294 1679 1331 1735 ad
1349 1697 1398 1736 eos
1416 1683 1530 1752 propter
1547 1697 1595 1736 va·

348 1771 451 1824 riarum
469 1783 618 1839 gneratum
637 1767 797 1822 discrimina
815 1765 946 1822 accedere
964 1768 1068 1837 nequit,
1097 1767 1238 1838 quomodo
1262 1767 1429 1822 intellexerit
1451 1767 1527 1838 quod
1549 1767 1595 1838 ju·

346 1857 424 1912 dices
443 1860 590 1910 extraneos
608 1853 644 1910 de
663 1853 724 1908 aliis
742 1853 836 1924 regnis
854 1854 976 1924 recipere
993 1855 1209 1922 consuevissent,
1223 1854 1298 1925 quod
1317 1871 1373 1910 non
1392 1858 1435 1910 est
1453 1854 1596 1910 fidelitatis

291 1999 296 2008 ,
350 1942 492 1998 indicium.
512 1941 595 2010 Quod
615 1941 699 1998 etism
717 1941 791 1996 cives
810 1941 1010 2011 Tragurienses
1028 1941 1193 2012 perturbant
1210 1947 1237 1996 et
1255 1941 1392 2012 quosdam
1410 1957 1445 1996 ex
1458 1955 1509 1996 aua
1521 1957 1597 2000 com-

349 2031 484 2086 munitate
508 2029 683 2101 expulerunt
712 2029 806 2097 Quare
824 2029 864 2083 eis
881 2029 997 2084 maudut
1022 2029 1045 2083 ai
1070 2045 1134 2084 eum
1158 2028 1310 2084 naturalem
1336 2027 1480 2084 domiuum
1501 2045 1597 2100 regem

280 2189 281 2192 Ἴ
349 2117 515 2188 Hungariae
534 2121 561 2170 et
580 2115 709 2171 Oroatias
728 2120 910 2186 cognoscunt,
935 2121 1037 2172 extunc
1055 2116 1160 2172 iudices
1179 2121 1327 2172 extraneos
1346 2116 1495 2187 expellant,
1514 2121 1543 2172 et
1559 2115 1596 2172 de

349 2221 437 2275 regno
462 2204 523 2274 ejus
542 2202 652 2258 fidelem
670 2217 721 2274 pro
738 2201 881 2258 Potestata
901 2210 1055 2272 assumant,
1080 2209 1108 2259 et
1125 2203 1198 2259 cives
1223 2203 1423 2274 Tragurienses
1446 2203 1475 2258 in
1501 2203 1596 2274 aliquo

351 2307 408 2346 aon
428 2289 598 2360 perturbant,
618 2292 761 2360 practerea
779 2293 900 2360 quatuor
926 2289 1054 2346 meliores
1073 2307 1108 2346 ex
1126 2291 1184 2346 suis
1203 2306 1292 2364 nsque
1315 2290 1351 2346 ad
1375 2293 1479 2346 loetum
1496 2289 1525 2346 S.
1543 2289 1597 2346 Mi·

352 2375 456 2433 chaelis
474 2377 512 2431 ad
530 2392 595 2432 eum
618 2376 816 2446 hansmittsnt,
835 2383 866 2432 ut
885 2393 942 2432 uua
960 2393 1024 2432 cnm
1042 2377 1109 2448 ipsis
1128 2376 1162 2431 de
1180 2376 1256 2434 bono
1279 2381 1353 2434 statu
1371 2377 1448 2448 regni
1468 2375 1597 2434 Oroatiae

353 2463 480 2521 ordinare
500 2463 596 2534 possit

403 2550 526 2607 Lucius:
544 2551 622 2605 Mcm.
641 2549 672 2606 ἀι·
693 2551 777 2606 iheu.
796 2566 825 2620 p.
845 2554 888 2605 93.

404 2689 618 2746 MLXXXVII.
640 2695 717 2746 1272.
736 2691 883 2746 Ladialaus
895 2689 947 2746 IV.
959 2707 1008 2746 rex
1026 2691 1061 2747 ad
1081 2693 1242 2762 petitionem
1260 2691 1355 2747 Narad
1374 2689 1423 2746 filii
1438 2689 1543 2758 Volteh
1560 2689 1597 2745 de

355 2780 421 2835 villa
439 2780 494 2851 Pyr
511 2779 540 2833 iu
558 2779 692 2834 comitatu
713 2777 875 2834 Huuthenei
899 2777 1044 2834 confirmat
1068 2779 1241 2850 privilegium
1265 2779 1352 2849 patria
1376 2778 1420 2834 aui
1443 2775 1527 2832 Belua
1544 2775 1596 2830 IV.

351 2867 426 2938 regis
445 2865 490 2935 (de
508 2883 582 2924 anno
600 2865 707 2922 circiter
726 2866 803 2934 1250)
822 2881 986 2922 concessum
1004 2865 1125 2936 Woyteh
1147 2865 1206 2920 filio
1231 2864 1376 2922 Michaelis
1400 2864 1436 2920 de
1458 2863 1524 2920 villa
1540 2863 1597 2934 Pyr

351 2953 380 3008 iu
398 2953 531 3008 comitatu
548 2953 714 3020 Hnntensis,
732 2951 769 3007 ob
787 2953 920 3022 praestita
938 2953 1056 3022 servitis,
1068 2969 1133 3008 cnm
1145 2969 1239 3022 regom
1251 2959 1375 3023 tempore
1394 2951 1595 3024 persecutionis

352 3041 532 3096 Tartarornm
557 3039 673 3094 artioqu
695 3040 867 3095 necessitatis
894 3041 1041 3111 compulso
1069 3039 1104 3096 ad
1129 3041 1281 3096 maritimus
1300 3044 1393 3110 partes
1411 3037 1596 3094 declinantem

352 3127 456 3198 ubique
469 3131 590 3194 secutus,
610 3125 645 3181 ad
664 3141 739 3180 mare
757 3126 952 3199 procedentem
973 3133 1000 3182 et
1018 3131 1200 3183 reuertentem
1216 3143 1281 3182 cnm
1299 3125 1379 3196 equis
1397 3131 1425 3180 et
1441 3125 1526 3180 manis
1538 3124 1596 3178 suia

352 3230 447 3270 coram
471 3213 559 3268 oculis
583 3213 656 3282 regis
680 3218 758 3282 grata
783 3213 910 3268 exhibuit
933 3215 1052 3282 servltia,
1076 3229 1202 3285 proquo
1221 3211 1528 3270 servitiorexeumin
1546 3226 1596 3264 nu-

351 3316 460 3356 merum
477 3299 614 3370 regalium
633 3295 811 3356 servientium
830 3316 945 3355 suorum
963 3301 1075 3370 recepit,
1094 3300 1219 3356 eximens
1238 3317 1303 3356 snm
1321 3300 1357 3355 ab
1376 3299 1468 3355 officio
1486 3305 1514 3354 et
1531 3313 1595 3354 con·

352 3387 458 3443 ditione
485 3385 655 3458 piscationis.
682 3387 796 3442 Terram
819 3403 931 3459 qnoque
959 3388 1028 3442 Isau
1057 3389 1200 3444 servientis
1224 3388 1347 3458 quinque
1377 3391 1531 3443 aratrorum
1556 3383 1597 3440 illi

353 3475 477 3532 contulit.

406 3561 500 3630 Fejer:
522 3559 586 3616 cod.
607 3561 676 3630 dipl.
698 3561 726 3616 Τ.
745 3563 779 3614 Χ.
799 3561 850 3617 ool.
870 3565 924 3619 111.
941 3579 970 3631 p.
990 3565 1139 3620 rso-162.

406 3698 635 3757 MLXXXVIII.
653 3703 733 3753 1272.
746 3700 894 3758 Ladislaus
907 3700 959 3758 IV.
972 3719 1021 3758 rex
1034 3703 1139 3774 Hung,
1154 3702 1256 3772 Dalm,
1270 3701 1362 3758 Ornat
1375 3700 1507 3768 notificat,
1519 3699 1594 3770 quud

352 3787 493 3858 cumipse
511 3803 561 3858 per
580 3787 828 3857 apprehensionem
847 3789 1022 3860 quorundam
1041 3791 1177 3846 baronum
1198 3790 1275 3860 regni
1288 3788 1453 3859 Hungariae
1464 3789 1493 3842 in
1504 3791 1594 3843 cutro

353 3873 543 3944 Kopuruyoha
562 3873 753 3945 (Koprivnicst
771 3875 900 3932 detentus
912 3877 1019 3945 fuisset,
1032 3893 1126 3934 comes
1137 3877 1273 3934 Bachaler
1284 3876 1453 3932 castellanus
1471 3873 1594 3932 eiusdem

353 3961 443 4028 maai,
462 3976 495 4015 eo
513 3960 686 4016 necessitatis
715 3966 840 4032 tempore
859 3980 915 4033 quo
934 3963 1007 4020 idem
1033 3969 1157 4020 castrum
1180 3981 1215 4020 ex
1239 3969 1387 4035 praecepto
1411 3963 1485 4033 regis
1509 3961 1594 4034 patris

354 4047 397 4102 aui
416 4045 594 4102 multitudine
624 4047 795 4102 exercituum
819 4049 1087 4118 circumvallabatur,
1113 4051 1248 4107 effusione
1272 4051 1316 4108 sni
1340 4050 1492 4121 sauguinis,
1515 4051 1594 4104 inuu-

352 4133 495 4189 merabilia
520 4135 545 4189 ei
571 4133 685 4189 seruitia
709 4133 898 4205 impendisset.
917 4137 951 4192 In
969 4139 1257 4210 recompensationem
1277 4139 1360 4208 igitur
1377 4139 1495 4192 istorum
1513 4136 1595 4192 serui·

353 4221 454 4276 doram
466 4221 585 4276 cuntulit
603 4221 628 4276 ei
647 4237 695 4276 rex
711 4229 812 4277 terram
826 4223 953 4280 Zarakm
971 4224 1008 4280 ad
1026 4225 1294 4280 caenumFerreum
1307 4229 1487 4296 spectantem,
1500 4223 1594 4279 habito

355 4307 433 4379 prins
451 4307 569 4364 consilio
587 4323 651 4362 oum
670 4309 728 4363 suia
748 4308 906 4378 baronibus,
928 4310 1065 4368 Joschiuo
1085 4313 1166 4380 bauo,
1185 4313 1336 4368 Laurentio
1353 4312 1477 4383 palatino
1495 4309 1596 4368 comite

353 4394 550 4465 Suprunieusi,
580 4394 697 4450 Irenaeo
726 4396 860 4466 magistro
889 4400 1106 4468 tuscanicorum,
1133 4398 1264 4455 Ladialso
1294 4400 1395 4454 comite
1423 4397 1595 4466 Posonieusi,

353 4479 479 4538 Omodeo
497 4482 580 4536 casui
598 4480 694 4537 Ferrei
711 4483 811 4539 comite
824 4489 852 4540 et
864 4485 926 4540 aliis
945 4487 1082 4542 omnibns.
1100 4487 1207 4542 Datum
1220 4502 1270 4558 per
1281 4502 1382 4542 manus
1394 4486 1504 4542 Nicolsi
1517 4501 1594 4557 prae·

353 4568 437 4638 positi
455 4568 576 4627 albensis
594 4568 677 4624 aulae
698 4569 921 4628 dcecmoellarii.

405 4654 454 4710 Est
471 4671 530 4712 meu
549 4656 670 4725 antiqua
688 4655 853 4714 mlleotiooe.
