3544 5344
381 462 424 530 66
881 486 901 528 r.
925 471 1124 543 amorreum,

380 651 416 707 de
434 627 612 723 generatione
629 651 731 722 Woyk.
749 650 821 705 Item
840 649 981 705 Amoldus
999 648 1017 703 f.
1035 647 1144 716 Peterd,
1163 647 1278 703 Leukas
1297 647 1315 702 f.
1333 648 1472 710 Deschan.
1491 647 1527 704 de
1545 665 1627 719 gene·

380 741 487 795 ratione
504 740 612 796 comitis
631 741 705 794 Petri
724 745 752 794 et
770 737 930 809 Stephanus
948 743 976 792 et
994 737 1062 792 Isau
1082 735 1117 791 de
1134 753 1236 807 genere
1253 736 1428 807 Tholonygh.

433 828 539 898 Feyar:
562 825 1031 894 OroatieeetSleeonice.p.128
1063 824 1192 879 chcscl.
1213 823 1278 879 Ood.
1297 825 1397 894 arpcd.
1430 824 1477 893 VI,
1503 841 1533 893 p.
1563 827 1625 878 457.

434 948 579 1004 OOXXV.
598 951 631 1004 A.
650 953 727 1004 1228.
746 949 869 1020 Ugrinus
887 947 1111 1018 archiepiscopus
1129 947 1282 1002 colocensis
1298 946 1452 1018 suscipiens
1471 946 1627 1018 delegatam

380 1054 398 1091 a
415 1053 481 1106 rege
499 1053 613 1092 eausam
631 1034 853 1105 cognoscendam
871 1036 942 1090 inter
960 1033 1089 1090 abbatem
1108 1051 1129 1088 s.
1149 1035 1262 1090 Martini
1280 1033 1316 1089 de
1333 1033 1478 1090 Pannonia
1496 1040 1524 1090 et
1541 1033 1627 1088 abba·

380 1129 437 1178 tem
455 1139 476 1178 a.
495 1123 629 1178 Demetrii
647 1122 683 1178 de
701 1122 802 1178 Sirmia
820 1139 905 1193 super
923 1121 1044 1192 quadam
1063 1122 1169 1193 piscina
1187 1123 1241 1176 sita
1255 1122 1338 1192 juxta
1356 1121 1459 1189 Knesa,
1479 1139 1552 1191 quae
1569 1121 1628 1175 vul-

379 1211 482 1280 gariter
500 1210 606 1266 Miruth
624 1217 746 1266 vocatur.
766 1210 838 1264 Cum
854 1211 927 1266 enim
945 1217 1058 1265 sentum
1081 1215 1155 1264 esset
1172 1208 1208 1264 ad
1227 1225 1389 1280 processum
1407 1209 1519 1279 negotii,
1538 1207 1628 1262 abbas

379 1297 415 1352 de
433 1299 577 1354 Pannonia
595 1299 780 1370 piscacionem
798 1299 826 1352 in
845 1298 919 1354 dicta
937 1298 1043 1368 piscina
1061 1297 1194 1353 violenter
1212 1313 1273 1352 esse
1295 1297 1399 1352 iactam
1416 1315 1434 1352 a
1449 1295 1628 1367 jobbagioni-

381 1385 434 1440 bus
451 1385 561 1440 abbatis
580 1403 601 1440 s.
620 1386 754 1440 Demetrii
777 1384 813 1440 ad
837 1385 970 1440 damnum
994 1402 1149 1440 marcarum
1172 1384 1245 1440 XVI
1272 1390 1300 1440 et
1317 1383 1370 1440 hoc
1388 1383 1547 1438 testimonio
1566 1401 1629 1454 pro

381 1473 539 1528 vinoialium
557 1473 756 1545 comprobavit,
779 1489 906 1528 asserens
931 1490 981 1544 per
1007 1474 1178 1528 autenticum
1202 1472 1395 1542 (privilegium)
1414 1487 1436 1524 s.
1455 1469 1579 1524 Ladislai
1598 1487 1629 1524 se

380 1561 570 1632 probaturum,
589 1559 665 1630 qnod
685 1560 792 1631 piscina
809 1561 845 1615 sit
869 1561 1028 1616 monasterii
1052 1578 1073 1614 s.
1094 1560 1215 1626 Martini,
1237 1560 1324 1614 abbas
1342 1567 1435 1614 umen
1455 1576 1476 1612 s.
1495 1557 1630 1612 Demetrii

381 1655 409 1704 et
427 1649 488 1719 ejus
507 1649 604 1719 populi
622 1648 807 1703 reclamarunt
834 1655 862 1702 et
879 1647 1017 1713 dixerunt,
1036 1647 1112 1716 quod
1137 1645 1234 1702 eadem
1253 1645 1359 1716 piscina
1378 1651 1451 1699 esset
1466 1645 1513 1715 jus
1532 1661 1629 1700 eorum

381 1735 520 1802 ecelesiae,
539 1740 568 1789 et
585 1733 661 1805 quod
679 1734 733 1790 hoo
750 1734 940 1789 demonstrare
957 1735 1042 1790 velint
1060 1734 1212 1805 privilegio,
1232 1732 1307 1804 quod
1319 1733 1454 1788 haberent
1467 1731 1542 1803 apud
1555 1733 1628 1803 epis·

381 1839 484 1894 copum
506 1822 825 1892 quinqueecclesiensem
849 1827 877 1876 et
901 1822 1030 1878 comitem
1054 1823 1171 1876 Oletum.
1197 1820 1309 1876 Statuto
1333 1821 1451 1876 termino
1478 1819 1567 1874 abbas
1593 1818 1631 1874 de

380 1910 526 1964 Pannonis
544 1908 687 1980 exemplet
705 1909 748 1963 sui
767 1909 902 1980 privilegii
921 1910 1114 1981 praesentavit,
1134 1915 1248 1980 paratus
1267 1909 1350 1963 etiam
1362 1909 1533 1963 autenticum
1550 1925 1631 1979 prae

380 2002 497 2062 sectare,
517 1995 604 2052 altera
622 2003 701 2068 parte
719 1995 796 2051 nullo
814 1997 948 2052 innitente
965 1997 1158 2052 instrumento.
1177 1996 1322 2051 Terminus
1341 1996 1435 2051 abbati
1454 2013 1475 2050 s.
1494 1996 1631 2052 Demetrii

380 2083 563 2154 prolongatus
575 2083 628 2138 suit
647 2100 735 2154 usque
754 2083 790 2138 ad
809 2083 921 2154 pascha.
941 2084 1018 2139 Usus
1031 2091 1123 2138 tamur
1138 2084 1260 2154 piscinae
1278 2083 1388 2137 relictus
1407 2083 1502 2138 abbati
1521 2101 1542 2138 s.
1556 2083 1632 2138 Mar·

381 2171 440 2225 tini.
459 2170 602 2225 Damnum
619 2178 648 2226 et
662 2171 799 2242 judicium
815 2171 971 2242 persolvere
989 2170 1087 2225 habuit
1105 2169 1193 2225 abbas
1217 2187 1239 2224 s,
1258 2171 1400 2227 Demetrii.
1419 2171 1502 2226 Hane
1521 2179 1631 2226 senten·

380 2258 448 2313 tiam
466 2259 638 2313 confirmavit
650 2265 678 2313 et
690 2275 738 2314 rex
751 2259 878 2314 Andreas
891 2259 921 2313 11
933 2277 984 2331 pro
998 2259 1066 2314 Urio
1079 2276 1129 2314 seu
1143 2258 1243 2314 Urosio
1256 2258 1357 2313 abbate
1369 2275 1391 2314 s.
1403 2259 1524 2314 Martini.

439 2345 576 2400 Weacsrl:
596 2345 688 2401 Codes
706 2345 775 2417 dipl.
795 2346 903 2416 Arpod.
925 2347 954 2402 Τ.
973 2347 1004 2416 1.,
1019 2363 1049 2415 p.
1068 2349 1130 2402 248.

435 2484 595 2541 OGXXVI.
617 2485 700 2541 birca
718 2489 794 2542 1228.
819 2486 983 2556 ‘lheguanus
1008 2486 1156 2557 episeopus
1181 2485 1360 2555 traguriensis
1379 2485 1474 2540 scribit
1492 2484 1631 2541 Gunoello

382 2573 589 2645 archiepiscopo
608 2574 773 2644 spalatensi:
792 2589 856 2627 cum
875 2579 988 2644 propter
1006 2573 1192 2628 valetudinem
1205 2573 1329 2643 corporis
1347 2573 1419 2628 leoto
1437 2573 1539 2628 affixus
1557 2572 1630 2644 Spa·

381 2661 469 2715 latum
487 2659 564 2714 adire
581 2678 637 2714 non
657 2665 759 2731 posset,
779 2666 806 2715 et
824 2677 886 2715 cum
905 2659 1041 2715 audiverit
1059 2677 1123 2716 sum
1141 2661 1246 2715 curiam
1265 2676 1409 2715 romanam
1427 2660 1539 2715 visitare
1550 2660 1630 2726 velle,

382 2747 431 2804 sed
442 2764 506 2802 cum
513 2747 606 2818 plures
614 2747 746 2803 ecclesiae
751 2748 916 2819 spalatensis
927 2749 1182 2819 archiepiscopatus
1192 2765 1244 2802 suo
1256 2753 1368 2818 pastore
1379 2754 1486 2814 vacent,
1497 2755 1629 2819 opportet

326 2871 328 2877 ,
382 2833 532 2890 extendero
550 2834 763 2890 sollicitudinem
782 2833 818 2888 ad
837 2835 1064 2906 subrogationem
1082 2851 1185 2901 aarum,
1204 2835 1253 2890 dat
1265 2835 1289 2890 ei
1309 2840 1456 2906 propterea
1474 2835 1631 2902 consilium,

381 2928 413 2976 ut
431 2937 481 2992 per
498 2922 610 2976 nuntios
629 2926 657 2977 et
674 2921 779 2978 litteras
798 2921 909 2978 studeat
921 2921 1037 2990 efficere,
1050 2929 1082 2978 ut
1095 2921 1131 2978 ad
1143 2928 1288 2978 vacantem
1298 2912 1393 2976 sedem
1406 2923 1500 2976 nullus
1512 2921 1633 2992 eligatur

380 3009 488 3079 absque
507 3024 559 3064 sua
576 3009 744 3064 conscientia
762 3015 790 3065 et
808 3010 921 3081 eapituli
940 3011 1114 3082 spalatensis.

435 3097 564 3152 Forluta':
582 3096 666 3168 Illyr.
684 3113 756 3152 sacr.
778 3097 806 3151 T.
824 3097 886 3167 Il'.¹
903 3114 930 3166 p.
951 3101 1011 3151 338.

433 3227 609 3282 ooxxvn.
633 3227 811 3283 (lirca1228.
830 3230 995 3298 Treguanus
1014 3231 1162 3300 episcopus
1180 3229 1360 3298 traguriensia
1379 3228 1474 3283 scribit
1492 3229 1522 3283 C.
1542 3229 1630 3284 archi-

380 3315 499 3371 diacono
519 3314 670 3385 spalatensi
696 3321 724 3369 et
747 3316 877 3386 capitulo,
896 3332 999 3384 rogans
1017 3317 1191 3386 propensius,
1210 3323 1348 3386 quatenus
1368 3332 1481 3370 suorum
1501 3316 1630 3386 obsequi-

382 3419 463 3456 orum
480 3402 582 3456 intuitu
595 3399 755 3456 Prodanum
777 3403 941 3457 servientem
953 3419 1035 3457 suum
1048 3410 1075 3457 et
1087 3405 1302 3458 concanonicum
1316 3403 1344 3457 in
1353 3403 1417 3474 jure
1430 3403 1628 3458 beneficiorum

382 3489 434 3543 ribi
452 3488 560 3544 abillis
579 3489 743 3544 cohatornm
760 3497 940 3546 manutenere
958 3489 1146 3561 dignarentur.

437 3576 771 3648 Forloti:1llyr.Sucr.
792 3580 821 3632 Τ.
840 3578 900 3648 lu,
917 3595 946 3647 p.
964 3582 1027 3632 338.

434 3705 625 3762 ccxxvm.
647 3709 823 3764 (lireo1228.
848 3707 1019 3764 Golomanus
1043 3725 1092 3763 rex
1116 3707 1309 3763 Ruthenorum
1333 3714 1361 3763 et
1384 3708 1442 3763 dux
1459 3709 1547 3764 totius
1565 3708 1627 3764 Sla-

381 3795 482 3851 voniae
501 3795 598 3849 statuit
616 3797 705 3866 primo
723 3796 904 3850 Laurentium
923 3796 1010 3850 lilium
1023 3794 1135 3866 Ompud
1147 3796 1176 3850 in
1188 3796 1318 3850 comitem
1335 3795 1370 3850 de
1389 3795 1483 3850 Gerha
1498 3795 1630 3864 (Gorai);

382 3881 431 3936 sed
450 3898 514 3936 cum
532 3881 599 3936 nibil
618 3882 690 3949 boni,
709 3883 797 3938 multa
814 3889 907 3938 tamen
926 3883 1000 3937 mala
1017 3882 1134 3949 lecisset,
1157 3881 1272 3936 abstulit
1289 3881 1325 3936 ab
1344 3899 1377 3936 eo
1396 3882 1525 3938 eumdem
1545 3883 1630 3938 comi-

382 3973 479 4035 tatum,
498 3968 617 4024 inferens
636 3970 662 4024 ei
681 3987 800 4040 poenam
819 3977 850 4024 ut
867 3971 974 4024 meruit
999 3969 1182 4025 Postmodum
1200 3969 1236 4024 ad
1256 3985 1351 4040 preces
1370 3969 1486 4024 fratrum
1504 3969 1630 4026 eiusdem

382 4055 502 4110 Dioniaii
521 4056 636 4126 palatini
655 4063 683 4111 et
702 4055 846 4111 Michaelis
869 4057 992 4126 magistri
1016 4058 1120 4128 recepit
1143 4057 1220 4111 illum
1238 4056 1266 4110 in
1285 4058 1403 4126 gratiam
1421 4073 1502 4112 suam
1520 4063 1548 4113 et
1565 4075 1630 4112 con·

382 4143 446 4197 tulit
475 4144 499 4198 ei
529 4145 691 4199 comitatum
719 4145 804 4199 Maris
835 4144 870 4199 de
900 4144 1045 4215 Podogola
1071 4144 1238 4215 (Podoljal).
1276 4144 1331 4199 Sed
1359 4145 1405 4198 ille
1437 4161 1492 4199 non
1524 4143 1628 4198 oblitus

382 4231 572 4300 nequiciarum
590 4233 625 4286 24
642 4231 720 4288 villas
739 4231 774 4287 ad
793 4231 867 4287 idem
885 4239 1006 4287 castrum
1024 4233 1193 4303 pertinentes
1215 4232 1396 4303 personaliter
1415 4231 1577 4298 combussit,
1597 4248 1629 4286 ae

382 4317 453 4372 duas
472 4319 609 4384 ecclesias,
629 4325 730 4390 putans
749 4317 895 4389 pecuniam
913 4321 940 4374 iu
959 4337 993 4374 ea
1011 4319 1140 4386 iuvenire,
1160 4318 1303 4374 destruxit.
1323 4318 1367 4372 Ad
1381 4319 1434 4373 hoe
1452 4319 1550 4373 statuit
1562 4317 1628 4384 dux,

382 4405 446 4460 lieet
463 4405 498 4460 de
517 4423 550 4462 eo
568 4407 621 4461 sibi
639 4407 797 4462 satisfacere
816 4408 960 4478 potuisset,
985 4407 1078 4478 ipsum
1102 4424 1195 4462 coram
1215 4413 1293 4477 patre
1312 4423 1363 4460 suo
1382 4423 1447 4476 rege
1466 4404 1579 4461 Andrea
1597 4423 1630 4461 ae

383 4493 507 4546 omnium
521 4493 706 4564 jobugionum
725 4511 840 4549 suorum
855 4495 960 4565 judicio
979 4495 1095 4550 tradere.
1115 4495 1206 4562 Quem
1228 4500 1307 4564 pater
1325 4510 1393 4548 suus
1411 4498 1440 4548 et
1457 4509 1554 4548 omues
1573 4493 1630 4548 iere

382 4578 499 4634 barones
518 4582 594 4648 regni
613 4599 691 4636 reum
710 4582 914 4652 proclamarunt
932 4589 960 4637 et
978 4582 1013 4636 ad
1034 4583 1240 4636 ammissionem
1253 4582 1377 4636 omnium
1389 4597 1503 4635 suarum
1516 4596 1627 4651 posses·

383 4667 493 4720 sionem
511 4667 736 4723 condemnarunt
755 4669 799 4723 Ad
819 4670 920 4723 multas
945 4677 1036 4724 tamen
1063 4686 1166 4740 preces,
1192 4669 1311 4723 maxime
1331 4669 1416 4740 patris
1436 4669 1487 4736 sui,
1507 4668 1631 4739 pepercit

382 4755 422 4808 illi
439 4754 497 4808 dux
516 4755 595 4810 etde
614 4755 838 4826 possessionibus
856 4757 915 4810 eius
935 4756 1112 4812 solummodo
1132 4756 1275 4827 praedium
1294 4757 1390 4828 Lipow
1402 4755 1552 4826 (lipom),
1566 4773 1630 4810 eum
