3464 5382
702 425 849 468 annum
1341 405 1400 466 lll

194 589 436 644 GOOLXXXIII.
455 592 532 644 1239.
551 589 693 644 Amoldne
712 607 805 645 comes
822 589 859 645 de
877 590 945 644 Zela
962 589 1095 657 notificat,
1117 590 1192 661 quod
1211 589 1294 660 Opoy
1311 588 1402 644 banus

158 677 244 732 totius
263 676 411 732 Slavoniae
428 691 550 741 causam,
570 691 642 746 quae
659 676 817 731 vertebatur
834 677 906 732 inter
924 677 1087 746 magistrum
1107 676 1272 731 Michaelem
1289 675 1404 730 hatrem

157 761 252 818 Busad
271 763 337 817 bani
355 779 390 817 ex
407 779 464 816 una
482 768 561 836 parte
587 777 672 834 super
698 761 890 818 destruccione
917 761 1023 833 praedii
1040 762 1086 816 siti
1103 761 1174 816 inter
1197 761 1270 816 duos
1294 761 1402 828 fluuios,

157 849 253 904 Drava
270 847 396 904 videlicet
414 855 442 903 et
461 847 610 914 Zurathlra,
628 849 741 904 nomine
753 848 906 919 Wyzmeth,
925 855 954 904 et
974 847 1113 918 Eguthlrs,
1132 847 1278 917 Walchun,
1306 848 1403 904 Othok

157 953 191 991 ac
209 941 391 1004 cognatorum
410 934 559 990 eorrmdem
579 951 614 989 ex
632 935 725 1002 altera
745 935 805 990 eius
823 934 962 1004 (Amoldl)
986 935 1138 991 transmisit
1162 936 1314 991 mantiae
1328 934 1403 1004 judl-

157 1020 284 1088 candam‚
303 1020 485 1076 ordinandam
497 1027 525 1076 et
538 1022 600 1092 paci
616 1021 829 1077 reformandam.
848 1021 900 1076 Ille
914 1037 989 1091 ergo,
1008 1022 1104 1076 volens
1122 1037 1237 1077 causam
1249 1022 1402 1092 exquirere,

157 1109 274 1163 accessu
291 1105 328 1162 ad
345 1113 446 1162 terram
465 1106 660 1178 supradictam,
679 1107 783 1163 faciens
800 1107 966 1164 descensum
983 1109 1012 1162 in
1030 1107 1115 1164 domo
1127 1109 1281 1176 Petrunlou
1300 1125 1403 1164 conve·

157 1194 227 1249 catis
245 1193 374 1248 omnibus
392 1193 597 1259 commetaneis,
620 1193 795 1264 parochianis
814 1200 842 1249 et
860 1193 989 1250 omnibus
1008 1195 1072 1248 viris
1090 1193 1198 1250 idoneis
1216 1200 1244 1250 et
1261 1193 1401 1250 nobilibus

157 1280 460 1346 circumadiscentibus,
488 1283 661 1349 mterrogaus
686 1281 851 1350 magistrum
878 1280 1052 1347 blithildem,
1079 1281 1197 1352 qualiter
1215 1279 1402 1352 supradictam

158 1374 261 1424 terram
284 1366 472 1436 possedisset?
498 1368 546 1438 qui
565 1365 641 1434 dixit,
666 1383 697 1422 se
712 1367 776 1437 jure
794 1367 945 1437 empcionis
964 1365 1123 1438 possedisse
1141 1373 1169 1422 et
1186 1383 1270 1437 super
1288 1366 1341 1424 boc
1358 1367 1402 1422 lit·

156 1460 231 1510 teras
249 1454 333 1510 Belas
350 1453 432 1522 regis,
459 1453 573 1524 capituli
591 1459 619 1508 et
637 1453 761 1524 episcopi
780 1452 1003 1522 wesprimiensis
1022 1453 1155 1520 exhibuit,
1173 1470 1244 1524 quas
1261 1470 1355 1508 comes
1373 1453 1402 1508 in

158 1540 316 1614 menda
333 1540 457 1596 omnium
484 1538 523 1602 ibi
548 1539 730 1599 enatandum
748 1545 776 1595 et
793 1539 821 1593 in
840 1540 997 1610 praesentia
1023 1539 1139 1610 Egutku
1163 1557 1196 1596 uc
1219 1546 1403 1610 cognatorum

158 1625 284 1682 eisdem
302 1643 335 1680 ae
353 1627 381 1680 in
400 1625 556 1696 pmesenth
573 1625 700 1696 pristaldi
719 1625 864 1684 Golommi
882 1625 963 1698 regis,
981 1642 1038 1696 qus
1049 1624 1128 1680 ducis
1140 1627 1230 1681 tocius
1243 1625 1402 1698 Slavoniae,

157 1713 271 1770 nomine
289 1712 396 1768 Alberti
414 1711 449 1768 de
467 1712 532 1766 villa
550 1727 570 1768 e.
592 1711 705 1782 Georgii
722 1712 806 1770 verbo
825 1711 861 1769 ad
880 1711 994 1776 uerbum
1012 1712 1077 1768 lecit
1092 1712 1203 1782 perlegi
1222 1711 1402 1784 interrogatis

158 1806 225 1854 tuuc
244 1797 373 1854 omuibus
392 1797 583 1868 praeseuu'bue
601 1813 665 1857 cum
692 1798 760 1868 ipsis
788 1799 904 1868 Egutlru
921 1805 950 1856 et
967 1799 1106 1870 cognatis:
1133 1816 1170 1856 an
1190 1799 1324 1870 Magister
1349 1799 1402 1854 Mi·

156 1885 237 1942 chaal
255 1886 327 1942 iuste
345 1891 373 1940 et
390 1883 512 1954 legitime
529 1884 606 1938 illam
623 1890 725 1943 terram
743 1883 933 1955 possedisset?
959 1885 1007 1956 qui
1024 1885 1052 1940 in
1071 1884 1149 1940 nullo
1175 1884 1403 1950 contradixerunt

157 1977 188 2028 st
204 1971 371 2026 Michaelem
390 1971 418 2026 iu
436 1970 552 2041 pacifico
574 1987 705 2040 possessu
724 1971 898 2026 remiserunt

217 2057 337 2112 umet:
360 2056 426 2112 cod.
445 2057 514 2124 dipl.
533 2059 635 2125 arpos.
660 2057 721 2112 Vll.
738 2074 767 2126 p.
788 2062 831 2116 86.

212 2193 451 2251 CCCLXXXIV.
471 2199 656 2252 seso-1272.
676 2193 814 2266 Georgius
832 2211 926 2251 comcs
943 2211 1028 2266 gener
1039 2195 1176 2250 Vladislai
1188 2197 1261 2266 regis
1280 2195 1402 2264 Serbiae,

156 2283 253 2356 jussus
273 2298 372 2352 aroge
391 2281 535 2352 Stephano
552 2281 627 2338 Uroi
645 2287 706 2336 orat
724 2283 890 2352 linguanae,
918 2287 949 2336 ut
967 2298 1030 2337 cum
1049 2283 1109 2336 eius
1127 2281 1286 2338 hominibus
1305 2299 1403 2353 pacem

158 2375 279 2435 teneant,
298 2375 326 2422 et
343 2367 537 2423 Bratoslavum
554 2369 670 2423 mhsum
689 2367 770 2425 Onori
788 2369 896 2424 comitis
914 2367 1048 2424 benevme
1065 2369 1210 2440 accipiant.

212 2455 376 2511 Mitloeict:
396 2458 470 2510 Mon.
488 2455 595 2512 serdica
612 2472 639 2524 p.
658 2459 702 2510 54.

211 2574 433 2634 CCCLXXXV.
451 2579 634 2634 1240—1272.
662 2575 822 2648 &rhenus
845 2577 919 2633 Urci
942 2575 1056 2636 Serhiae
1073 2594 1131 2643 rex,
1159 2576 1275 2636 mandat
1292 2579 1403 2650 lupeno

158 2661 279 2728 Tardko
298 2662 374 2732 qaod
392 2679 456 2718 eum
474 2663 614 2733 Ragusaei
631 2680 716 2722 ιιιιιιιιι
733 2680 834 2720 nauem
853 2663 956 2720 subditi
973 2665 1018 2718 sui
1036 2663 1154 2730 Urseius
1170 2680 1226 2718 una
1238 2679 1302 2718 cum
1319 2663 1404 2721 rebus

158 2749 218 2806 suis
236 2747 424 2813 abstulissent,
443 2747 537 2807 demet
554 2749 704 2819 &genu
721 2767 771 2820 per
789 2765 869 2816 suam
886 2751 1028 2820 regionem
1046 2751 1185 2820 euntibus,
1211 2766 1404 2822 quaecumque

159 2835 257 2907 possit,
285 2841 313 2890 et
330 2834 423 2894 tradat
440 2833 513 2892 dicto
532 2835 658 2902 Urseius,
686 2851 734 2891 eos
752 2841 854 2904 umen,
880 2835 928 2906 qui
945 2835 981 2892 ad
1000 2837 1072 2906 regie
1091 2837 1216 2910 emporia
1234 2852 1295 2896 sese
1312 2836 1404 2894 couse-

158 2927 229 2989 reut,
248 2921 334 2978 libere
348 2921 388 2980 ire
406 2922 535 2992 patiatur.

213 3007 376 3064 Mikltst'cb:
395 3008 472 3066 Mors.
491 3007 606 3070 Serdica
620 3024 651 3078 p·
667 3012 711 3076 bd.

214 3142 453 3203 OOCLXXXVL
482 3149 615 3202 A.1240.
643 3151 667 3202 3.
688 3147 839 3214 februarii.
868 3145 969 3202 Comes
994 3145 1124 3202 antonin
1151 3162 1215 3202 cum
1242 3162 1294 3202 suo
1320 3145 1406 3202 fratre

160 3233 303 3304 Stephano
321 3233 395 3287 bano
413 3233 511 3288 ineunt
528 3249 626 3304 pacem
644 3249 707 3288 cum
725 3234 832 3306 populo
850 3233 885 3289 de
904 3233 1005 3304 Segne.

163 3319 486 3473 ῈωᾝὲοίηΝανισὴῑυο
506 3319 640 3388 familiae
662 3335 728 3374 com.
746 3319 942 3390 Frcnpepcm',
966 3319 998 3374 ιἰι
1020 3317 1132 3374 castello
1157 3317 1190 3373 de
1214 3317 1347 3387 Perpettc
1373 3319 1406 3373 bs

213 3527 470 3584 cocnxxxvn.
493 3527 619 3599 Spoleti,
642 3531 723 3584 1240.
739 3532 767 3590 ,3.
781 3527 933 3598 februarii
959 3527 1034 3591 cum
1050 3528 1121 3584 inter
1139 3527 1317 3599 Tregnanum
1336 3527 1408 3599 epis·

157 3631 264 3686 copam
288 3619 320 3671 at
346 3613 500 3684 capitulum
517 3614 701 3684 lraffadense
728 3631 762 3670 ex
790 3630 846 3670 una
862 3619 943 3685 parte
969 3621 998 3670 et
1023 3615 1130 3679 ,olerum
1147 3613 1353 3682 Sibenicensem
1372 3630 1407 3669 ex

159 3703 249 3759 altera
271 3717 367 3761 ¹ocreas
385 3700 493 3758 Thema
519 3699 714 3760 archidiaeom
741 3707 769 3758 st
794 3702 918 3772 eapitrm
942 3701 1102 3773 spalatensi
1129 3701 1238 3771 questio
1257 3705 1408 3770 verteretur

159 3787 256 3860 quoad
274 3787 478 3845 mentonem
501 3787 741 3858 archipresbyterii
763 3785 943 3855 sibenieeneia
967 3794 995 3843 et
1019 3787 1172 3860 plenariam
1190 3786 1407 3854 andelactionem

158 3874 196 3932 ds
214 3879 376 3944 mntempto
394 3871 530 3931 intendisti
548 3873 689 3940 mandato,
716 3875 782 3930 itenr
795 3873 894 3944 ,quoad
912 3889 1052 3945 expensas
1074 3877 1187 3944 propter
1204 3873 1407 3931 husbatoriam

156 3961 377 4033 appellationem
391 3959 426 4019 ael
439 3961 596 4032 nouenae
610 3961 767 4032 capitulien
785 3962 915 4030 emissam
933 3978 983 4034 per
1000 3959 1201 4028 Sibenicsnsss‚
1220 3957 1407 4030 respondebat

158 4063 227 4120 pars
243 4046 476 4111 Sibeaiceusinm,
489 4046 595 4111 dabas
612 4047 827 4114 ipsuumnntum
843 4046 971 4118 rescindi,
998 4045 1075 4116 quod
1092 4047 1121 4102 in
1139 4045 1348 4119 praeiudicium,
1364 4043 1406 4116 ¹(li-

160 4133 250 4198 cebat,
268 4132 366 4188 dolose
383 4133 541 4189 confectum
559 4140 609 4200 est,
637 4133 750 4203 quando
769 4151 864 4190 eorum
882 4133 1102 4206 archipresbyter
1117 4132 1211 4200 iuerat
1228 4131 1398 4200 ordinandus

162 4220 206 4276 nd
225 4219 301 4290 quod
314 4219 524 4275 archidiaconus
539 4220 661 4284 Thomas
680 4226 708 4278 et
725 4221 878 4291 mpitulpnr
896 4222 1108 4292 promulgarunt
1125 4220 1210 4287 talem
1228 4219 1405 4286 senteethm:

161 4306 303 4377 Imprimis
330 4306 510 4361 restituerunt
537 4305 806 4378 archipresbyterum
832 4309 861 4362 in
889 4307 1051 4378 dignitatem
1069 4305 1161 4370 officii,
1190 4321 1247 4375 qua
1266 4321 1282 4358 a
1299 4303 1406 4358 Sibeni·

161 4391 292 4449 censibus
310 4393 434 4463 privatus
454 4398 526 4457 erat3
541 4391 610 4446 item
628 4392 730 4448 laniato
748 4395 932 4450 instrumento
944 4398 1152 4464 praesepemnt,
1172 4398 1205 4448 ut
1216 4391 1306 4447 dictus
1318 4389 1407 4444 archi-

162 4479 307 4551 presbyter
324 4477 447 4533 delritam
466 4477 652 4533 obedientiam
670 4483 699 4534 et
715 4481 896 4534 reverentiam
919 4479 1049 4534 exhibeat
1066 4479 1208 4550 pmedicto
1225 4475 1360 4548 episeopo
1377 4483 1407 4531 et

163 4566 224 4637 ejus
251 4565 467 4631 successoribus,
494 4563 529 4620 de
555 4565 693 4620 interdicti
720 4571 881 4637 contemptu
899 4580 934 4620 ex
961 4564 1133 4635 beneplacito
1157 4564 1285 4634 episcopi
1310 4577 1407 4618 eornm

163 4646 331 4722 simplicitati
351 4651 561 4707 misericorditer
575 4651 758 4719 indulserunt,
777 4659 805 4707 et
816 4652 1071 4708 condemnaverant
1086 4649 1203 4706 clericos
1210 4649 1408 4706 athenaeus

1307 4737 1318 4768 ll
