3544 5344
708 365 854 410 masas.
1362 343 1405 408 63

159 530 195 586 sd
213 531 355 586 cellarium
373 531 432 586 eius
451 530 540 585 solent
563 529 699 602 deputari,
723 529 826 585 scilicet
849 530 996 597 frumento,
1019 547 1115 596 avens,
1133 547 1204 598 cera,
1225 532 1315 598 melle,
1334 531 1402 598 linc,

160 617 239 684 fabis,
259 618 339 687 agnis
358 623 385 672 et
402 617 528 683 nucibus,
553 634 677 672 necnon
701 617 808 672 fertone
831 615 986 672 cancellarii
1008 624 1036 672 et
1059 635 1115 672 una
1137 635 1230 672 marca
1248 619 1403 688 pincernae,

159 705 296 758 concessit
313 703 435 774 capitulo
453 703 624 772 zagrabiensi
643 720 693 773 pro
711 703 808 774 cappis
827 704 885 757 nnis
901 703 1017 774 singulis
1035 705 1114 758 annis
1132 705 1305 760 renovandis.
1324 705 1404 760 Deci·

159 807 220 844 mas
238 806 351 870 quoqne
369 789 405 844 de
423 788 532 844 (lercha
550 787 693 856 (Gverche,
713 789 851 858 Goricai),
870 790 993 860 exceptis
1006 790 1171 861 supradietis
1189 791 1358 858 accessoriis,
1377 797 1405 847 et

158 876 294 931 ducentos
312 893 412 946 porcos
431 882 459 930 et
476 875 610 932 ducentos
628 876 745 930 cubulos
764 877 820 930 vini
846 876 882 931 de
900 877 1012 932 cellario
1030 877 1202 946 zagrsbieusi
1220 878 1260 934 eis
1278 877 1403 934 contulit.

158 963 313 1028 Praeterea,
341 979 404 1018 cum
431 963 556 1018 canonici
583 979 639 1018 non
657 963 805 1018 habuerint
822 963 981 1018 habitacula
999 965 1164 1032 communia,
1184 965 1212 1018 in
1231 981 1286 1035 qna
1304 980 1403 1018 conve·

158 1050 266 1104 nientes
278 1048 314 1104 ad
333 1047 425 1104 divina
443 1048 533 1104 officia
552 1049 580 1104 in
597 1047 682 1104 domo
694 1049 798 1104 domini
811 1049 971 1121 expedicius
985 1051 1093 1120 possint
1108 1067 1278 1118 concurrere,
1296 1051 1401 1106 eudem

159 1153 241 1192 snam
260 1143 287 1191 et
305 1153 402 1192 omnes
425 1135 523 1191 domos
547 1136 575 1190 in
599 1135 695 1190 cedem
720 1135 869 1190 existentes
887 1135 992 1191 eisdem
1010 1143 1145 1208 perpetuo
1164 1137 1280 1192 contulit
1297 1137 1403 1192 inhabi-

158 1223 266 1289 tandas,
284 1229 317 1278 ut
339 1225 367 1278 in
386 1239 473 1278 unum
497 1223 691 1278 convenientes
713 1223 824 1278 valeant
848 1223 993 1278 salubriter
1017 1224 1186 1280 cotidianum
1211 1224 1332 1279 officium
1354 1225 1401 1279 de·

158 1317 282 1366 cantare.

265 1414 392 1470 statut:
415 1414 494 1470 Men.
513 1417 594 1483 episc.
612 1429 687 1485 supr.
710 1417 774 1483 l,p.
794 1419 829 1468 58

211 1536 372 1592 CCXVIII.
390 1539 574 1593 1225-1228.
593 1536 664 1591 Cum
677 1537 802 1592 nonnulli
815 1554 849 1592 ex
861 1537 894 1590 iis
907 1536 1037 1592 fratribus
1053 1537 1281 1609 praedicatorum,
1300 1539 1347 1609 qni
1366 1537 1401 1592 ad

157 1629 259 1679 terram
277 1631 402 1678 sanctam
420 1622 549 1678 destinati
568 1623 685 1690 fuerant,
704 1623 860 1692 ngusinm
872 1624 1053 1695 appulissent,
1072 1625 1247 1694 Arringeriue
1259 1625 1403 1680 Romanus

155 1709 383 1782 archiepiscopus
401 1716 429 1764 et
446 1709 580 1764 Nieoleus
599 1709 634 1764 de
653 1709 784 1764 Surrento
811 1717 900 1766 rector
918 1727 968 1766 seu
986 1728 1080 1766 comes
1097 1711 1212 1782 ngusii
1231 1711 1403 1768 ditinuerunt

153 1797 218 1852 illos
236 1798 265 1851 in
286 1797 403 1864 civitate,
431 1803 458 1851 st
484 1795 658 1851 tradiderunt
684 1797 737 1850 illis
764 1797 907 1866 quoddam
934 1798 1066 1853 sacellum
1090 1798 1125 1852 ed
1149 1799 1259 1853 moenia
1282 1799 1401 1854 civitatis

154 1900 177 1937 s.
195 1883 305 1938 Jacobs
324 1882 451 1954 apostolo
470 1889 616 1948 sacratum,
636 1882 797 1954 domosque,
817 1900 889 1954 quae
907 1884 1111 1951 circumerant,
1130 1902 1180 1957 pro
1199 1891 1335 1941 conventu
1354 1885 1402 1940 de-

154 1971 335 2024 stinaverunt
356 1969 428 2023 Cum
445 1975 539 2023 antem
557 1985 688 2024 numerus
707 1969 824 2024 fratrum
842 1971 869 2024 in
889 1970 964 2025 brevi
982 1987 1071 2040 usque
1084 1970 1120 2025 ad
1132 1972 1167 2026 40
1179 1972 1270 2038 crevit,
1287 1971 1402 2027 donavit

152 2056 209 2110 illis
228 2072 253 2110 a
273 2056 342 2110 1228
360 2054 460 2110 nobilis
479 2056 545 2110 ciris
563 2054 599 2110 de
616 2055 743 2110 Palmota
761 2057 905 2112 ecclesiam
925 2057 949 2110 b.
969 2057 1081 2126 virginis
1093 2059 1122 2113 in
1135 2058 1228 2113 coelm
1241 2063 1402 2130 assumptae

153 2149 182 2197 et
200 2141 315 2196 domum
333 2148 361 2196 st
377 2143 489 2198 hortum
507 2148 585 2198 extra
603 2159 697 2198 muros
714 2143 832 2199 civitatis
850 2144 928 2200 iuxta
946 2143 1077 2199 sacellum
1097 2161 1117 2198 s.
1136 2144 1246 2200 Jacobi.

206 2247 337 2302 Farfati:
353 2245 437 2317 Rlyr.
456 2263 528 2303 sacr.
549 2249 577 2301 tt
602 2247 651 2302 VI.
667 2265 696 2317 p.
717 2252 759 2302 95.

208 2385 340 2441 CCXIX.
358 2387 490 2456 Brucida,
511 2389 543 2438 21
560 2387 665 2441 Martii
682 2390 757 2442 1228.
776 2387 959 2458 Temporibus
977 2389 1049 2458 regis
1062 2387 1191 2443 Andreae
1208 2387 1245 2454 Il,
1264 2386 1401 2443 Drssinae

153 2475 262 2529 comitis
281 2472 403 2540 Braciae,
421 2473 578 2542 Dragcslav
592 2473 699 2544 jupani,
719 2480 746 2528 et
763 2474 914 2530 Parvoslov
933 2481 961 2530 et
978 2473 1104 2544 Gregorii
1118 2474 1248 2544 Drsgosii
1261 2473 1399 2544 judicum,

152 2562 310 2632 comparuit
328 2565 392 2615 ante
410 2561 514 2615 curism
531 2561 559 2615 in
578 2560 677 2615 Nerezi
695 2561 763 2616 Iven
781 2561 852 2630 Bloy
870 2568 898 2616 et
916 2563 1101 2632 praesentavit
1114 2562 1260 2632 pecuniam
1273 2567 1357 2632 prout
1369 2562 1398 2615 in

152 2649 282 2714 sudbina,
302 2666 352 2718 pro
370 2649 451 2702 vinea
469 2648 613 2714 viverinse,
627 2655 655 2702 et
666 2647 822 2703 licentiatus
834 2647 893 2702 fnit
907 2648 1049 2703 Barnabas
1062 2647 1273 2720 archipresbiter
1288 2649 1400 2720 juratus

151 2735 246 2792 scriba
264 2736 469 2791 communitatis
487 2735 604 2805 scripsit.

208 2839 354 2896 OEcarelli:
374 2838 569 2896 Osservoaious‘
586 2840 661 2894 salla
680 2839 765 2896 lsolla
784 2839 815 2894 di
836 2840 956 2908 Bracae,
973 2857 1002 2910 p.
1022 2844 1085 2896 106.

206 2962 322 3017 CCXX.
347 2965 392 3019 27.
417 2961 539 3033 secuse·
562 2963 641 3018 1226.
667 2960 827 3032 Capitulum
851 2963 1028 3032 asgrebiense
1052 2967 1205 3028 attestatur,
1230 2961 1306 3032 quod
1331 2963 1399 3018 Vol·

151 3049 234 3105 cheta
251 3048 337 3104 nobili
356 3050 422 3116 viro,
441 3066 497 3104 nna
515 3065 578 3104 cum
596 3049 726 3104 fratribus
745 3051 802 3104 suis
821 3047 905 3104 Szida
922 3056 951 3104 et
968 3049 1065 3120 Mergs
1083 3049 1146 3102 filiis
1165 3049 1273 3102 Mezten
1292 3048 1398 3103 abnue

152 3143 240 3208 parte,
260 3142 288 3190 et
305 3136 428 3193 Roberto
446 3136 546 3192 comite
564 3136 613 3190 lilii
631 3136 703 3192 Abel
721 3137 903 3206 personaliter
914 3135 1078 3202 constitutis,
1091 3133 1165 3190 idem
1176 3134 1314 3189 Volcheta
1335 3152 1399 3190 cum

152 3223 285 3279 fratribus
304 3223 423 3279 confessi
442 3223 503 3290 sint,
529 3223 604 3292 qnod
623 3223 676 3294 ipsi
700 3224 840 3279 vinculum
859 3223 1042 3294 proximitatis
1060 3239 1124 3277 cnm
1142 3222 1204 3292 ipso
1223 3223 1323 3276 comite
1341 3221 1396 3277 Ro-

153 3312 234 3367 berto
253 3310 415 3366 contrahere
433 3310 564 3377 volentes,
584 3327 633 3382 per
657 3310 742 3366 filiam
760 3311 876 3382 praefati
900 3309 1037 3366 Volcheta
1055 3310 1167 3364 nomine
1184 3309 1315 3378 Drugozt,
1334 3325 1398 3379 pos-

153 3399 307 3454 sessionem
333 3414 413 3452 suam
438 3398 598 3468 culpateum
616 3415 679 3453 cum
698 3398 826 3453 omnibus
850 3396 1020 3468 pertinentiis
1045 3395 1211 3451 contulerint
1232 3394 1323 3450 eidem
1341 3395 1398 3451 Ro·

153 3486 241 3540 berto.
260 3483 316 3540 Pro
334 3485 431 3540 maiori
449 3486 557 3540 cantela
575 3485 744 3539 exmisernnt
762 3484 924 3554 magistrum
945 3483 1133 3552 Drsgozlaum
1151 3500 1202 3553 pro
1219 3481 1398 3553 inspiciendis

152 3572 242 3627 metis.
267 3572 320 3626 Cui
338 3572 525 3626 commissioni
544 3572 691 3626 astiterunt
714 3573 796 3626 etism
815 3567 933 3641 proximi
955 3569 1091 3624 Vlchetse
1108 3569 1217 3623 comitis
1235 3575 1263 3623 et
1281 3568 1396 3623 fratrum

153 3676 277 3725 suorum,
297 3659 411 3713 scilicet:
437 3659 575 3714 Occurina
602 3665 628 3713 et
652 3657 791 3714 Volchetlr
814 3657 862 3710 filii
888 3657 1016 3723 Mestina,
1040 3653 1185 3712 Gerdimer
1203 3661 1230 3709 et
1253 3653 1398 3710 Vranesco

153 3747 202 3800 frlii
222 3745 330 3812 Crisan,
348 3745 425 3800 Vollr
444 3751 471 3800 et
488 3745 568 3801 Nork
592 3745 639 3799 filii
664 3745 763 3811 Norss,
787 3744 897 3799 Junosa
922 3743 995 3797 lilius
1013 3741 1139 3808 Kobeda,
1158 3741 1316 3796 Predizlsus
1335 3758 1398 3796 cum

152 3832 286 3886 fratribus
305 3839 332 3887 et
350 3833 491 3903 proximis,
517 3833 617 3899 Oreun,
642 3831 761 3900 Drsgos,
786 3831 892 3897 Ertesa,
916 3829 1064 3896 Chemeht,
1090 3828 1188 3896 Odola,
1207 3829 1331 3884 Zorislav
1350 3828 1398 3882 filii

154 3917 302 3984 Ohnchnlr,
320 3917 473 3989 Vollrouoy
491 3925 518 3973 et
535 3919 612 3974 Volk
624 3917 672 3972 filii
685 3917 805 3983 Stoislsi,
818 3917 865 3986 qui
877 3915 1057 3972 donationem
1069 3917 1247 3971 ratificarnnt.
1260 3915 1398 3968 Metarum

152 4007 243 4076 prima
261 4006 357 4076 incipit
374 4005 423 4060 ubi
442 4006 554 4075 quidam
572 4005 667 4060 alveus
687 4005 792 4061 Sacrae
810 4003 939 4059 Struzsht
956 4009 1071 4059 vocatus
1089 4001 1163 4057 cedit
1180 4001 1331 4067 inseram,
1349 4017 1399 4071 per

152 4109 237 4163 quem
257 4093 331 4148 venit
349 4091 385 4148 ad
403 4110 489 4147 unum
513 4091 621 4156 Cheret,
646 4109 664 4146 a
687 4109 743 4162 quo
770 4091 847 4147 vadit
863 4092 899 4147 ad
919 4092 1031 4146 dunum
1057 4089 1163 4155 Gerita3
1182 4089 1246 4142 inde
1264 4089 1340 4142 venit
1359 4087 1394 4142 sd

153 4178 296 4249 quoddam
314 4179 410 4248 ium(i)
427 4177 491 4233 inde
509 4178 545 4233 ad
558 4179 651 4233 locum
668 4178 826 4248 Pysvichna
844 4197 893 4250 per
911 4196 998 4233 unum
1015 4178 1129 4232 fluvium
1151 4174 1187 4230 ad
1205 4175 1302 4228 silvam
1321 4175 1398 4244 Meg-

152 4267 252 4332 nskea,
277 4265 342 4320 inde
365 4266 400 4320 ad
424 4265 539 4320 durium
564 4265 761 4334 Charenchins‚
784 4265 927 4336 perviam
952 4264 1027 4319 vadit
1051 4281 1100 4334 per
1124 4279 1210 4316 unum
1229 4261 1306 4330 Siget
1324 4261 1399 4316 bonu

152 4351 327 4423 longitudine
345 4359 373 4407 et
390 4353 465 4408 venit
482 4351 517 4407 ed
536 4354 609 4408 viam
633 4353 775 4422 antiquam
800 4369 895 4407 versus
914 4351 1146 4422 septemtrionem,
1165 4366 1215 4419 per
1233 4364 1316 4418 qnam
1336 4365 1398 4418 pro·

153 4441 228 4496 cedit
244 4440 330 4495 nimia
354 4438 527 4509 longitndine
551 4456 568 4493 a
592 4439 703 4494 sinistra
727 4445 805 4510 parte
828 4445 901 4493 terra
925 4438 1033 4492 abbatis
1057 4437 1093 4492 de
1116 4437 1240 4508 Toplica,
1266 4434 1399 4490 adextra

152 4533 226 4582 terra
244 4525 358 4581 Roberti
383 4526 498 4582 comitis.
523 4527 577 4581 Per
601 4526 716 4582 eandem
742 4528 813 4581 viam
838 4525 873 4580 ad
898 4527 986 4580 rivum
1012 4524 1142 4595 Salepeht
1166 4529 1194 4577 et
1211 4539 1261 4594 per
1279 4521 1397 4577 cundem

154 4614 229 4670 cadit
246 4615 275 4668 in
294 4612 406 4668 fiuvium
425 4613 631 4682 Moschenicha,
655 4632 704 4684 per
730 4631 812 4684 quern
836 4613 910 4667 cudit
933 4613 961 4666 in
986 4612 1113 4683 Culpam,
1131 4611 1196 4666 hinc
1214 4626 1264 4680 per
1282 4607 1398 4663 eandem
