3376 5350
363 485 428 556 426
867 495 887 538 1.
901 479 1109 547 enuntiavit,

365 695 451 732 unum
471 693 574 732 annum
593 676 762 746 completum
781 693 845 729 cum
862 674 880 729 J
883 692 972 730 oanne
985 674 1151 740 Gontareno,
1165 675 1255 730 bonae
1268 676 1417 730 memoriae
1430 675 1449 730 J
1452 677 1538 730 scobi
1551 677 1615 730 Con-

365 766 451 820 tareni
471 763 550 818 dncis
568 763 747 818 venetiarum
766 759 831 830 tilio,
850 763 960 818 nomine
979 767 1007 817 et
1025 763 1084 816 vioe
1102 761 1180 817 ducis
1199 769 1227 818 et
1252 763 1407 816 communis
1424 763 1616 830 venetiarum,

365 856 529 926 promittens
547 853 638 908 dictus
656 869 748 907 comes
766 851 911 922 Georgius,
930 852 1005 922 quod
1023 853 1082 922 ipse
1101 869 1164 906 curn
1183 849 1350 922 supradictis
1362 867 1417 904 non
1431 850 1560 906 offendet
1573 870 1617 906 ner

365 941 466 997 offendi
485 941 575 1006 faciet,
601 956 746 995 commune
765 947 793 994 et
810 940 936 994 homiues
954 940 1134 994 venetiarum
1154 955 1204 993 nec
1224 940 1251 994 in
1271 938 1354 992 rebus
1372 955 1424 992 nec
1442 937 1471 992 in
1494 942 1617 1008 personis
1666 923 1667 952 ¹

365 1029 414 1084 sed
433 1045 529 1083 omnes
547 1027 688 1082 habebunt
706 1027 797 1082 salvos
815 1031 844 1081 et
862 1043 973 1082 securos
992 1027 1103 1097 ubique.
1121 1027 1191 1082 Item
1216 1025 1350 1096 promisit,
1376 1025 1452 1096 quod
1476 1045 1539 1080 non
1564 1045 1618 1097 per·

365 1117 456 1172 mittet
474 1117 621 1170 molestare
641 1123 740 1171 terram
759 1116 866 1170 Pharao
890 1123 918 1170 et
942 1116 1060 1170 Braznae
1084 1115 1127 1170 vel
1152 1114 1234 1168 aliam
1257 1119 1358 1168 terram
1382 1114 1431 1167 ubi
1457 1125 1505 1170 est
1530 1133 1618 1170 comes

366 1221 435 1258 com.
454 1203 644 1258 venetiarum.
663 1203 734 1258 Item
752 1203 828 1274 quod
847 1203 997 1258 Almissaui
1015 1219 1071 1257 non
1089 1203 1190 1256 inferre
1215 1202 1300 1256 velint
1325 1202 1428 1256 damus
1452 1202 1543 1272 lignis
1570 1204 1618 1257 l'e

366 1293 471 1356 neticis,
490 1307 540 1346 nec
559 1291 668 1346 venient
685 1291 721 1345 ah
739 1293 855 1346 Ancona
874 1292 947 1344 ultra
965 1307 1059 1345 versus
1076 1289 1218 1356 Venetiae,
1232 1305 1283 1342 nec
1295 1307 1312 1344 a
1324 1289 1393 1359 Hya
1405 1305 1506 1344 versus
1522 1290 1619 1345 Vener.

366 1380 417 1434 nisi
436 1387 510 1434 esset
527 1385 640 1448 propter
657 1379 845 1434 austeritatem
863 1378 1002 1447 temporis.
1022 1377 1051 1432 Si
1070 1393 1119 1448 per
1137 1376 1241 1432 dictum
1255 1377 1385 1431 comitem
1405 1377 1568 1446 Georgium
1581 1379 1620 1432 vel
1667 1375 1668 1388 ³

366 1467 486 1536 aliquem
505 1466 645 1520 hominem
663 1466 750 1536 ipsius
769 1465 880 1520 daretur
897 1465 1010 1536 aliquod
1023 1465 1155 1519 damnum
1167 1465 1324 1520 hominibus
1336 1464 1491 1530 veneticis,
1513 1473 1621 1520 tenetur

366 1570 459 1608 comes
477 1559 567 1608 totum
587 1553 718 1608 damnum
743 1551 890 1608 emendare
908 1553 951 1607 vel
971 1552 1036 1607 dare
1055 1553 1118 1606 illos
1136 1553 1164 1606 in
1182 1568 1282 1606 manus
1306 1552 1392 1618 ducis,
1411 1553 1460 1622 qui
1485 1553 1621 1608 damnum

367 1641 522 1696 intulerunt
541 1641 612 1694 inira
629 1641 664 1694 30
689 1640 756 1706 dies,
781 1639 830 1695 sed
855 1642 877 1695 si
903 1641 943 1694 illi
969 1641 1016 1710 qui
1041 1641 1239 1694 commiserunt
1263 1639 1395 1694 damnum
1420 1657 1478 1694 non
1507 1657 1622 1711 possent

368 1729 474 1784 solvere
493 1735 520 1783 et
538 1729 682 1783 restituere
701 1727 842 1790 damnum,
861 1735 889 1782 et
907 1728 963 1782 dati
982 1727 1095 1782 fuerunt
1114 1729 1141 1780 in
1160 1745 1259 1782 manns
1278 1726 1304 1782 d.
1330 1727 1416 1794 ducis,
1436 1743 1539 1783 comes
1559 1731 1623 1784 libe-
1668 1781 1669 1792 ,

367 1825 442 1871 retur
454 1832 471 1869 a
483 1815 628 1870 solutione.
648 1815 693 1870 Ad
712 1816 780 1870 haec
798 1816 890 1870 omnia
904 1815 1009 1886 jurarit
1027 1831 1118 1870 comes
1137 1815 1275 1884 Georgius
1288 1831 1352 1868 cum
1370 1815 1428 1868 suis
1442 1814 1479 1869 ad
1499 1833 1523 1870 s.
1543 1835 1624 1871 evan-

367 1904 441 1974 gelia
458 1903 502 1958 dei
521 1909 596 1958 tacto
614 1903 694 1969 libro,
713 1901 788 1973 quod
808 1903 873 1957 velit
891 1908 973 1972 pacta
997 1902 1141 1956 ohservare
1160 1901 1212 1956 sub
1230 1917 1320 1971 poena
1338 1903 1372 1956 15
1389 1901 1515 1958 millium
1541 1905 1625 1958 dena·
1668 1971 1669 1976 ἵ

367 1991 468 2046 riorum
478 2007 633 2060 parvorum.
645 1991 792 2044 Caeterum
806 1991 829 2043 si
842 1989 932 2044 dictus
943 2006 1034 2044 comes
1050 1989 1186 2060 Georgius
1203 1990 1307 2044 veniret
1322 1989 1458 2044 Venetiae
1471 1995 1625 2046 occasione

367 2077 449 2133 eundi
469 2077 504 2132 ad
523 2079 627 2132 curiam
646 2077 671 2132 d.
691 2077 792 2147 Papae,
812 2078 855 2132 vel
874 2077 928 2130 alia
947 2079 1101 2145 occasione,
1122 2077 1212 2131 dictus
1231 2076 1288 2132 dux
1308 2093 1358 2147 per
1375 2093 1405 2131 se
1424 2085 1453 2131 et
1465 2095 1521 2147 per
1534 2079 1626 2134 dicta-

368 2183 432 2220 suoe
444 2164 557 2220 habebit
569 2164 709 2220 ethahere
728 2165 811 2218 saciet
832 2181 895 2218 eum
914 2181 969 2218 uns
987 2181 1114 2218 cumana
1133 2165 1262 2218 comitiva
1285 2164 1313 2218 in
1336 2165 1463 2234 personis
1483 2173 1516 2219 et
1542 2169 1626 2222 rebu-

368 2253 475 2308 salvum
493 2261 521 2306 et
539 2269 666 2306 securum
691 2252 824 2306 Venetiae
849 2251 993 2318 veniendo,
1019 2250 1126 2317 stando,
1146 2251 1237 2305 eundo
1256 2257 1283 2305 et
1302 2251 1453 2307 redeundo.

420 2341 542 2394 Lucius:
560 2340 604 2394 Dc
621 2341 716 2410 reguis
732 2339 827 2394 Dalm.
846 2345 871 2394 et
893 2339 986 2393 Croci.
1004 2338 1066 2392 Lib.
1086 2339 1139 2392 IV.
1158 2355 1218 2408 cup.
1237 2338 1292 2394 IX.

423 2497 701 2554 nrcnnxxxvru.
728 2501 804 2554 1292.
833 2502 875 2552 11.
902 2498 1062 2552 Ferreae.
1092 2496 1254 2567 caprarum
1279 2496 1459 2552 ehamensis
1485 2501 1628 2556 “uerae
1669 2487 1670 2564 i

369 2588 514 2658 significat,
534 2585 610 2656 quod
630 2587 729 2640 Petrus
749 2585 821 2639 filius
840 2585 916 2640 Petri
935 2584 1078 2641 consessus
1097 2586 1133 2640 sit
1150 2591 1251 2638 terram
1276 2601 1354 2638 suam
1374 2583 1503 2642 Goriuha
1530 2591 1628 2644 rendi-

369 2675 443 2729 disse
461 2675 593 2743 magistro
612 2672 701 2727 Paulo
721 2672 795 2728 dicto
811 2673 897 2738 Chalr,
916 2673 944 2726 in
954 2689 1076 2742 persona
1090 2671 1212 2726 Thomas
1225 2671 1335 2742 plebani
1349 2672 1383 2726 de
1397 2671 1520 2730 Hothov
1535 2679 1628 2731 vicem

370 2763 430 2831 ejus
449 2761 578 2831 gerentis,
597 2777 648 2832 pro
667 2760 812 2829 sexaginta
830 2761 936 2814 marcis.
957 2759 1049 2814 Melae
1073 2767 1166 2814 autem
1185 2777 1255 2830 quas
1280 2759 1380 2814 Petrus
1403 2761 1628 2818 archidiaconus

370 2849 548 2904 Ghasmensis
573 2865 664 2903 coram
689 2847 785 2901 vicinis
805 2847 968 2902 distinxerat
986 2849 1122 2918 incipiunt
1145 2848 1180 2901 ab
1198 2847 1304 2902 oriente
1322 2849 1351 2902 in
1369 2847 1496 2918 quadam
1518 2851 1629 2914 Mhrlm,

370 2954 467 2991 versus
486 2936 657 2990 occidentem
677 2952 779 3005 magua
798 2936 849 3003 via,
869 2951 939 3006 qnae
958 2941 1000 2990 est
1018 2937 1089 2990 inter
1101 2943 1201 2990 terram
1221 2934 1302 2989 Pauli
1321 2943 1349 2989 et
1367 2934 1535 3006 Goricham,
1550 2944 1629 2994 venit

370 3024 406 3078 nd
431 3023 547 3078 dumam
572 3021 708 3092 Rakatya,
733 3022 950 3077 conterminatur
972 3029 1060 3078 terrae
1085 3023 1204 3077 Dionisii
1229 3029 1257 3078 et
1283 3031 1372 3078 terrae
1396 3023 1551 3082 Benedicti
1583 3030 1629 3082 tilii
1670 3061 1671 3096 3

370 3111 479 3178 Rodini,
498 3127 547 3181 per
564 3110 652 3165 varim
670 3119 758 3164 metas
776 3111 851 3164 cadit
867 3111 897 3164 iu
915 3117 999 3180 caput
1018 3109 1149 3166 Pullarini
1167 3118 1195 3166 et
1215 3111 1289 3166 vadit
1306 3111 1342 3166 ad
1360 3112 1492 3182 priorem.
1670 3097 1671 3176 i

427 3198 493 3254 Cori.
512 3198 579 3266 dipl.
596 3199 710 3266 patrius
732 3198 797 3253 VII.
813 3215 842 3266 p.
861 3202 920 3252 227.
1670 3195 1671 3218 ¹

424 3339 674 3394 MGDLXXXIX.
703 3342 778 3394 12⁹2.
806 3342 847 3392 26.
877 3339 1036 3393 Februarii.
1064 3339 1190 3394 Androm
1213 3339 1265 3394 III.
1290 3357 1338 3396 rex
1366 3339 1452 3395 donat
1476 3341 1632 3414 Stephano

370 3429 443 3484 hano
464 3428 521 3483 filio
541 3427 648 3482 comitis
667 3427 801 3498 Stephani
820 3435 919 3482 terram
939 3427 1059 3481 Dresnilr
1079 3445 1141 3482 eum
1161 3428 1218 3482 suis
1237 3428 1418 3498 pertinentiis.

428 3517 502 3586 orm
523 3517 553 3568 in
590 3516 701 3569 archoo
720 3517 850 3568 concitum
868 3515 898 3568 F
898 3516 1055 3585 arrapepuni
1075 3517 1104 3568 iu
1127 3517 1245 3570 Crrstello
1264 3517 1395 3586 Perpetto
1415 3534 1461 3571 ar.
1479 3523 1508 3573 9.

424 3673 570 3730 MODXG.
588 3672 735 3741 rrarurti.
753 3676 830 3726 1292.
848 3675 891 3726 27.
909 3672 1068 3727 Februarii.
1087 3703 1120 3712 —
1138 3676 1181 3728 21.
1200 3673 1312 3727 Martii.
1338 3673 1481 3728 Statutum
1510 3676 1540 3731 in
1565 3697 1633 3733 con-

372 3761 433 3816 silio
452 3760 573 3832 generali
592 3761 797 3814 communitatis
816 3760 1007 3830 Traguriensis
1027 3761 1071 3815 die
1089 3763 1131 3815 il.
1151 3761 1303 3828 Februarii,
1322 3761 1398 3832 quod
1411 3777 1498 3832 super
1520 3766 1632 3820 Almia-

372 3850 447 3904 sauis
465 3847 520 3902 vim
538 3848 719 3902 inserentibus
732 3849 858 3902 mittatur
870 3849 1042 3902 ambassator
1055 3847 1209 3918 Spalatum,
1222 3849 1269 3920 qui
1283 3865 1347 3904 cum
1359 3849 1414 3902 alio
1427 3851 1633 3906 ambassatore

372 3935 528 4006 Spalatcnsi
557 3935 639 3990 vadat
666 3935 700 3989 ad
727 3937 855 3990 comitem
881 3935 1039 4005 Georgcum
1064 3935 1100 3988 ad
1127 3937 1179 3990 hoc
1204 3935 1407 4006 exponendum.
1433 3967 1468 3976 —
1495 3938 1554 3993 Die
1590 3945 1633 3994 z'l.

373 4024 474 4078 Martii.
494 4022 643 4076 Mittantur
656 4023 800 4092 Spalatum
814 4023 870 4076 duo
883 4025 1085 4078 aurhrtssatores
1104 4041 1186 4093 super
1204 4024 1425 4078 Almissanornm
1439 4025 1633 4082 incursiones.

372 4141 405 4150 -
425 4111 496 4166 Item
516 4110 591 4179 quod
611 4127 661 4180 pro
679 4113 731 4163 300
750 4111 826 4163 libris
851 4110 950 4164 dandis
976 4110 1001 4164 d.
1025 4111 1114 4164 Paulo
1139 4112 1212 4165 bano
1236 4117 1375 4182 ponantur
1399 4114 1434 4167 20
1458 4114 1548 4170 solidi
1581 4137 1633 4188 pn·

373 4199 524 4252 centinario
544 4203 571 4251 et
589 4197 731 4251 solvantur
755 4199 835 4264 banc,
854 4205 881 4252 et
906 4199 1046 4252 residuum
1072 4199 1196 4253 solvatur
1220 4199 1245 4253 d.
1270 4199 1413 4254 Potestati.
1438 4199 1515 4256 Item
1542 4222 1634 4275 super

373 4286 511 4340 solutione
530 4285 682 4350 hominum,
701 4285 748 4354 qui
768 4286 882 4340 tuebaut
900 4287 1003 4340 hrenum
1018 4293 1113 4341 contra
1124 4287 1239 4354 hostem,
1253 4286 1400 4357 colligatur
1418 4304 1493 4344 unns
1508 4308 1633 4360 grossas

373 4389 422 4443 pro
442 4372 567 4426 fumante
587 4371 631 4438 (dc
650 4371 842 4440 fumo-domo).

424 4460 545 4514 Larius:
565 4459 647 4513 Mem.
667 4458 698 4513 di
719 4461 803 4514 Traia.
819 4477 848 4528 p.
869 4465 928 4514 131.

407 4617 570 4672 ttunxoi.
587 4618 720 4690 Neapoli.
739 4622 816 4673 1292.
835 4623 876 4672 12.
896 4619 1014 4690 Aprilis.
1027 4621 1144 4674 Carolus
1159 4619 1305 4676 Martellus
1318 4639 1366 4676 rex
1380 4621 1482 4678 Sicilae
1496 4633 1632 4696 pensata

372 4706 457 4774 gratis
470 4706 587 4759 servitiis
601 4721 671 4775 (pirae
687 4705 829 4761 Johauuee
849 4707 921 4760 filius
941 4709 1055 4762 Heuriei
1074 4710 1137 4764 beni
1156 4709 1213 4778 regi
1232 4709 1374 4778 qrrondam
1394 4710 1532 4770 Ladislao
1556 4729 1588 4771 et
1610 4719 1632 4770 ei

372 4792 409 4848 ad
428 4809 559 4862 praeseus
577 4795 604 4846 in
623 4794 738 4862 agendis
756 4797 834 4865 regni
854 4795 973 4864 exhibet,
999 4813 1124 4853 annuens
1148 4799 1329 4869 petitionibus
1352 4800 1420 4870 eius,
1439 4801 1633 4862 donationem
