3488 5380
317 420 331 443 ⁶
348 417 412 486 222
853 446 872 486 ι.
893 433 1090 494 unumunurn,

347 608 460 666 Lucach
488 625 521 666 ac
548 608 647 664 iratres
675 609 734 666 eins
761 609 834 666 lilios
861 607 974 681 Endrey
998 609 1115 678 comitis,
1133 625 1226 666 coram
1250 609 1350 666 comite
1368 609 1550 682 zagrabiensi,
1569 611 1596 665 vi

349 697 429 754 cuins
447 695 545 754 eadem
563 701 637 753 terra
654 695 718 752 filiis
744 695 855 770 Endrey
873 713 924 768 pro
942 696 1053 754 duabus
1076 698 1176 753 marcis
1204 697 1313 754 ratione
1338 698 1414 769 pecie
1437 697 1535 754 levatis
1554 715 1596 754 re·

346 785 432 842 misea
449 785 548 841 extitit.

406 891 529 948 Weaeel:
550 891 616 948 God.
634 889 704 961 dipl.
724 890 832 960 Arpod.
856 890 922 946 VII.
943 894 1003 947 462.

399 1030 583 1088 DOOXLVI.
601 1035 681 1087 1257.
698 1030 853 1102 Tybnrcius
872 1047 966 1088 comes
984 1031 1178 1103 Zagrabiensis
1196 1031 1329 1101 notificat,
1348 1033 1423 1106 quod
1442 1051 1506 1090 cnm
1518 1033 1595 1104 Yan‚

347 1119 442 1192 Draga
460 1125 488 1177 et
509 1119 647 1176 Martinus
664 1119 739 1175 filius
757 1119 825 1188 eius,
843 1119 994 1176 Karachnn
1013 1119 1087 1176 filins
1110 1119 1187 1188 wll,
1202 1119 1369 1190 j0bagiones
1392 1122 1475 1178 castri
1493 1121 1596 1193 Zagru-

349 1209 454 1266 bieneie
473 1213 501 1264 ot
517 1213 577 1265 tota
594 1207 736 1279 generatio
756 1223 852 1263 eorum
870 1211 967 1264 oontm
983 1206 1098 1262 Vurach
1116 1212 1144 1262 et
1165 1206 1264 1263 fratres
1288 1223 1355 1264 euos
1383 1208 1455 1266 lilioe
1481 1208 1595 1282 Endrey

348 1296 458 1354 comitia
477 1312 528 1367 pro
546 1299 619 1352 terra
636 1293 735 1350 Lonka
750 1295 832 1366 juxta
856 1293 970 1350 fluvium
995 1294 1072 1352 Odra
1096 1295 1124 1350 in
1151 1294 1212 1350 eiua
1229 1295 1424 1351 convenissent
1447 1295 1595 1366 precantia,

347 1401 467 1457 quorum
487 1384 636 1440 terminum
653 1381 842 1455 responsionis
869 1382 912 1438 bie
937 1387 1124 1454 prorogasset,
1144 1381 1258 1438 demum
1282 1381 1319 1437 ad
1345 1381 1506 1438 instantiam
1533 1383 1595 1454 llly-

347 1472 440 1543 roelay
459 1477 488 1528 et
505 1470 642 1542 Wolialay
659 1471 796 1526 terrestris
813 1470 922 1525 comitis
940 1470 994 1539 sui,
1011 1469 1112 1542 Boroij,
1140 1469 1287 1542 Menealay
1305 1475 1333 1526 et
1351 1471 1464 1526 Martini
1482 1472 1593 1526 comitis

347 1577 381 1617 ac
398 1559 517 1616 aliorum
536 1558 743 1630 quamplurium
757 1555 858 1614 dictam
870 1573 993 1625 caueam,
1006 1563 1089 1629 prout
1107 1557 1245 1614 ambabus
1263 1559 1368 1630 placuit
1385 1559 1514 1630 partibus
1533 1575 1595 1614 sen-

347 1648 450 1704 tentiae
468 1645 630 1704 eorumdem
649 1646 711 1718 paci
728 1645 833 1702 dimisit
843 1644 1008 1712 reformare;
1027 1645 1075 1716 qui
1095 1662 1163 1718 pace
1175 1645 1311 1715 ordinata,
1323 1645 1406 1702 iidem
1421 1646 1485 1714 Jan,
1498 1647 1595 1718 Drage

348 1735 486 1791 Martinus
512 1741 541 1790 et
565 1733 639 1790 lilius
663 1733 723 1790 eius
746 1733 878 1790 Karacun
902 1749 967 1788 cnm
990 1733 1048 1788 suis
1072 1733 1204 1804 cognatis,
1229 1732 1332 1789 dictam
1355 1741 1456 1789 terram
1476 1750 1593 1805 praeno·

347 1825 412 1879 tatis
431 1823 494 1878 filiis
513 1821 627 1894 Endrey
644 1821 757 1877 duabus
774 1822 875 1876 marcis
892 1821 1059 1876 remiserunt
1076 1821 1135 1876 iure
1151 1827 1294 1892 perpetuo.
1313 1821 1398 1876 Terra
1416 1822 1485 1876 haec
1502 1839 1593 1877 come·

347 1917 422 1967 tatur
439 1911 476 1966 ab
494 1911 599 1966 edente
617 1914 645 1965 et
661 1909 775 1964 meridie
792 1915 881 1964 terrm
898 1906 1097 1964 haereditariae
1115 1908 1234 1964 filiorum
1262 1908 1375 1980 Endrey
1392 1909 1429 1962 ab
1448 1909 1592 1966 occidente

348 1999 517 2070 populorum
535 1997 624 2055 (lhehi
642 2014 659 2052 a
677 1996 881 2068 'septemtrione
899 1995 984 2052 fluvio
1006 1994 1090 2052 Odra.
1113 1995 1209 2051 Huius
1232 2012 1334 2052 cauma
1352 1997 1504 2068 pristaldus
1531 1998 1592 2052 lde-

348 2086 469 2143 nealaue.

401 2174 477 2230 Idem
494 2173 684 2230 documentum
702 2173 741 2228 ud
756 2171 918 2241 petitionem
930 2171 1057 2240 filiorum
1074 2171 1201 2241 Endrey,
1224 2171 1415 2240 confirmatum
1440 2175 1479 2226 eet
1502 2171 1594 2225 eodem

349 2275 425 2316 nano
443 2277 462 2316 u
475 2259 616 2330 Stephano
634 2260 707 2316 bono
725 2261 815 2316 totius
831 2258 983 2314 diaconiae
1000 2263 1026 2314 et
1044 2259 1191 2326 capitaneo
1209 2256 1319 2327 liturae.
1337 2259 1386 2314 Ec
1405 2259 1477 2313 actis
1489 2274 1507 2313 a
1520 2257 1594 2314 bano

351 2347 633 2418 Kena-Haterium
651 2363 686 2402 en
702 2347 781 2418 repat
799 2346 911 2403 arctico
929 2345 1041 2402 ablutis.
1060 2347 1098 2402 N.
1117 2346 1153 2402 R.
1171 2347 1203 2400 Δ.
1222 2349 1302 2400 Face.
1321 2351 1380 2401 135.
1399 2346 1437 2402 N·
1457 2349 1499 2401 22.

400 2487 601 2544 DGGXLVII.
619 2490 699 2540 1257.
718 2486 881 2558 Capitulum
899 2485 1031 2542 eocleuiae
1050 2484 1167 2556 Zagrab.
1181 2485 1326 2554 significat,
1345 2485 1422 2556 quod
1441 2501 1507 2541 cum
1521 2484 1592 2540 Vra·

350 2577 449 2631 tielans
468 2580 496 2631 et
512 2574 619 2630 Norota
637 2573 685 2628 filii
703 2572 801 2644 Jacov,
819 2573 957 2645 Tybnroio
972 2572 1106 2628 viocbano
1125 2579 1153 2628 et
1178 2573 1272 2628 comiti
1295 2573 1474 2644 Zagrabiensi
1498 2574 1526 2627 in
1553 2574 1593 2628 vi·

350 2664 417 2734 giuti
436 2663 536 2718 mucis
554 2661 602 2717 lini
620 2662 728 2732 argenti
747 2661 864 2716 luissent
890 2660 1030 2718 debitores
1058 2667 1087 2717 et
1112 2659 1148 2716 ad
1174 2660 1288 2716 easdem
1312 2660 1510 2732 persolvendae
1538 2660 1593 2716 sub

349 2767 439 2823 poene
457 2750 536 2822 dupli
554 2765 604 2822 per
620 2765 682 2820 cap.
704 2749 809 2804 litterae
837 2765 866 2804 se
894 2748 1072 2818 obligassent,
1092 2747 1141 2804 sed
1159 2745 1323 2803 adveniente
1348 2750 1469 2804 termino
1487 2749 1595 2806 solvere

349 2856 405 2894 non
424 2839 589 2911 potuissent,
607 2841 708 2894 terram
726 2852 806 2892 enam
824 2835 1012 2904 Pissenichan‚
1031 2835 1110 2891 Anba
1128 2834 1221 2891 comiti
1244 2835 1272 2889 in
1300 2836 1415 2906 pignore
1433 2836 1595 2908 obligarunt

349 2927 398 2982 tall
417 2925 471 2980 sub
488 2923 655 2992 conditione,
674 2924 697 2978 si
715 2924 743 2978 in
766 2925 918 2979 constituto
946 2924 1063 2979 termino
1090 2922 1192 2978 dictam
1220 2929 1321 2978 terram
1347 2954 1379 2964 -
1403 2941 1468 2980 cum
1494 2924 1592 2994 viginti

349 3014 449 3070 marcis
467 3013 516 3068 lini
533 3012 641 3083 argenti
659 3027 715 3068 non
733 3010 907 3078 redemerint,
921 3025 971 3082 pro
985 3009 1072 3082 duplo
1085 3010 1245 3066 earumdem
1261 3028 1417 3068 mmcarum
1439 3013 1502 3084 ipsa
1520 3017 1593 3068 terra

350 3101 462 3158 caderet
490 3101 518 3156 in
547 3100 760 3172 perpetuitatem
785 3098 880 3154 Achae
906 3098 1023 3154 comitie.
1050 3097 1178 3154 Predicto
1202 3099 1319 3156 termino
1346 3098 1471 3155 debitum
1499 3101 1594 3156 comiti

351 3190 434 3246 etiam
452 3188 547 3244 Achae
572 3204 629 3243 non
653 3188 802 3257 solverunt,
830 3205 865 3242 ex
892 3203 1029 3242 consensu
1053 3187 1146 3256 itaque
1174 3187 1262 3258 ipsius
1290 3187 1385 3242 Achae
1408 3191 1508 3242 terram
1533 3187 1594 3258 ejus

350 3278 430 3332 uxori
448 3275 631 3331 vendiderunt
648 3292 699 3347 pro
717 3275 822 3331 eisdem
839 3275 937 3344 viginti
956 3275 1063 3341 marcis,
1081 3290 1145 3330 cum
1166 3275 1228 3346 ipsa
1245 3281 1317 3330 terra
1331 3273 1493 3331 Pissanicha
1502 3279 1592 3330 torrae

350 3365 480 3432 Polance,
498 3380 583 3436 quam
593 3363 673 3420 Acha
690 3379 784 3420 comes
802 3364 882 3420 uxori
901 3379 969 3418 suae
988 3379 1038 3434 pro
1056 3362 1122 3418 dote
1140 3363 1266 3430 contulit,
1285 3369 1475 3419 commetatur.
1488 3361 1594 3418 Datum

351 3469 401 3522 per
418 3469 519 3508 manus
539 3451 684 3508 Michaelis
702 3452 813 3508 lectoris
830 3468 892 3522 cap.
910 3452 992 3522 Zagr.

404 3542 452 3595 It'c
470 3540 628 3596 collectione
649 3539 753 3594 Tudoei
772 3538 852 3593 Ferit
870 3539 976 3594 comitis
994 3537 1111 3593 atriolis
1129 3553 1190 3606 cap.
1209 3541 1291 3608 Zapr.
1310 3539 1341 3592 ie
1364 3537 1531 3594 membrano.

404 3679 621 3736 DOOXLVIH.
639 3680 749 3736 Budae.
766 3683 841 3734 1258.
862 3682 904 3735 20.
916 3680 1061 3734 Januuee'i.
1075 3679 1165 3733 Maria
1178 3679 1273 3748 regina
1286 3678 1450 3750 Hungariae
1462 3679 1598 3744 notilicat,

352 3769 417 3840 quia
434 3768 462 3822 iu
481 3767 614 3822 comitatu
626 3765 661 3821 de
673 3767 788 3837 Posega,
802 3767 874 3820 intra
886 3766 1078 3832 mutationem,
1088 3765 1253 3836 jobagionee
1274 3768 1356 3822 castri
1377 3766 1598 3822 molestabantur

351 3871 402 3910 nec
421 3860 548 3926 poteraut
566 3871 583 3910 a
600 3854 685 3924 longo
703 3859 827 3926 tempore
844 3854 978 3925 legittime
1002 3870 1148 3924 posseesae
1172 3859 1257 3908 terras
1283 3871 1348 3908 suas
1370 3871 1419 3926 per
1444 3855 1595 3911 calumnia-

351 3948 444 3998 torum
462 3941 684 3998 machinamenta
701 3943 793 4013 quiete
808 3941 958 4013 possidere,
972 3941 1102 4010 frequens
1116 3957 1211 3996 eorum
1230 3941 1377 4012 suplicatio
1395 3941 1520 3998 incitavit
1536 3959 1599 3998 eam

352 4035 384 4085 nt
400 4034 502 4085 terram
520 4029 718 4101 uniuecuieque
737 4029 863 4100 ipsorum
882 4029 1027 4100 privilegio
1050 4028 1232 4086 confirmaret
1245 4028 1352 4084 Verum
1365 4029 1500 4099 quianon
1515 4030 1599 4100 plene

352 4116 499 4172 constabat
516 4117 552 4173 de
570 4117 650 4172 metis
673 4121 700 4172 et
725 4116 760 4172 de
784 4117 937 4187 quantitate
956 4123 1045 4172 terrae
1071 4115 1148 4172 dedit
1171 4117 1199 4170 in
1222 4115 1360 4172 mandetis
1387 4116 1480 4172 Bilech
1504 4117 1601 4172 comiti

353 4204 568 4260 Tavernioorum
586 4205 659 4276 regis
677 4213 705 4260 et
722 4205 816 4261 comiti
835 4205 1035 4260 Bucheriorum
1054 4221 1176 4273 suorum,
1195 4211 1226 4260 ut
1244 4205 1290 4259 ille
1309 4205 1490 4276 personaliter
1507 4221 1596 4275 qnan-

353 4294 459 4348 titetem
478 4299 620 4358 terrarum,
638 4310 708 4364 quae
733 4309 751 4348 a
774 4300 898 4364 tompore
912 4293 1032 4364 Vugrini
1050 4293 1169 4349 condam
1189 4294 1349 4350 Oolooensis
1367 4293 1551 4364 arhiepiscopi
1570 4301 1599 4348 et

353 4379 484 4451 deinceps
503 4397 647 4452 possessae
665 4381 832 4447 invenisieet,
850 4381 928 4436 iuxta
947 4388 1053 4436 veteres
1071 4387 1159 4436 metes
1179 4399 1265 4437 novae
1290 4382 1413 4452 erigeret
1446 4380 1501 4448 Qui
1520 4397 1600 4436 man·

353 4465 419 4522 dato
446 4468 626 4536 satisfaciens,
651 4469 722 4524 inter
749 4473 850 4523 terram
878 4469 1010 4524 Oetrocht
1036 4470 1148 4524 nomine
1172 4469 1335 4539 Ozyuwicha
1356 4469 1517 4539 jobagionis
1547 4470 1600 4526 has

354 4561 442 4609 metae
461 4557 639 4628 conscripsit:
659 4557 751 4612 Prima
770 4562 844 4612 meta
861 4564 949 4613 werae
968 4558 1084 4614 Ottroch
1101 4558 1196 4628 incipit
1215 4557 1379 4612 submonte
1398 4557 1445 4612 ubi
1464 4563 1507 4612 est
1524 4573 1599 4612 oom-

354 4645 500 4697 metaneus
518 4643 644 4714 Bylotba,
670 4645 735 4700 inde
754 4661 803 4716 per
822 4646 911 4700 vadas
930 4650 1018 4699 metae
1037 4645 1073 4700 ad
1092 4643 1234 4715 quoddam
1252 4644 1387 4700 fossatum
1416 4643 1451 4698 ad
1479 4645 1600 4701 rivulum

355 4729 510 4785 Oaiaeciche
535 4731 704 4800 (Orievicai)
732 4749 828 4787 verene
854 4733 1024 4788 occidentem
1050 4741 1093 4788 est
1115 4738 1323 4788 commetaneus
1350 4733 1451 4800 Draus,
1478 4732 1542 4787 iude
1565 4733 1602 4788 ad
