3544 5344
622 429 767 473 mosera
1271 405 1311 470 21

36 643 55 666 ,
78 597 135 662 hoc,
155 602 221 652 anta
239 596 274 651 60
291 611 380 650 annos
398 595 537 666 reciproce
551 594 662 662 iactum,
675 599 841 652 renovarunt
853 597 994 652 Aeoarnns
1006 595 1153 667 episcopus
1165 593 1314 652 mollicion-

80 686 116 739 sis
134 700 199 739 oum
218 683 348 738 omnibns
366 683 480 740 civibus.

39 795 57 820 ’
128 789 244 859 Ιᾼκὸίἑε
263 791 338 844 noa
355 788 419 844 aaa
437 786 515 844 Sion.
532 801 597 842 mer.
615 787 640 842 L
655 803 685 857 p.
704 789 749 842 26.

31 953 47 970 ⁴
128 939 237 994 LXXI.
259 939 419 1010 Anagniae,
446 941 486 992 11.
509 937 592 993 Jaair'
615 939 695 992 1206.
719 937 898 993 Innocentius
921 937 967 992 III
992 953 1068 1009 papa
1090 935 1205 992 mandat
1229 937 1314 992 archi·

78 1028 210 1099 episcopo
228 1026 382 1097 ragusiensi
400 1031 428 1080 et
440 1024 632 1082 archidiacono
644 1025 815 1095 traguriensi,
828 1029 860 1079 ut
871 1025 1035 1080 sententiam
1051 1024 1314 1080 excomunicationis

47 1103 103 1170 'in
123 1115 288 1186 episcopum
306 1113 467 1169 Norensem
483 1113 576 1178 latum,
593 1113 698 1168 uittam
715 1112 884 1179 denuntient,
903 1129 966 1166 cnm
979 1111 1076 1168 iratres
1094 1111 1205 1168 militine
1220 1111 1314 1184 templi

29 1245 52 1266 ,
78 1202 112 1258 dc
128 1201 229 1256 Vrana
246 1201 369 1270 (Urania)
387 1201 412 1256 si
431 1199 649 1270 significaverint,
662 1199 813 1272 quodcum
825 1201 860 1254 ad
870 1199 1032 1270 episcopum
1043 1199 1207 1254 tinniensem
1219 1189 1314 1255 contra

80 1305 234 1344 nonensem
252 1289 366 1360 papales
384 1288 488 1342 litteras
500 1287 700 1359 impetrassent,
714 1287 787 1342 idern
799 1287 929 1342 nonensis
941 1286 1118 1342 amicabiliter
1130 1301 1212 1357 snper
1224 1287 1264 1352 iis,
1279 1285 1315 1342 de

29 1393 52 1418 ³
78 1377 180 1447 quibus
199 1377 270 1430 inter
287 1375 363 1446 ipsos
376 1375 503 1446 quaestio
515 1374 679 1440 vertebatur,
692 1374 849 1445 composuit
861 1391 924 1430 oum
937 1373 1052 1442 eisdom;
1065 1374 1209 1430 tinniensis
1221 1380 1314 1428 autem

77 1465 228 1536 episcopus
250 1461 407 1533 praefatum
432 1478 591 1530 nonensem,
616 1467 712 1518 eontra
736 1478 819 1532 quern
843 1477 985 1516 rancorem
1012 1467 1183 1533 conceperat,
1210 1460 1314 1518 eisdem

27 1545 48 1570 ²
75 1551 208 1606 iratribus
227 1549 412 1606 nescientibus
428 1551 557 1622 propriae
575 1549 724 1606 voluntatis
742 1549 853 1604 arbitrio
872 1548 1124 1604 excommunicarit.

49 1701 63 1720 ,
131 1657 264 1712 Μυσὴ
281 1656 360 1712 Koa.
377 1655 453 1712 Sine.
470 1656 566 1712 marici.
584 1657 617 1724 1,
635 1672 663 1726 p.
684 1658 726 1709 ss.

31 1839 51 1862 ι
129 1813 253 1869 LXXII.
271 1814 427 1886 dimissae,
445 1816 482 1867 20
496 1814 575 1882 jacti
591 1817 671 1868 1208.
690 1814 819 1870 Sebenna
836 1829 928 1870 comes
946 1814 1083 1868 Almissse
1101 1830 1156 1868 una
1179 1830 1242 1868 com
1261 1813 1314 1868 ira·
1340 1831 1347 1840 ·’

77 1901 167 1957 tribus
185 1907 213 1956 et
230 1901 394 1972 propinquis
412 1901 478 1968 suis,
497 1901 611 1972 cupiens
634 1902 783 1958 reformare
867 1902 1010 1973 (paceml),
1034 1902 1185 1958 transmisit
1203 1900 1314 1958 Sinoam

34 1993 50 2014 '
78 1991 192 2044 tranem
209 2005 292 2042 sunm
310 1987 396 2044 nobili
415 1989 472 2044 viro
490 1988 522 2044 L.
542 1989 664 2056 Querino
682 1990 813 2060 ragusino
831 1989 932 2057 comiti,
951 1989 999 2060 qui
1017 1988 1045 2044 ἃ
1058 2007 1152 2046 coram
1164 2006 1197 2044 eo
1210 2006 1260 2060 pro
1273 1989 1313 2044 eis

80 2093 181 2148 pacem
196 2075 297 2130 babere
315 2076 423 2145 juravit,
449 2081 476 2132 et
502 2092 574 2146 quae
597 2075 712 2130 Venetis
736 2077 804 2132 citra
829 2075 931 2132 festum
955 2093 976 2132 s.
995 2077 1088 2132 Lucae
1106 2076 1198 2132 ablata
1215 2076 1313 2144 forent,

27 2145 45 2174 G

78 2163 198 2218 reddere
215 2163 361 2218 constituit.
386 2163 463 2218 Misit
486 2163 570 2218 etiam
594 2163 730 2217 larensem
753 2164 916 2236 episcopum
939 2180 996 2234 qna
1021 2164 1144 2234 legatum
1161 2163 1197 2218 nd
1215 2163 1314 2219 ducem

46 2303 64 2324 ‚
80 2250 261 2306 Vencu'arum
279 2251 393 2306 Petrum
411 2250 536 2318 Zianum,
561 2255 592 2304 nt
616 2266 656 2316 ea,
684 2267 755 2320 qnae
779 2255 841 2306 acta
864 2251 975 2308 fuerant
992 2268 1054 2306 cnm
1072 2249 1146 2306 dicto
1164 2252 1315 2318 comitari

75 2339 233 2394 notificaret
250 2343 278 2393 et
294 2337 356 2408 ipse
374 2338 555 2404 confirmaret,
574 2337 649 2408 quod
661 2337 706 2393 ille
718 2338 802 2392 etiarn
813 2338 884 2392 fecit.
897 2339 1005 2394 Placuit
1016 2338 1129 2395 adhaec
1141 2337 1205 2394 duci
1218 2356 1314 2410 supra·

23 2435 52 2474 t>
77 2426 150 2481 dicto
170 2426 278 2480 mittere
296 2424 333 2479 ad
352 2429 414 2480 eum
432 2425 558 2482 Suauum
574 2425 723 2496 plebanum
742 2442 763 2480 s.
775 2425 892 2480 Joannis
905 2443 945 2482 ev.
959 2443 1015 2496 qua
1026 2427 1161 2494 nuntium,
1175 2432 1206 2481 ut
1218 2443 1315 2498 paoem

76 2531 140 2568 cum
159 2530 194 2568 eo
218 2517 353 2566 statueret
375 2518 402 2566 et
425 2513 605 2578 confirmaret,
630 2529 713 2582 quem
735 2513 807 2567 laete
831 2513 960 2583 suscepit,
984 2513 1079 2569 volens
1103 2514 1162 2570 cius
1180 2515 1315 2570 voluntati

28 2591 49 2614 ⁵
78 2618 175 2672 parere
191 2617 257 2655 cnm
276 2599 417 2654 voluntate
435 2600 558 2654 omnium
576 2616 689 2654 suorum
707 2600 925 2671 propinquorum
943 2605 971 2655 et
988 2601 1072 2656 totins
1092 2601 1187 2672 populi
1205 2603 1248 2656 sui
1266 2602 1315 2658 do·

77 2689 161 2742 minii.
180 2688 219 2742 Et
236 2688 290 2743 hoc
308 2687 421 2742 firmant
437 2687 498 2758 ipse
516 2704 608 2743 comes
626 2687 755 2742 Sebeuna
773 2693 800 2742 et
817 2687 968 2754 Dosislaus,
987 2687 1089 2756 Rados,
1105 2687 1227 2758 Dragan,
1242 2689 1314 2760 Bog-

77 2775 168 2830 danns
178 2781 207 2830 ot
216 2774 301 2830 Sinca
309 2775 430 2830 comites.
441 2773 568 2841 Somnus,
576 2775 699 2840 Maurus,
710 2773 823 2840 Siianta
831 2775 993 2842 Damianos,
1001 2774 1158 2844 Gervasins,
1169 2776 1315 2832 Mntbaens

26 2901 51 2919 a
79 2863 252 2933 Bagussens,
266 2861 403 2928 Obodina,
416 2861 575 2932 Gardogna,
587 2861 738 2932 Braynecb,
750 2862 862 2929 Tolous,
875 2861 987 2928 Poelad,
1000 2862 1153 2928 Drasizoto,
1168 2863 1318 2919 Mathaens

78 2951 237 3016 (ramanus,
263 2955 293 3005 et
314 2949 411 3019 jurant
437 2948 545 3004 firmm
571 2965 669 3020 paoem
687 2955 715 3003 et
738 2949 886 3004 amicitiam
904 2965 1011 3020 semper
1029 2948 1186 3016 observare,
1205 2951 1318 3020 promit·

54 3063 66 3080 ι
80 3045 167 3092 tantm
190 3036 267 3107 qnod
294 3053 438 3106 nunquam
465 3035 550 3090 velint
573 3035 696 3092 Venetos
720 3053 769 3106 per
792 3053 868 3090 mare
885 3036 1031 3092 molestare
1049 3053 1066 3090 a
1084 3035 1210 3092 Samnioo
1228 3053 1317 3108 nsque

79 3124 212 3180 Venetiae
231 3130 260 3178 et
276 3139 294 3178 a
311 3123 390 3178 Fano
408 3123 492 3178 etiam
510 3139 599 3192 usque
610 3122 751 3178 Venetiae.
770 3123 845 3178 Huic
857 3129 943 3177 tostes
956 3130 1131 3194 praesentes:
1144 3123 1233 3179 dietus
1247 3125 1317 3194 spis·

27 3197 55 3218 ³
79 3227 165 3280 copus
184 3209 311 3276 serenus,
331 3209 473 3280 presbyter
490 3209 557 3265 Otto
575 3216 698 3278 venetus,
717 3208 837 3265 Nichola
844 3209 998 3280 jadertinus
1017 3209 1166 3280 presbyter,
1179 3209 1315 3277 Stancius,

35 3347 57 3372 ,
79 3297 212 3352 diaconm
230 3297 390 3368 Dragogna,
409 3297 556 3352 Matbaens
576 3297 708 3364 Marimrs,
728 3313 823 3352 omnes
841 3303 897 3351 tros
915 3296 950 3350 de
968 3295 1066 3363 Kerso,
1085 3303 1112 3351 et
1130 3297 1208 3353 multi
1226 3297 1279 3352 alii.

127 3404 291 3472 Hormcyr:
310 3401 466 3458 &metietis
486 3402 583 3472 ibrols
595 3402 618 3456 l.
641 3401 688 3456 ab.
700 3418 729 3471 p.
748 3401 1078 3472 212.Fajercod.1>ipt
1099 3402 1193 3472 Haaq.
1205 3403 1234 3458 Τ.
1253 3402 1315 3458 VII.

36 3501 55 3517 ’·
78 3492 129 3547 eol.
149 3495 174 3546 5.
193 3507 222 3560 p.
241 3493 301 3544 172.

46 3652 70 3678 ·’
127 3647 268 3703 LXXIII.
288 3650 365 3704 1208.
385 3647 494 3714 ajoni.
513 3647 650 3718 Georgius
674 3664 723 3702 rex
740 3647 872 3702 Dioclene
889 3651 940 3700 otc.
959 3652 987 3700 et
1004 3645 1137 3702 Bladinns
1155 3647 1238 3701 frater
1256 3646 1315 3701 eius

79 3743 104 3789 et
122 3736 243 3791 Sbsnco
262 3741 289 3790 et
306 3734 450 3790 Petruslar
467 3735 624 3790 consobrini
643 3735 711 3804 ejus,
732 3733 829 3804 jurant
850 3735 932 3788 Petro
950 3733 1027 3787 Ziani
1045 3732 1110 3788 duci
1127 3734 1313 3800 venetiorum,

39 3795 55 3820 ’
77 3823 153 3893 quod
172 3829 283 3890 terram,
302 3839 387 3893 quam
404 3839 478 3877 nunc
494 3821 605 3888 habent,
625 3827 652 3876 et
669 3821 751 3888 illam,
771 3837 855 3891 qnam
874 3821 1015 3890 acquirent
1032 3821 1061 3874 in
1079 3827 1167 3888 anim,
1180 3821 1314 3876 tenebunt

33 3947 55 3974 ,‚
77 3909 268 3981 pereundam
291 3908 391 3964 ducem
414 3915 442 3965 et
465 3925 532 3963 suos
555 3925 741 3975 successores;
767 3915 794 3964 st
818 3907 892 3980 quod
916 3909 944 3962 in
969 3909 1044 3964 omni
1068 3908 1191 3962 districtu
1219 3925 1313 3962 eorum

77 3997 205 4054 homines
222 3996 338 4052 dominii
355 3995 535 4052 Venetiarnm
560 4003 640 4050 enmt
663 3996 752 4050 securi
776 3997 803 4050 in
823 3995 947 4067 personis
966 4001 993 4050 et
1010 3995 1101 4052 rebus.
1120 3995 1156 4048 Et
1173 3995 1197 4048 si
1214 3994 1313 4050 Deme-

41 4103 56 4124 ·
78 4085 145 4141 trius
164 4101 195 4140 se
213 4101 270 4140 non
288 4084 451 4139 converterit
469 4083 504 4138 ad
523 4083 683 4140 fidelitatem
700 4083 786 4150 ducis,
806 4085 829 4138 si
848 4101 865 4138 a
881 4082 952 4138 duce
977 4083 1105 4138 solicitati
1129 4086 1216 4148 erunt,
1236 4099 1313 4153 prae-

77 4176 192 4230 stabunt
210 4173 236 4228 ei
254 4176 351 4226 contra
374 4171 451 4226 illum
473 4170 606 4226 auxilium
633 4171 744 4226 Amicos
763 4176 856 4226 antem
880 4175 907 4225 ct
924 4170 1048 4226 inImioos
1067 4169 1245 4224 Venetiarum
1262 4186 1313 4240 pro

54 4251 136 4317 ''suls
154 4261 251 4317 amicis
270 4259 430 4314 etinimicis
448 4258 597 4314 habebunt.

37 4395 64 4413 0
128 4365 246 4436 Matio:
267 4366 444 4420 Monaesenta
461 4363 524 4419 bist.
543 4363 616 4420 Slus.
635 4363 730 4418 meriti.
750 4365 781 4432 1.,
798 4379 826 4432 p.
845 4366 889 4417 27.

43 4541 66 4564 o
130 4513 267 4570 LXXIV.
280 4511 416 4582 iaderae,
428 4527 516 4567 meaos
525 4511 676 4580 asplenon·
688 4513 767 4564 1208.
780 4511 864 4566 Viola
876 4511 1001 4566 monialis
1014 4527 1034 4564 s.
1048 4511 1160 4578 Mariae,
1173 4509 1312 4580 quondam

79 4603 199 4657 abatissa
217 4617 239 4658 s.
260 4599 389 4666 Dimitrii,
409 4605 472 4670 post
489 4598 687 4654 desolationem
705 4598 822 4654 civitatis
840 4597 1008 4664 indefense,
1027 4615 1090 4652 oum
1107 4615 1162 4652 non
1181 4603 1254 4650 esset
1265 4597 1312 4652 ali·

50 4691 146 4758 ’'quis,
163 4689 213 4761 qni
232 4688 270 4744 de
289 4685 429 4742 voluntate
446 4685 525 4742 ducis
538 4685 716 4741 Venetiarnm
729 4687 756 4740 in
770 4704 803 4741 ea
814 4687 966 4757 quiesceret
977 4684 1108 4751 babitare,
1122 4683 1215 4739 relicto
1227 4699 1312 4754 parvo
