3488 5380
358 393 423 460 252
869 417 890 458 1.
902 401 1102 478 murcavit,

356 585 420 658 jure
439 587 583 658 perpetuo,
602 583 656 640 rub
674 579 777 640 eisdem
796 583 918 656 sniiqnia
935 583 1025 655 metis,
1044 581 1146 656 quium
1164 580 1255 638 dictus
1273 580 1357 638 Zsme
1368 579 1522 640 dinoscitur
1539 599 1603 656 pos·

358 673 473 730 recuso.
486 673 579 743 Quam
591 671 768 729 collationem
779 688 829 728 rex
841 671 995 728 confirmat
1008 670 1114 726 Datum
1125 687 1175 742 per
1187 687 1287 726 monus
1299 687 1371 742 meg.
1385 669 1508 728 Foreasii
1526 671 1606 728 electi

358 759 499 829 Albensis,
517 760 599 816 sulae
615 759 839 816 vicecancellerii.

410 848 459 904 uc
477 847 590 904 croiss'uo
608 845 743 905 cumuli
760 847 894 904 Baimoi.
918 845 1037 902 Warusl:
1059 843 1124 902 Ootl.
1142 845 1212 916 dipl.
1230 845 1339 916 Arpod.
1358 845 1439 902 V111.
1456 849 1500 903 ⁵8.

409 969 859 1028 Dcooxnv.1aoa.ssois1v.
883 987 933 1026 rex
950 975 1108 1026 remunerat
1129 967 1310 1025 Hsrbordnm
1335 969 1423 1024 filium
1446 969 1607 1026 Leusttchii

359 1059 395 1114 do
417 1057 529 1130 Helops
552 1057 587 1114 da
609 1057 774 1114 commitetur
798 1055 957 1128 simigiensi
979 1073 1044 1113 cum
1069 1055 1206 1128 particula
1230 1061 1305 1112 terae
1323 1055 1547 1114 Udrornicornm
1570 1055 1605 1111 de

356 1144 477 1216 Hsssrys,
496 1145 564 1216 quis
580 1145 609 1199 in
626 1144 702 1201 bello
720 1161 785 1200 curu
811 1143 948 1202 Ottokaro
975 1159 1040 1216 rege
1064 1143 1215 1200 Bolremoe
1241 1142 1418 1200 cernentibus
1441 1144 1504 1214 ipso
1531 1159 1605 1214 rege,

358 1229 490 1288 Bolando
508 1231 641 1302 palatino,
659 1229 804 1303 Stephano
822 1229 897 1287 buno
913 1230 1001 1286 totius
1019 1229 1176 1298 Siasouiae,
1187 1229 1311 1286 ilenrico
1327 1230 1428 1286 comite
1446 1228 1605 1300 simigiensi

357 1317 447 1374 ludios
465 1317 558 1374 curiae
576 1325 605 1375 et
621 1319 738 1375 coeteris
756 1317 918 1386 baronibus,
938 1317 1029 1374 iuerat
1045 1317 1210 1390 captivatus,
1228 1318 1257 1372 in
1275 1333 1333 1390 qna
1341 1313 1501 1388 cspti'ritatc
1519 1315 1546 1373 ei
1563 1315 1604 1372 di-

356 1403 471 1461 rnirliom
488 1419 585 1462 aurem
602 1405 782 1483 absciderunt
799 1411 828 1462 et
844 1403 917 1462 duos
935 1403 1033 1461 dentes
1050 1409 1238 1462 extraxerunt

412 1493 698 1564 coerimonias
720 1493 782 1552 m
798 1511 829 1566 p.
850 1499 895 1550 87.

409 1615 621 1674 Doooxhvi.
639 1620 718 1674 1263.
739 1617 807 1674 Belo
824 1615 877 1673 1v.
895 1633 945 1672 rex
962 1617 1095 1694 notificat,
1107 1617 1185 1689 quod
1199 1633 1264 1672 cum
1282 1631 1331 1672 rex
1349 1615 1517 1688 Stephanus,
1529 1615 1603 1670 lilius

358 1704 420 1774 ejus
438 1708 505 1760 nato
523 1703 577 1760 sibi
595 1703 781 1776 primogenito
806 1703 878 1760 duca
901 1703 1033 1760 Lcdislw
1055 1703 1091 1760 od
1113 1701 1341 1760 annunciandum
1363 1701 1499 1774 gaudium
1522 1701 1605 1760 ‹iesti-

359 1794 457 1846 nasset
465 1789 501 1845 ed
514 1806 578 1847 euru
590 1789 770 1848 Domiuiuum
782 1791 948 1862 msgistrnm
960 1792 1155 1864 pincernarum
1167 1807 1282 1848 auorum
1292 1789 1422 1846 comitem
1434 1789 1470 1846 da
1482 1790 1605 1857 zcmlen,

360 1876 450 1933 eidem
467 1875 617 1934 Dominico
634 1877 664 1932 in
683 1878 795 1949 signum
812 1879 907 1949 magni
933 1877 1030 1949 gaudii
1052 1883 1081 1934 et
1103 1878 1132 1933 iu
1156 1878 1408 1934 remunerationem
1431 1876 1606 1932 servitiorum

357 1963 418 2034 ejus
436 1963 554 2020 contulit
579 1969 667 2021 totam
692 1965 900 2038 posressionem
922 1965 1018 2036 lpoliti
1042 1965 1152 2037 nepotis
1176 1965 1278 2022 Mohor
1301 1963 1362 2020 sina
1384 1962 1503 2020 haemde
1527 1963 1606 2020 dece·

356 2049 457 2120 dentis,
475 2049 595 2122 lecitque
613 2069 679 2108 sum
697 2068 747 2126 per
764 2051 906 2109 hominem
930 2069 1014 2108 suum
1032 2051 1167 2108 (lhcleum
1185 2051 1220 2108 ds
1238 2050 1351 2108 (lumba
1369 2055 1398 2107 et
1415 2067 1465 2122 per
1481 2051 1606 2107 matimo-

356 2137 434 2193 nium
452 2138 584 2194 eooissise
602 2137 901 2210 quinqaeeoulesiensis
927 2138 1074 2198 introduci.
1093 2137 1183 2210 (lujns
1202 2137 1387 2210 possessionis
1422 2138 1512 2210 prima
1529 2143 1605 2194 mets

356 2224 453 2296 incipit
469 2223 507 2279 sb
524 2225 629 2282 oriente
647 2225 696 2281 ubi
713 2227 878 2282 terminatur
895 2230 969 2282 terra
986 2226 1101 2294 Ponich,
1123 2225 1188 2282 inde
1213 2225 1353 2296 egreditur
1377 2241 1427 2297 per
1444 2223 1552 2282 witon
1577 2225 1605 2279 in
1723 2301 1724 2306 ἵ

354 2311 564 2383 longitudinem,
590 2317 667 2369 tonet
692 2319 796 2370 metam
822 2329 887 2370 cum
904 2313 971 2370 villa
994 2313 1139 2381 Hermoni,
1157 2311 1235 2368 vadit
1257 2311 1294 2368 sd
1315 2313 1441 2368 uvanto
1456 2317 1488 2370 et
1504 2311 1603 2384 incipit

357 2403 452 2454 tenero
469 2403 572 2455 metm
590 2415 655 2454 cum
674 2399 832 2471 Gruoigsria
849 2401 885 2456 de
902 2399 1036 2456 Dubicra.
1055 2400 1109 2456 Per
1127 2398 1247 2456 eundem
1261 2399 1377 2455 fluvium
1388 2399 1491 2456 Wlkor
1507 2413 1605 2455 versus

358 2486 492 2544 orientem
510 2487 588 2542 iuxta
604 2491 708 2543 unam
726 2487 833 2556 Ohiser,
851 2487 915 2544 dein
934 2488 1093 2561 portarius
1110 2492 1200 2543 metas
1211 2487 1342 2544 arboreas
1355 2481 1430 2544 veiis
1441 2485 1477 2542 asi
1489 2484 1606 2542 fluvium

357 2569 494 2643 Quthna,
508 2575 556 2645 qui
569 2573 667 2630 dividit
677 2581 779 2631 terram
793 2575 902 2645 Ohirar,
913 2575 1034 2632 tintinna
1046 2579 1180 2643 vocatam,
1192 2573 1269 2630 radit
1280 2573 1316 2629 sd
1328 2578 1414 2645 ceput
1424 2573 1508 2628 nnius
1519 2572 1606 2630 lonis

358 2665 387 2715 et
402 2665 479 2716 tenet
496 2667 585 2716 metas
608 2677 673 2717 eum
697 2661 847 2720 Orneileris
863 2661 900 2718 de
918 2662 1025 2728 Dobca,
1043 2661 1120 2718 redit
1142 2661 1179 2718 ad
1201 2661 1343 2734 quandam
1367 2661 1441 2718 viam
1464 2676 1605 2731 magnam.

360 2746 415 2802 Per
432 2747 523 2803 sarias
539 2753 638 2817 metas,
656 2748 786 2820 planities
813 2750 934 2821 virgulto
957 2750 1033 2806 venit
1056 2747 1235 2806 sotevillam
1258 2749 1331 2804 Iron
1359 2747 1423 2806 inde
1450 2745 1486 2804 ad
1511 2747 1606 2802 villam

357 2833 476 2890 Burirlo.
495 2835 584 2892 Tenet
600 2840 689 2892 metas
707 2851 771 2892 cunr
789 2837 901 2908 populis
918 2836 955 2893 ‹ls
973 2837 1038 2892 ville
1062 2835 1163 2892 Dubss
1181 2831 1312 2904 (Dubios)
1331 2841 1360 2892 et
1376 2851 1441 2892 cunr
1453 2834 1605 2890 Oruciieris
1722 2887 1723 2890 ,

356 2920 569 2978 deDubra.1n
588 2921 702 2978 meritiis
720 2922 756 2978 ad
773 2924 870 2980 villam
894 2923 992 2992 Borra,
1010 2939 1028 2978 a
1045 2929 1124 2996 purte
1147 2929 1221 2980 terra
1247 2923 1357 2994 ipoliti3
1383 2927 1480 2994 postea
1508 2921 1607 2993 incipit

356 3013 450 3064 tauers
467 3014 570 3065 melem
587 3025 652 3065 cum
670 3009 747 3066 Gork
766 3015 876 3067 etcum
894 3012 1027 3084 episcopo
1055 3009 1200 3078 Bomensi,
1219 3010 1296 3066 radit
1319 3009 1355 3064 ad
1378 3009 1493 3066 flurium
1518 3009 1606 3077 Ilrvs,

358 3099 434 3152 tenet
451 3101 553 3152 metam
571 3113 635 3152 cum
654 3096 763 3154 Thema
780 3099 882 3154 comite
900 3097 985 3154 lratm
1005 3097 1075 3169 Pyle
1092 3097 1252 3170 praepositi.
1274 3095 1345 3153 Inde
1362 3113 1426 3154 oum
1445 3097 1558 3172 populis
1570 3095 1606 3154 de

356 3182 439 3252 Gere,
458 3189 487 3240 et
504 3200 555 3256 per
571 3185 662 3240 varias
683 3188 773 3240 metas
785 3183 821 3240 ad
835 3190 947 3256 portum
958 3185 1055 3252 Leuat,
1068 3191 1097 3241 et
1108 3184 1144 3240 ed
1156 3183 1272 3240 fluvium
1284 3183 1409 3256 Koroug,
1421 3183 1457 3240 sd
1469 3200 1606 3256 maguum

357 3276 477 3341 portum,
498 3271 547 3326 ubi
565 3276 642 3327 tanet
653 3275 756 3328 metam
767 3287 833 3327 cum
851 3272 964 3330 Zotmar
983 3279 1011 3329 et
1028 3289 1093 3330 cum
1109 3271 1239 3334 Dionisio
1257 3276 1286 3328 st
1303 3270 1476 3343 pervenitad
1489 3269 1606 3328 fluvium

355 3357 445 3412 Lurar
470 3363 499 3413 et
522 3357 562 3412 ibi
585 3359 757 3415 terminatur.
775 3357 882 3415 Datum
905 3375 955 3431 per
978 3376 1079 3415 manus
1106 3359 1232 3430 magistri
1258 3359 1381 3414 Farcaaii
1407 3357 1605 3430 Zagrsbiensis
1721 3389 1722 3426 ;

355 3443 444 3512 electi,
462 3444 543 3500 sulse
561 3445 654 3516 regiae
672 3445 897 3502 vicecancellarii.
1721 3517 1722 3528 χ

356 3531 541 3674 Fciam
556 3545 591 3676 {J
598 3532 678 3674 rgpm'
701 3533 816 3591 orolss'ou
840 3531 944 3590 &lotis
965 3549 1019 3604 per
1041 3533 1144 3590 lanum
1162 3533 1440 3606 Kisamllederoory
1458 3535 1492 3590 N.
1511 3535 1546 3591 R.
1566 3535 1602 3592 A.
1721 3611 1722 3636 1

406 3737 633 3798 ΒΟΟΟΧΙΝΠ.
652 3745 731 3799 1²63.
750 3743 818 3799 lea
835 3741 887 3799 1v.
907 3759 956 3799 rex
973 3743 1106 3812 notificat,
1128 3743 1203 3815 quod
1228 3760 1293 3800 cum
1316 3749 1418 3800 terram
1437 3743 1550 3801 Hvelus
1568 3745 1604 3802 de

356 3825 483 3882 Guarohe
501 3828 561 3884 sine
578 3828 699 3885 hamcde
717 3828 884 3898 decedentis,
907 3830 1088 3886 Kemeuchke
1112 3831 1295 3899 (Kmeusko)
1319 3837 1455 3896 vocatam,
1473 3831 1557 3916 sitam
1575 3833 1604 3888 in

354 3914 484 3984 confinio,
502 3932 587 3986 quam
604 3915 766 3988 Stephanus
793 3916 884 3973 bonae
907 3917 1066 3988 memorias,
1086 3916 1166 3972 cori
1184 3923 1304 3989 cognato
1322 3935 1374 3974 suo
1392 3917 1558 3988 contulerat,
1576 3925 1605 3976 et

355 4001 418 4073 ipso
446 4001 563 4058 mem
585 4007 687 4059 terram
702 4003 892 4075 relinquente,
909 4004 1023 4074 quidem
1045 4004 1196 4075 llyrirlaus
1223 4005 1330 4076 ubsque
1353 4007 1430 4079 repis
1453 4005 1604 4064 collatione
1720 4003 1721 4046 i

355 4093 550 4160 occupaverat,
568 4089 698 4146 fidelibus
715 4091 850 4162 magistro
874 4091 959 4146 Petro
982 4092 1142 4162 praeposito
1155 4091 1329 4162 Charmensi,
1347 4100 1377 4150 ot
1393 4095 1528 4166 magistro
1546 4096 1604 4150 Au·
1720 4113 1721 4124 ¹

354 4174 437 4231 drcae
455 4173 534 4231 fratri
552 4193 604 4232 sno
622 4177 790 4245 conserente,
809 4194 858 4249 per
875 4175 1036 4234 Rolmuum
1049 4177 1154 4234 benum
1169 4181 1254 4236 totius
1267 4179 1424 4249 Sicuonias,
1442 4181 1605 4238 cudunt

354 4261 504 4333 assignari;
522 4263 597 4319 idem
614 4263 705 4320 banus
722 4263 821 4322 litteris
841 4265 1029 4334 insinuaverit,
1043 4265 1119 4337 quod
1137 4267 1199 4322 aliis
1217 4269 1335 4338 negotiis
1354 4267 1533 4339 prsepeditus
1552 4270 1604 4324 rni-

355 4349 422 4404 serit
438 4347 607 4421 Fabyannm
630 4351 760 4407 comitem
785 4343 1011 4422 Zegrabiensem,
1039 4354 1087 4424 qui
1114 4354 1231 4410 eandem
1259 4361 1360 4410 terram
1387 4356 1549 4427 praeposito
1576 4363 1604 4413 et

353 4435 431 4490 fratri
443 4435 580 4504 Andreae,
592 4437 670 4494 nullo
682 4439 889 4496 contradicente
908 4439 1006 4494 statuit
1021 4447 1049 4495 et
1064 4440 1186 4497 cedidit
1205 4443 1298 4497 Prima
1318 4447 1394 4498 mets
1404 4448 1541 4500 terrarum
1561 4445 1603 4498 in-

353 4523 456 4593 cipite
474 4523 566 4595 cnlpr
592 4523 628 4579 sb
656 4525 769 4594 oriente,
793 4531 822 4582 et
848 4525 925 4582 vadit
951 4545 1001 4598 per
1027 4545 1113 4584 unam
1140 4530 1264 4584 ilicium
1292 4529 1378 4585 latam
1405 4547 1501 4586 versus
1529 4533 1600 4588 occi·

353 4608 475 4678 «lentem,
493 4627 585 4681 nsque
605 4611 640 4668 sd
664 4611 779 4669 flurium
807 4613 873 4668 Brin
900 4615 980 4670 iuxta
1005 4621 1107 4672 terrem
1133 4617 1216 4672 caetui
1243 4617 1432 4686 Goricrcnsis;
1459 4617 1525 4674 inde
1552 4635 1603 4690 per

353 4700 442 4754 metas
460 4702 563 4754 terreus
581 4703 610 4756 et
627 4699 726 4756 silvam
744 4699 913 4772 paludosam
936 4716 1026 4774 usque
1049 4703 1086 4759 ed
1114 4707 1226 4759 sustam
1251 4704 1403 4778 publicam,
1428 4721 1500 4777 quae
1523 4706 1601 4762 vadit
