3480 5356
324 394 388 460 304
825 419 844 459 1.
866 403 1063 476 numine,

322 579 522 636 devastationis
547 595 602 638 non
620 579 772 646 immemor,
791 579 923 650 reliquiar
940 579 1039 651 populi
1062 580 1089 634 in
1115 597 1162 636 ore
1187 580 1272 651 gladii
1301 597 1465 640 consumere
1491 587 1570 658 cupi·

322 673 401 724 entes
428 683 545 738 regnum
573 665 649 721 adire
676 666 813 721 hostiliter
837 666 997 734 volnissent
1025 683 1074 722 rex
1097 667 1200 723 molem
1223 669 1292 722 tanti
1319 671 1424 739 negotii
1441 672 1567 729 humeris

320 753 410 825 ipsius
427 753 542 825 Ponych
560 753 626 808 bani
644 753 799 824 imponens,
827 754 902 808 misit
925 769 990 808 eum
1007 754 1035 807 in
1054 754 1192 824 legatione
1211 769 1264 810 sua
1282 755 1318 809 ad
1336 773 1429 826 regem
1449 775 1499 814 eeu
1517 761 1568 814 im-

321 846 478 912 peratorem
496 841 686 910 annnorum,
705 838 779 896 unde
797 839 845 904 ille
861 841 924 896 loco
941 839 1094 896 formidinis
1113 841 1254 909 laetitiam,
1273 844 1406 897 moeroris
1424 845 1567 914 gaudium,

321 933 350 982 et
367 927 430 984 loco
448 925 650 999 desperationis
669 943 748 998 spem
773 926 870 982 incolis
894 929 971 998 regni
990 925 1025 983 de
1044 943 1095 982 sua
1117 927 1174 983 vita
1191 928 1382 984 conservanda
1406 934 1564 1002 reportavit

321 1014 440 1070 Etcum
458 1019 523 1086 post
541 1015 649 1084 aliquot
666 1030 755 1070 anuos
772 1029 823 1084 per
839 1014 1027 1070 incitationem
1045 1014 1199 1070 vicinorum
1222 1014 1305 1076 iidem
1323 1015 1431 1074 Tartari
1455 1019 1564 1075 animos

320 1100 455 1157 habentor
472 1101 508 1156 ad
528 1101 633 1156 bellum
651 1100 686 1155 de
705 1117 802 1156 eorum
820 1100 857 1154 ad
875 1115 991 1171 reguum
1009 1101 1137 1170 ingressu
1156 1101 1294 1172 quasdam
1314 1103 1469 1174 legationes
1488 1123 1565 1178 prae-

309 1189 463 1257 'miserunt
481 1187 601 1243 eundem
619 1187 735 1258 Ponycb
752 1187 857 1242 benum
883 1186 919 1242 ad
944 1185 1058 1244 eosdem
1085 1190 1237 1245 transmisit
1260 1189 1367 1260 iterato,
1392 1191 1442 1248 ubi
1465 1210 1565 1250 manus

321 1275 434 1332 illorum
451 1275 488 1330 ad
507 1280 641 1331 muratam
662 1275 792 1331 incitatas
816 1291 868 1330 suo
892 1275 1004 1345 ingenio
1027 1277 1198 1346 conpescuit
1224 1277 1372 1334 Praeterea
1396 1278 1463 1334 dum
1486 1284 1565 1350 pater

318 1363 392 1432 regis
411 1362 534 1434 relegata
551 1363 654 1434 pietate
672 1368 788 1432 paterna
806 1360 981 1431 quorundam
1007 1361 1144 1418 baronum
1168 1363 1326 1420 incitatione
1345 1364 1381 1420 ad
1400 1365 1467 1420 fines
1485 1367 1564 1436 regni

320 1465 410 1520 usque
427 1449 464 1504 ad
481 1450 575 1505 locum
593 1449 796 1505 Falreteubelm
816 1465 881 1504 eum
900 1450 1014 1518 (regem)
1032 1449 1179 1505 uabsierre
1197 1451 1335 1521 coegisset
1353 1451 1462 1507 incluso
1480 1469 1515 1509 eo
1533 1455 1563 1508 in

319 1541 411 1592 castm
430 1535 563 1606 praedicti
580 1537 691 1603 montis,
710 1541 739 1591 et
756 1540 926 1592 armatorum
942 1534 1118 1591 multitudine
1132 1535 1243 1604 vallato,
1255 1537 1330 1592 idem
1342 1537 1459 1610 Ponych
1472 1539 1563 1595 banus

319 1639 384 1678 eum
403 1622 572 1693 quibusdam
589 1622 647 1678 suis
671 1623 753 1678 sociis
776 1623 842 1678 licet
865 1623 971 1694 paucis,
995 1627 1120 1695 temper
1139 1625 1300 1695 potentiam,
1319 1641 1402 1696 quam
1421 1643 1471 1698 per
1489 1633 1565 1682 aetu-

319 1711 392 1766 eiam
411 1725 490 1764 suam
508 1709 610 1764 devicit
628 1709 780 1766 exercitum
805 1709 941 1766 baronum
959 1709 1120 1776 infidelium,
1141 1717 1170 1766 et
1187 1711 1319 1768 obsessus
1337 1713 1519 1768 recantando
1537 1715 1562 1768 ei

320 1795 511 1854 fiduciam-de
535 1797 614 1866 regni
637 1796 829 1866 gubernaculo
856 1801 884 1851 et
907 1797 963 1853 vita
988 1797 1197 1864 conservanda;
1221 1804 1248 1854 et
1273 1800 1387 1870 iusuper
1410 1801 1562 1856 exercitum

319 1884 427 1938 Ernerii
455 1884 570 1953 (Erney)
597 1882 663 1938 bani
692 1900 726 1939 ex
754 1884 886 1939 missione
915 1885 1001 1955 patris
1028 1886 1185 1940 venientem
1212 1884 1368 1953 debellavit,
1396 1885 1561 1944 adducendo

317 1972 410 2043 iprum
429 1971 576 2026 &nerium
594 1970 699 2025 barrum
718 1975 746 2026 et
764 1971 941 2042 capitaneum
959 1972 1096 2026 exercitus
1117 1971 1267 2042 captivum.
1292 1972 1363 2028 Item
1388 1989 1452 2028 oum
1477 1973 1560 2030 iidem

317 2059 435 2114 barones
453 2057 613 2128 coegissent
629 2056 734 2112 dictum
758 2063 866 2128 patrem
883 2074 964 2112 suum
983 2063 1079 2113 contra
1097 2074 1160 2114 enm
1180 2060 1332 2116 exercitum
1349 2077 1468 2128 movere,
1486 2061 1561 2118 idem

316 2144 423 2200 Ponich
440 2143 530 2200 banus
548 2145 576 2198 in
594 2144 725 2200 conflictu
746 2160 830 2214 quern
847 2145 876 2198 in
894 2143 1023 2214 Ilsuaaeg
1049 2145 1154 2214 babuit,
1174 2147 1303 2201 virtutem
1322 2148 1445 2202 exercuit
1462 2147 1561 2204 lauda·

317 2229 401 2286 bilem
419 2245 513 2312 eoram
532 2231 620 2286 oculis
634 2230 707 2300 regis
726 2231 765 2286 ite
783 2235 815 2284 ut
833 2245 883 2301 per
901 2231 961 2285 eius
980 2236 1008 2286 et
1026 2231 1144 2286 aliorum
1157 2232 1282 2288 fidelium
1293 2233 1460 2304 probitatem
1473 2233 1561 2294 victor

317 2317 416 2385 extitit,
434 2315 626 2388 recuperando
645 2317 748 2372 eleusin
765 2317 878 2388 reginae
901 2319 1022 2373 consorti
1047 2335 1115 2374 suae
1134 2325 1162 2374 et
1179 2319 1236 2374 tilio
1261 2335 1313 2374 euo
1337 2320 1403 2376 duci
1426 2321 1560 2377 Ladislao

317 2403 344 2457 in
365 2403 525 2475 captivitate
544 2407 731 2474 permanente,
752 2403 966 2460 absolutionem.
990 2404 1078 2460 Porro
1102 2421 1166 2460 cum
1193 2407 1350 2462 Zvetislaus
1373 2408 1558 2478 bulgarorum

315 2491 473 2561 imperator,
503 2505 588 2560 gener
618 2491 699 2560 regis,
729 2497 796 2546 tunc
826 2492 853 2546 ei
882 2492 1036 2562 oppositus,
1061 2496 1161 2548 terram
1187 2494 1306 2550 eiusde
1330 2496 1450 2550 Zeurino
1477 2497 1558 2551 mise·

315 2576 439 2632 rabiliter
466 2575 641 2632 devastasset
664 2593 728 2632 cum
756 2593 805 2633 rex
833 2583 1002 2648 congregato
1030 2580 1153 2634 exercitu
1181 2580 1216 2634 ad
1244 2581 1403 2651 Bulgariam
1429 2584 1558 2650 venisset,

314 2661 405 2718 dictus
432 2663 548 2734 Ponycb
575 2663 666 2720 banus
693 2670 814 2720 metum
841 2663 967 2735 Plevn(a)
994 2665 1178 2736 Balgarorum
1209 2669 1331 2738 optinuit
1360 2669 1556 2740 expugnando.

316 2749 442 2805 Contulit
459 2750 553 2820 itaque
571 2766 620 2806 rex
639 2767 690 2820 pro
708 2752 793 2806 tentis
811 2751 936 2822 servitiis,
954 2768 1019 2806 cum
1037 2752 1072 2807 ed
1091 2753 1169 2822 regni
1187 2753 1318 2808 thronum
1330 2756 1450 2811 venisset
1468 2755 1558 2812 eidem

314 2835 420 2892 Ponich
439 2836 513 2893 bano
538 2852 634 2892 omues
659 2839 850 2908 possessiones
869 2843 897 2892 et
914 2843 1005 2894 caetra
1023 2839 1132 2895 Nicolai
1150 2839 1198 2893 filii
1217 2841 1325 2896 comitis
1349 2841 1467 2897 Arnoldi
1484 2858 1557 2913 quas

314 2929 428 2996 propter
439 2923 630 2980 infidelitatem
642 2925 701 2980 eiua
713 2924 750 2980 ad
762 2925 853 2994 regiae
870 2940 970 2980 manue
989 2925 1165 2994 devenerant,
1183 2925 1311 2984 videlieet
1322 2927 1417 2984 Pliske
1433 2934 1556 2984 cubum

313 3027 370 3066 une
387 3027 451 3066 eum
470 3012 543 3078 villa,
561 3012 627 3066 item
645 3017 701 3066 tres
719 3011 800 3066 villas
816 3009 940 3078 Batnai,
953 3013 1018 3067 item
1030 3013 1110 3076 villas
1122 3013 1239 3084 Terpen,
1253 3013 1458 3082 Forkosiulese,
1472 3015 1557 3072 erent

312 3097 437 3166 Ladislc‚
454 3099 551 3167 Kliulr,
569 3099 667 3166 Hetes‚
686 3098 756 3166 Boi,
778 3097 972 3165 Guuturfelde,
996 3114 1060 3154 cum
1084 3099 1144 3155 iure
1171 3101 1199 3154 in
1226 3101 1306 3156 terris
1333 3099 1493 3158 monasterii
1520 3102 1555 3156 de

313 3181 448 3254 Haboltb‚
466 3185 546 3240 tiliae
565 3185 753 3250 Ilmarieulde‚
771 3183 921 3252 Zoborlov,
932 3186 1081 3241 existentes
1099 3187 1127 3240 in
1146 3186 1305 3242 Zaladiensi
1323 3189 1463 3244 comitatu.
1484 3189 1556 3244 Item

313 3275 436 3325 castrum
454 3271 583 3342 Purpach
602 3289 666 3327 oum
690 3271 755 3326 villa
778 3271 877 3328 Kneed
902 3277 930 3328 et
954 3273 1111 3342 portionem
1139 3274 1168 3328 iu
1195 3273 1295 3344 Nylrcb
1323 3275 1401 3330 salva
1429 3275 1555 3346 portione

309 3356 430 3412 ¹Arnoldi
449 3357 498 3412 filii
516 3358 634 3414 Arnoldi
649 3359 768 3428 junioris
786 3361 814 3413 in
833 3363 925 3416 castro
942 3359 979 3414 de
997 3359 1109 3429 Zturgo.
1128 3359 1233 3416 Datum
1248 3378 1408 3431 parmenus
1430 3361 1554 3432 magistri

312 3442 457 3499 Benedicti
474 3443 638 3501 Orodiensie
657 3447 807 3516 praepositi
825 3445 907 3501 aulae
925 3447 1150 3504 vicecancellarii.

371 3547 491 3603 Weceel:
511 3549 576 3605 (iod.
595 3549 665 3618 cipi.
684 3549 794 3618 Arpcd.
813 3549 926 3620 X11.p.
948 3555 972 3604 6.

364 3703 494 3760 MXVII.
519 3709 597 3760 1270.
622 3710 663 3761 12.
689 3707 853 3764 Decembris.
885 3708 1046 3780 Stephanus
1072 3707 1108 3764 V.
1136 3725 1184 3765 rex
1209 3711 1355 3766 coufirmat
1380 3712 1554 3783 privilegium

311 3792 521 3863 compositionis
538 3791 631 3848 fratris
649 3793 693 3848 sui
710 3794 795 3850 Beiae
813 3795 893 3852 ducis
911 3795 1062 3852 Slavoniae
1081 3797 1171 3853 bonae
1189 3799 1347 3866 memoriae,
1365 3797 1400 3854 de
1415 3815 1553 3854 consensu

311 3879 397 3949 patris
422 3879 466 3933 eui
484 3878 568 3934 Belae
587 3879 639 3936 1v.
657 3881 731 3951 regis
758 3899 793 3936 ex
817 3899 874 3938 una
898 3889 984 3954 parte,
1010 3889 1038 3938 et
1061 3883 1160 3938 fratres
1183 3884 1284 3940 domus
1306 3885 1421 3940 militiae
1445 3885 1554 3956 Templi

312 3981 396 4036 super
413 3965 487 4021 sacto
500 3965 617 4022 Sceuiae
635 3973 663 4022 et
680 3969 813 4024 comitatu
825 3969 861 4024 de
874 3969 1011 4038 Dabitha,
1031 3970 1177 4040 elargitum
1191 3971 1263 4026 sicut
1280 3972 1308 4026 iu
1327 3971 1425 4026 litteris
1438 3971 1552 4042 capituli

311 4051 438 4122 Zagrab„
452 4051 616 4124 abbatisde
634 4054 749 4126 Toplica
771 4061 800 4112 et
817 4057 1004 4128 praeceptoris
1026 4056 1126 4114 domus
1149 4057 1294 4130 hospitalis
1316 4058 1351 4114 de
1372 4058 1552 4126 Poecibitetl)

310 4145 339 4193 et
356 4139 430 4194 Petri
448 4139 574 4210 magistri
592 4141 788 4212 Dapiferorum
809 4142 965 4214 descriptae
985 4149 1064 4199 sunt:
1089 4145 1182 4200 Prima
1200 4151 1293 4200 autem
1312 4151 1386 4200 meta
1404 4145 1500 4216 incipit
1517 4161 1552 4200 ex

309 4231 388 4297 parte
406 4226 596 4282 Guersenicba
615 4227 742 4284 exeundo
767 4228 802 4284 de
824 4230 900 4285 Zava
918 4230 966 4284 ubi
984 4247 1058 4302 aqua
1083 4231 1176 4286 Pulrer
1197 4231 1272 4287 cadit
1289 4233 1317 4286 in
1337 4233 1455 4287 Zawem.
1480 4230 1551 4285 inde

309 4330 357 4380 per
376 4313 469 4383 ipsum
487 4313 581 4369 Paker
598 4314 633 4370 ad
654 4315 787 4370 orientem
804 4317 881 4371 venit
896 4316 931 4371 ad
944 4317 1037 4373 locum
1050 4318 1098 4372 ubi
1111 4317 1260 4389 Zeupulser
1278 4317 1352 4374 cadit
1369 4320 1397 4374 in
1417 4335 1550 4389 magnum

309 4399 403 4454 Puker
421 4406 448 4454 et
465 4399 563 4456 dividit
582 4407 683 4456 terram
701 4418 764 4458 cum
789 4403 853 4457 liliis
872 4405 975 4459 Petres.
1001 4404 1071 4462 Iude
1089 4407 1116 4460 in
1135 4421 1237 4474 magno
1263 4407 1354 4476 spatio
1377 4407 1411 4462 ad
1436 4406 1550 4462 fluvium

309 4483 496 4556 Kossatbyna
523 4487 593 4542 Inde
611 4504 661 4559 per
678 4489 769 4542 varies
794 4495 882 4545 metas
901 4491 936 4545 ad
955 4491 1047 4547 locum
1072 4491 1200 4562 Kalyeta,
1226 4498 1254 4546 et
1278 4493 1356 4548 iuxta
1380 4493 1497 4548 dumum
1514 4495 1551 4548 vi·

308 4573 431 4626 mineum
440 4572 584 4628 descendit
601 4574 635 4628 ad
656 4574 768 4630 fluvium
787 4576 945 4633 Revenicba
963 4584 991 4632 et
1009 4579 1085 4634 vadit
1096 4595 1145 4650 per
1157 4577 1278 4633 medium
1292 4579 1373 4652 villae
1387 4580 1551 4652 Bratbyche‚

308 4655 372 4712 inde
391 4675 440 4728 per
459 4660 556 4715 silvam
575 4661 610 4716 ad
629 4667 752 4716 montem
771 4669 798 4717 et
816 4669 922 4718 veteres
946 4671 1035 4720 metas
1060 4664 1108 4718 ubi
1132 4671 1197 4719 suut
1214 4663 1286 4719 duae
1311 4682 1399 4720 novae
1423 4672 1450 4722 et
1476 4666 1551 4721 cudit
