3376 5350
329 413 394 480 410
828 427 847 468 1.
867 413 1075 482 seruarent,

331 605 457 660 Drausm
481 612 509 660 ct
532 605 598 660 alim
617 621 649 659 ac
674 606 727 659 ista
745 613 823 676 parte
842 606 951 662 Dravae
963 623 997 661 ac
1010 606 1149 662 hominem
1163 609 1277 678 capituli
1297 608 1387 663 (lustri
1401 609 1486 664 terrei
1502 627 1590 680 super

332 691 471 764 praefatas
489 697 576 747 terras
594 699 736 749 mutuatas
754 693 927 762 adduxerint,
946 695 993 764 qui
1013 695 1204 748 concambium
1224 696 1406 765 coequabunt.

385 781 434 835 Ea
453 780 563 834 archivo
582 783 712 836 consitum
731 781 852 836 Festetit
871 782 1010 850 Keetbely.
1033 781 1098 836 Uod.
1118 782 1187 851 dipl.
1202 784 1326 852 patriast.
1348 784 1379 838 V.
1395 801 1425 853 p.
1447 789 1494 839 70.

368 938 533 994 MODXXI.
552 941 672 996 Rsatse.
692 943 768 992 1288.
788 943 830 992 18.
850 941 981 1010 Auqusti.
1000 939 1134 994 Nicolaus
1152 940 1203 996 1v.
1220 958 1293 1012 papa
1314 951 1429 1012 accepta
1447 943 1590 999 relatione

332 1027 407 1098 quod
427 1027 483 1081 dux
502 1034 529 1081 et
547 1043 693 1082 commune
711 1027 884 1082 Venetorum
902 1027 937 1080 ad
957 1029 1167 1098 occupationem
1179 1029 1313 1084 bonorum
1332 1035 1361 1084 et
1374 1029 1483 1100 jurium
1499 1032 1591 1101 Aqui·

333 1115 444 1171 leiensis
462 1114 594 1170 ccclesiae
613 1131 712 1168 manus
730 1113 825 1168 avidas
838 1115 1023 1182 extendentes,
1036 1115 1204 1182 Parentium,
1218 1116 1393 1172 Enonensem
1411 1127 1439 1172 et
1455 1119 1475 1173 J
1478 1121 1591 1174 astino

333 1204 485 1274 politanam
499 1203 631 1268 civitates,
645 1217 678 1257 ac
691 1204 779 1257 sancti
792 1203 934 1258 Laurentii
948 1201 1105 1268 Montanae,
1116 1209 1143 1257 et
1157 1201 1354 1274 Gresignanae,
1364 1203 1466 1272 Pirani,
1477 1208 1593 1260 inertiae

335 1291 450 1361 Muglae
461 1291 571 1360 aliaque
583 1291 716 1370 nonnulla
729 1299 827 1358 castra,
840 1297 933 1356 terras,
943 1290 1023 1345 villas
1032 1297 1059 1347 et
1069 1292 1131 1345 loca
1141 1291 1168 1344 in
1178 1292 1276 1346 Istriae
1286 1291 1411 1362 partibus
1423 1297 1593 1354 constituta

334 1397 405 1450 quae
418 1379 453 1433 ad
466 1378 582 1432 eandem
594 1379 739 1432 ecclesiam
753 1379 889 1448 pertinere
902 1378 1038 1446 dicrmtur‚
1048 1396 1097 1449 per
1107 1379 1265 1434 violentiam
1279 1387 1449 1450 occuparunt
1462 1389 1493 1436 et
1506 1399 1593 1437 occu-

336 1475 401 1538 pata
425 1467 549 1522 detinent
566 1468 682 1536 patratis
701 1466 796 1520 mrdtis
814 1467 921 1536 injuriis
934 1467 1096 1536 patriarche,
1110 1468 1233 1538 episcopi
1247 1467 1400 1538 Tergestini
1419 1475 1448 1522 et
1466 1470 1593 1524 aliorum

336 1556 531 1625 episcoporum
550 1559 578 1608 et
595 1554 762 1612 vasallorum
788 1553 906 1624 populis,
931 1571 966 1608 ex
990 1570 1046 1624 quc
1070 1555 1164 1625 gravia
1188 1553 1355 1622 discrimina,
1380 1555 1542 1612 discordiae
1568 1569 1595 1612 et

335 1658 448 1711 gverrae
467 1647 580 1696 exortae
599 1647 670 1707 sunt,
695 1641 788 1694 missia
811 1641 897 1709 igitur
921 1641 1075 1696 monitoriis
1099 1643 1157 1694 suis
1183 1642 1282 1696 litteris
1304 1641 1368 1696 duci
1394 1647 1422 1698 et
1446 1647 1595 1700 communi

336 1729 516 1796 Venetorum,
541 1727 656 1782 mandat
680 1727 887 1802 archiepiscopo
912 1726 1056 1798 Ragusino
1081 1735 1217 1798 quatenus
1241 1745 1291 1798 pro
1316 1730 1489 1800 apostolicae
1516 1733 1596 1787 sedis

337 1817 487 1871 reverentia
504 1815 686 1886 personaliter
703 1833 733 1870 se
751 1813 876 1870 conferat
893 1815 1027 1869 Venetiae
1045 1821 1073 1870 et
1091 1815 1190 1870 ducem
1209 1823 1236 1870 et
1255 1832 1402 1872 commune
1419 1817 1455 1870 ad
1473 1821 1595 1874 restitu-

336 1905 439 1959 tionem
458 1921 506 1959 seu
525 1905 724 1958 revocationem
743 1903 982 1973 stipendiariorum
1002 1920 1050 1956 seu
1069 1908 1236 1958 armatorum
1256 1902 1418 1972 faciendam,
1437 1911 1529 1974 utque
1556 1908 1592 1960 ab

340 1992 469 2046 omnibus
492 1991 670 2059 novitatibus,
694 1991 898 2045 incursionibus
917 1997 944 2045 et
973 1990 1122 2044 insultibus
1152 1990 1321 2058 abstineant,
1346 2007 1393 2046 eos
1423 2003 1540 2048 moneat
1567 2005 1596 2048 et

337 2079 460 2146 inducat,
479 2080 502 2132 si
521 2095 593 2148 opus
611 2079 693 2134 suerit
711 2080 796 2134 etiam
814 2095 863 2150 per
881 2079 966 2134 latam
985 2095 1128 2133 censuram
1147 2077 1303 2148 compellat.
1323 2079 1353 2134 Si
1372 2095 1436 2134 vero
1461 2078 1498 2135 de
1524 2083 1593 2136 ciri-

338 2168 450 2232 tatibus,
469 2167 566 2221 castris
584 2173 635 2220 etc.
650 2167 698 2236 jus
716 2166 829 2238 aliquod
849 2183 878 2221 se
896 2165 997 2220 habere
1015 2165 1191 2232 contendunt,
1205 2175 1384 2236 compareant
1395 2183 1445 2236 per
1456 2183 1594 2238 procura·

338 2263 427 2310 torem
445 2253 576 2309 idoneum
596 2269 688 2308 coram
702 2255 766 2310 sede
779 2254 939 2324 apostolica,
953 2271 1016 2308 cum
1030 2271 1102 2326 papa
1115 2260 1228 2324 paratus
1241 2255 1277 2308 sit
1289 2253 1417 2309 exhibere
1429 2255 1500 2326 ipsis
1514 2273 1593 2312 com-

341 2343 511 2412 plementum
526 2341 659 2412 justitiae.

393 2430 441 2484 Ex
458 2429 590 2484 Ballcrio
610 2429 756 2501 Rapeuiac
774 2431 829 2484 Ma.
844 2447 875 2498 p.
895 2433 954 2482 247.

394 2567 575 2624 MODXXII.
593 2571 713 2625 Baetae.
733 2572 809 2624 1288.
828 2574 870 2624 31.
890 2570 1019 2638 Auqrssti.
1040 2569 1174 2624 Nicolaus
1194 2569 1244 2624 IV.
1264 2569 1489 2640 papaJoannem
1503 2573 1541 2627 de
1555 2576 1593 2628 ci·
1667 2631 1668 2640 ,

340 2659 427 2712 vitate
440 2657 555 2728 Ragruii
569 2657 731 2712 canonicum
745 2656 979 2712 Concordiensem
991 2656 1118 2723 instituit,
1132 2657 1349 2727 canonicamque
1363 2657 1555 2728 praebendam
1568 2661 1592 2714 ei

340 2745 443 2800 tribuit.

394 2834 442 2887 Ex
459 2831 590 2886 Bullario
609 2831 764 2902 Rupesiuo.
787 2831 842 2884 Ma.
859 2847 888 2898 p.
908 2832 949 2883 55.

394 2971 729 3028 acuminatas.
749 2975 825 3026 1288.
846 2975 887 3026 26.
907 2972 1079 3039 Septembris.
1099 2970 1235 3026 Nicolaus
1253 2969 1304 3026 IV.
1324 2989 1397 3043 papa
1415 2973 1513 3028 scribit
1532 2976 1593 3045 epi·
1667 2921 1668 2982 d

340 3078 426 3134 scopo
444 3060 575 3126 Nouensi,
595 3061 687 3115 abbati
707 3077 727 3113 s.
747 3059 912 3129 Chrisogcni
930 3059 1057 3113 Jadrensi
1071 3065 1098 3112 et
1112 3057 1306 3113 archidiacono
1325 3059 1490 3130 Spalatenai,
1511 3061 1591 3130 quod

341 3149 494 3222 capitulum
513 3149 645 3203 ecclesiae
664 3147 830 3201 Morinensis
849 3145 996 3215 tMorigne)
1014 3148 1043 3199 in
1068 3145 1216 3216 Dalmatia,
1241 3147 1325 3217 (quod
1349 3147 1422 3218 apud
1441 3147 1593 3203 adeledam

342 3238 424 3294 castri
444 3235 636 3303 Sibenicensis,
656 3235 789 3290 dioecesis
810 3233 974 3288 Morinensis
993 3233 1111 3288 residere
1124 3233 1233 3302 dicitur)
1247 3236 1379 3305 petitione
1392 3241 1593 3304 monstrarunt,

341 3325 416 3396 quod
435 3324 502 3379 clim
522 3325 632 3377 civitate
651 3324 801 3377 Morinensi
820 3339 837 3376 a
855 3322 1018 3376 scismaticis
1037 3321 1152 3386 Graecis
1165 3323 1311 3389 destructa,
1331 3323 1419 3378 bonae
1438 3327 1594 3381 memoriae

342 3413 510 3468 Morinensis
523 3413 671 3482 episcopus
690 3419 717 3466 et
736 3411 888 3482 capitulum
907 3417 935 3465 et
954 3411 1050 3476 clerus,
1070 3427 1099 3464 se
1117 3409 1153 3464 ad
1172 3417 1292 3484 castrum
1306 3412 1482 3468 Sibenicense
1504 3415 1593 3483 (quod

342 3501 529 3573 propinquum
549 3498 639 3552 dictae
653 3499 756 3552 civitati
770 3499 855 3552 fuisse
869 3499 1048 3568 dignoscitur)
1062 3498 1269 3565 transtulerunt,
1283 3498 1428 3568 dictusque
1441 3501 1595 3571 episcopus

341 3589 377 3643 ad
397 3587 538 3658 quoddam
557 3585 753 3640 monasterium
772 3587 894 3657 positum
912 3587 939 3638 in
958 3585 1024 3638 villa
1042 3585 1177 3656 Tragurio
1201 3587 1314 3640 recessit
1332 3592 1359 3640 et
1378 3585 1480 3640 ibidem
1504 3589 1594 3643 vitam

342 3677 450 3731 claruit.
470 3676 587 3729 Etcum
607 3675 724 3728 ecclesia
742 3671 909 3728 Morinensis
927 3681 992 3744 post
1009 3673 1117 3728 obitum
1136 3675 1258 3743 episcopi
1283 3673 1372 3727 multo
1396 3681 1521 3744 tempore
1546 3693 1595 3730 va-

296 3815 299 3822 .
342 3766 467 3830 cavisset,
480 3760 601 3832 capitulo
611 3777 667 3814 non
678 3767 790 3815 curante
800 3761 834 3814 de
844 3760 980 3827 Praelato,
992 3761 1081 3814 clerici
1097 3761 1178 3814 villae
1188 3760 1313 3830 Tragurii
1324 3760 1534 3829 praetendentes
1542 3764 1594 3833 jus

342 3852 461 3923 eligendi
481 3852 642 3921 episcopum
661 3849 697 3904 ad
716 3866 745 3902 se
764 3851 906 3918 pertinere,
926 3850 1068 3919 elegerunt
1087 3851 1257 3919 episcopum,
1282 3855 1310 3902 et
1334 3849 1496 3902 successivis
1521 3855 1593 3905 tem·

342 3939 464 4011 poribus,
484 3939 549 3992 licet
566 3937 719 4007 capitulum
739 3935 915 3990 Sibenieense
934 3953 964 3990 se
978 3937 1026 4006 jue
1046 3937 1188 3991 electionis
1201 3941 1347 4001 exerceret,
1361 3935 1477 4006 praelati
1497 3937 1592 3994 clerici

342 4027 539 4098 Tragurieuses
552 4024 686 4094 quosdam
700 4023 770 4076 alios
783 4023 932 4092 elegerunt,
946 4025 992 4093 qui
1006 4024 1041 4078 ab
1054 4026 1093 4078 eis
1106 4024 1276 4078 vocabantur
1289 4023 1486 4092 Traguricuses
1498 4023 1592 4092 electi,

342 4131 413 4184 quos
431 4112 607 4182 metropolita
626 4127 720 4164 eorum
746 4109 780 4163 de
804 4109 878 4164 sacto
903 4111 1073 4164 confirmavit
1098 4119 1125 4165 et
1150 4111 1327 4164 consecravit.
1350 4109 1472 4164 Demum
1496 4117 1593 4166 autem

342 4199 495 4272 capitulum
514 4199 671 4254 Morinensc
691 4215 738 4252 seu
758 4196 934 4252 Sibenicense
953 4198 1127 4253 Leonardum
1147 4197 1258 4250 Faletrc
1283 4197 1433 4267 plebanum
1458 4197 1594 4254 ecclesiae

342 4307 362 4344 s.
383 4287 483 4356 Augeli
503 4285 537 4340 de
556 4285 681 4341 Venetiis
699 4287 727 4340 in
745 4301 827 4338 aurun
840 4286 1000 4355 episcopum
1015 4286 1186 4340 concorditer
1198 4285 1347 4353 elegerunt,
1361 4284 1409 4338 sed
1429 4284 1592 4354 Gregorius,

342 4376 389 4446 qui
409 4375 507 4428 ultimo
526 4374 579 4428 suit
597 4391 613 4426 a
632 4374 738 4427 clericis
756 4373 984 4441 Traguriensibus
1009 4374 1113 4428 electus
1138 4380 1165 4426 et
1190 4389 1238 4442 per
1263 4372 1467 4442 metropolitam
1493 4373 1593 4426 contir-

343 4471 434 4516 matus
452 4467 480 4516 et
498 4467 681 4528 consecratus,
700 4461 930 4514 administrationi
950 4461 1126 4531 episcopatus
1145 4467 1247 4514 temere
1266 4475 1295 4512 se
1314 4460 1466 4528 ingesserit,
1486 4477 1519 4514 cx
1533 4477 1591 4528 quc

343 4553 414 4604 intcr
431 4550 594 4618 Tragurium
620 4557 647 4602 et
671 4549 830 4602 Sibenicum
855 4549 946 4616 gravis
971 4547 1107 4601 discordia
1132 4554 1227 4601 exorta
1252 4555 1301 4612 est,
1325 4563 1409 4618 qnare
1435 4546 1588 4616 capitulum

343 4637 520 4692 Sibenicense
539 4635 704 4706 supplicavit
723 4635 850 4688 Pontifici
870 4641 901 4689 ut
920 4637 959 4690 eis
983 4636 1027 4688 ius
1051 4635 1169 4704 eligendi
1194 4636 1355 4704 episcopum
1378 4633 1519 4688 humiliter
1544 4635 1591 4687 tri-

342 4725 446 4778 bueret.
465 4722 595 4777 Pontifex
618 4723 703 4791 igitur
726 4723 840 4776 mandat
865 4723 1029 4792 supradictis
1048 4729 1153 4778 uttam
1173 4723 1337 4793 Gregorium
1362 4729 1390 4777 et
1413 4720 1589 4778 Leouaffimu
