<?xml version="1.0" encoding="UTF-8"?>
<!DOCTYPE html PUBLIC "-//W3C//DTD XHTML 1.0 Transitional//EN"
    "http://www.w3.org/TR/xhtml1/DTD/xhtml1-transitional.dtd">
<html xmlns="http://www.w3.org/1999/xhtml" xml:lang="en" lang="en">
 <head>
  <title>
</title>
<meta http-equiv="Content-Type" content="text/html;charset=utf-8" />
  <meta name='ocr-system' content='tesseract 3.04.00' />
  <meta name='ocr-capabilities' content='ocr_page ocr_carea ocr_par ocr_line ocrx_word'/>
</head>
<body>
  <div class='ocr_page' id='page_1' title='image "./regestadocument00sakcgoog_0245.png"; bbox 0 0 3488 5380; ppageno 0'>
   <div class='ocr_carea' id='block_1_1' title="bbox 648 295 1343 362">
    <p class='ocr_par' dir='ltr' id='par_1_1' title="bbox 648 295 1343 362">
     <span class='ocr_line' id='line_1_1' title="bbox 648 295 1343 362; baseline 0.004 -3"><span class='ocrx_word' id='word_1_1' title='bbox 648 317 793 361; x_wconf 77' lang='lat' dir='ltr'><strong>onerans.</strong></span> <span class='ocrx_word' id='word_1_2' title='bbox 1279 295 1343 362; x_wconf 82' lang='lat'><strong>239</strong></span> 
     </span>
    </p>
   </div>
   <div class='ocr_carea' id='block_1_2' title="bbox 97 479 1364 1599">
    <p class='ocr_par' dir='ltr' id='par_1_2' title="bbox 97 479 1364 1498">
     <span class='ocr_line' id='line_1_2' title="bbox 151 479 1364 560; baseline 0.006 -23"><span class='ocrx_word' id='word_1_3' title='bbox 151 479 321 538; x_wconf 83' lang='lat' dir='ltr'><strong>Dooxcv.</strong></span> <span class='ocrx_word' id='word_1_4' title='bbox 347 480 509 556; x_wconf 65' lang='lat' dir='ltr'><strong>hanniae</strong></span> <span class='ocrx_word' id='word_1_5' title='bbox 537 486 615 538; x_wconf 80' lang='lat'><strong>1260.</strong></span> <span class='ocrx_word' id='word_1_6' title='bbox 644 487 684 540; x_wconf 83' lang='lat'><strong>11.</strong></span> <span class='ocrx_word' id='word_1_7' title='bbox 712 483 803 540; x_wconf 73' lang='lat' dir='ltr'><strong>duali.</strong></span> <span class='ocrx_word' id='word_1_8' title='bbox 828 483 986 540; x_wconf 70' lang='lat' dir='ltr'>Alexander</span> <span class='ocrx_word' id='word_1_9' title='bbox 1008 483 1060 540; x_wconf 89' lang='lat' dir='ltr'><strong>IV.</strong></span> <span class='ocrx_word' id='word_1_10' title='bbox 1085 502 1160 560; x_wconf 87' lang='lat' dir='ltr'><strong>papa</strong></span> <span class='ocrx_word' id='word_1_11' title='bbox 1185 485 1221 542; x_wconf 91' lang='lat' dir='ltr'><strong>ad</strong></span> <span class='ocrx_word' id='word_1_12' title='bbox 1247 491 1364 560; x_wconf 57' lang='lat' dir='ltr'><strong>postu,</strong></span> 
     </span>
     <span class='ocr_line' id='line_1_3' title="bbox 100 567 1346 646; baseline 0.004 -21"><span class='ocrx_word' id='word_1_13' title='bbox 100 570 234 626; x_wconf 86' lang='lat' dir='ltr'><strong>lationem</strong></span> <span class='ocrx_word' id='word_1_14' title='bbox 252 567 411 626; x_wconf 85' lang='lat' dir='ltr'><strong>abbatissae</strong></span> <span class='ocrx_word' id='word_1_15' title='bbox 429 570 459 628; x_wconf 81' lang='grc' dir='ltr'><strong>Β.</strong></span> <span class='ocrx_word' id='word_1_16' title='bbox 477 569 587 628; x_wconf 85' lang='lat' dir='ltr'><strong>Nicolai</strong></span> <span class='ocrx_word' id='word_1_17' title='bbox 605 571 750 628; x_wconf 88' lang='lat' dir='ltr'><strong>Jadrenais</strong></span> <span class='ocrx_word' id='word_1_18' title='bbox 769 577 797 628; x_wconf 91' lang='lat' dir='ltr'><strong>et</strong></span> <span class='ocrx_word' id='word_1_19' title='bbox 814 573 874 628; x_wconf 86' lang='lat' dir='ltr'><strong>eius</strong></span> <span class='ocrx_word' id='word_1_20' title='bbox 893 589 1020 630; x_wconf 89' lang='lat' dir='ltr'><strong>sororum</strong></span> <span class='ocrx_word' id='word_1_21' title='bbox 1039 575 1155 646; x_wconf 74' lang='lat' dir='ltr'><strong>suscipit</strong></span> <span class='ocrx_word' id='word_1_22' title='bbox 1173 591 1269 630; x_wconf 87' lang='lat' dir='ltr'><strong>eorum</strong></span> <span class='ocrx_word' id='word_1_23' title='bbox 1286 592 1346 630; x_wconf 90' lang='lat' dir='ltr'><strong>mo·</strong></span> 
     </span>
     <span class='ocr_line' id='line_1_4' title="bbox 100 657 1346 732; baseline 0.004 -20"><span class='ocrx_word' id='word_1_24' title='bbox 100 657 254 714; x_wconf 84' lang='lat' dir='ltr'><strong>nasterium</strong></span> <span class='ocrx_word' id='word_1_25' title='bbox 273 658 302 712; x_wconf 91' lang='lat' dir='ltr'><strong>in</strong></span> <span class='ocrx_word' id='word_1_26' title='bbox 320 659 520 730; x_wconf 85' lang='lat' dir='ltr'><strong>protectionem</strong></span> <span class='ocrx_word' id='word_1_27' title='bbox 539 659 571 715; x_wconf 92' lang='lat' dir='ltr'><strong>B.</strong></span> <span class='ocrx_word' id='word_1_28' title='bbox 589 659 673 725; x_wconf 86' lang='lat' dir='ltr'><strong>Petri,</strong></span> <span class='ocrx_word' id='word_1_29' title='bbox 699 665 825 714; x_wconf 87' lang='lat' dir='ltr'><strong>statuens</strong></span> <span class='ocrx_word' id='word_1_30' title='bbox 843 665 875 715; x_wconf 91' lang='lat' dir='ltr'><strong>ut</strong></span> <span class='ocrx_word' id='word_1_31' title='bbox 893 661 962 716; x_wconf 92' lang='lat' dir='ltr'><strong>ordo</strong></span> <span class='ocrx_word' id='word_1_32' title='bbox 983 663 1153 717; x_wconf 88' lang='lat' dir='ltr'><strong>monasticos</strong></span> <span class='ocrx_word' id='word_1_33' title='bbox 1178 662 1226 732; x_wconf 90' lang='lat' dir='ltr'><strong>qui</strong></span> <span class='ocrx_word' id='word_1_34' title='bbox 1244 663 1276 718; x_wconf 85' lang='grc' dir='ltr'><strong>Β.</strong></span> <span class='ocrx_word' id='word_1_35' title='bbox 1294 663 1346 718; x_wconf 89' lang='lat' dir='ltr'><strong>Be·</strong></span> 
     </span>
     <span class='ocr_line' id='line_1_5' title="bbox 98 744 1346 816; baseline 0.002 -17"><span class='ocrx_word' id='word_1_36' title='bbox 98 744 203 800; x_wconf 89' lang='lat' dir='ltr'><strong>nedicti</strong></span> <span class='ocrx_word' id='word_1_37' title='bbox 221 745 346 815; x_wconf 75' lang='lat' dir='ltr'><strong>regulam</strong></span> <span class='ocrx_word' id='word_1_38' title='bbox 365 751 450 816; x_wconf 88' lang='lat' dir='ltr'><strong>atque</strong></span> <span class='ocrx_word' id='word_1_39' title='bbox 467 746 650 802; x_wconf 87' lang='lat' dir='ltr'><strong>imitationem</strong></span> <span class='ocrx_word' id='word_1_40' title='bbox 673 746 836 802; x_wconf 85' lang='lat' dir='ltr'><strong>monialium</strong></span> <span class='ocrx_word' id='word_1_41' title='bbox 860 747 1031 804; x_wconf 87' lang='lat' dir='ltr'><strong>inclusarum</strong></span> <span class='ocrx_word' id='word_1_42' title='bbox 1059 749 1088 804; x_wconf 83' lang='lat' dir='ltr'><strong>S.</strong></span> <span class='ocrx_word' id='word_1_43' title='bbox 1111 749 1245 804; x_wconf 89' lang='lat' dir='ltr'><strong>Damiani</strong></span> <span class='ocrx_word' id='word_1_44' title='bbox 1268 749 1346 803; x_wconf 81' lang='lat' dir='ltr'><strong>Assi-</strong></span> 
     </span>
     <span class='ocr_line' id='line_1_6' title="bbox 98 831 1345 906; baseline 0.002 -20"><span class='ocrx_word' id='word_1_45' title='bbox 98 831 224 887; x_wconf 87' lang='lat' dir='ltr'><strong>natensia</strong></span> <span class='ocrx_word' id='word_1_46' title='bbox 243 836 271 887; x_wconf 89' lang='lat' dir='ltr'><strong>et</strong></span> <span class='ocrx_word' id='word_1_47' title='bbox 288 831 435 888; x_wconf 84' lang='lat' dir='ltr'><strong>formulam</strong></span> <span class='ocrx_word' id='word_1_48' title='bbox 454 832 527 888; x_wconf 85' lang='lat' dir='ltr'><strong>vitae</strong></span> <span class='ocrx_word' id='word_1_49' title='bbox 546 849 614 888; x_wconf 90' lang='lat' dir='ltr'><strong>suae</strong></span> <span class='ocrx_word' id='word_1_50' title='bbox 633 849 650 888; x_wconf 92' lang='lat' dir='ltr'><strong>a</strong></span> <span class='ocrx_word' id='word_1_51' title='bbox 668 832 804 902; x_wconf 78' lang='lat' dir='ltr'>Gregorio</span> <span class='ocrx_word' id='word_1_52' title='bbox 829 850 905 906; x_wconf 88' lang='lat' dir='ltr'><strong>papa</strong></span> <span class='ocrx_word' id='word_1_53' title='bbox 929 833 1019 890; x_wconf 90' lang='lat' dir='ltr'><strong>ordini</strong></span> <span class='ocrx_word' id='word_1_54' title='bbox 1043 851 1139 891; x_wconf 89' lang='lat' dir='ltr'><strong>eorum</strong></span> <span class='ocrx_word' id='word_1_55' title='bbox 1163 834 1293 890; x_wconf 76' lang='lat' dir='ltr'><strong>traditam</strong></span> <span class='ocrx_word' id='word_1_56' title='bbox 1316 835 1345 889; x_wconf 92' lang='lat' dir='ltr'><strong>in</strong></span> 
     </span>
     <span class='ocr_line' id='line_1_7' title="bbox 98 917 1345 994; baseline 0.003 -20"><span class='ocrx_word' id='word_1_57' title='bbox 98 917 199 974; x_wconf 65' lang='lat' dir='ltr'><strong>emam</strong></span> <span class='ocrx_word' id='word_1_58' title='bbox 216 919 388 975; x_wconf 86' lang='lat' dir='ltr'><strong>monasterio</strong></span> <span class='ocrx_word' id='word_1_59' title='bbox 406 919 550 975; x_wconf 89' lang='lat' dir='ltr'><strong>institutus</strong></span> <span class='ocrx_word' id='word_1_60' title='bbox 566 935 627 975; x_wconf 86' lang='lat' dir='ltr'><strong>esse</strong></span> <span class='ocrx_word' id='word_1_61' title='bbox 639 917 818 990; x_wconf 82' lang='lat' dir='ltr'><strong>dignoscitru,</strong></span> <span class='ocrx_word' id='word_1_62' title='bbox 834 922 977 992; x_wconf 86' lang='lat' dir='ltr'><strong>perpetuis</strong></span> <span class='ocrx_word' id='word_1_63' title='bbox 990 920 1162 994; x_wconf 76' lang='lat' dir='ltr'><strong>temporibus</strong></span> <span class='ocrx_word' id='word_1_64' title='bbox 1175 921 1345 978; x_wconf 74' lang='lat' dir='ltr'><strong>observetur.</strong></span> 
     </span>
     <span class='ocr_line' id='line_1_8' title="bbox 100 1003 1346 1079; baseline 0.004 -21"><span class='ocrx_word' id='word_1_65' title='bbox 100 1003 257 1060; x_wconf 80' lang='lat' dir='ltr'><strong>Confirmat</strong></span> <span class='ocrx_word' id='word_1_66' title='bbox 267 1010 411 1078; x_wconf 86' lang='lat' dir='ltr'><strong>praeterea</strong></span> <span class='ocrx_word' id='word_1_67' title='bbox 423 1021 520 1062; x_wconf 84' lang='lat' dir='ltr'><strong>omues</strong></span> <span class='ocrx_word' id='word_1_68' title='bbox 533 1007 725 1078; x_wconf 86' lang='lat' dir='ltr'><strong>possessiones</strong></span> <span class='ocrx_word' id='word_1_69' title='bbox 737 1012 765 1062; x_wconf 89' lang='lat' dir='ltr'><strong>et</strong></span> <span class='ocrx_word' id='word_1_70' title='bbox 778 1005 853 1063; x_wconf 88' lang='lat' dir='ltr'><strong>houa</strong></span> <span class='ocrx_word' id='word_1_71' title='bbox 865 1007 990 1063; x_wconf 86' lang='lat' dir='ltr'><strong>eiusdem</strong></span> <span class='ocrx_word' id='word_1_72' title='bbox 1003 1009 1171 1064; x_wconf 88' lang='lat' dir='ltr'><strong>monasterii.</strong></span> <span class='ocrx_word' id='word_1_73' title='bbox 1183 1007 1222 1062; x_wconf 89' lang='lat' dir='ltr'><strong>Et</strong></span> <span class='ocrx_word' id='word_1_74' title='bbox 1233 1007 1346 1079; x_wconf 88' lang='lat' dir='ltr'><strong>quidem</strong></span> 
     </span>
     <span class='ocr_line' id='line_1_9' title="bbox 97 1091 1345 1166; baseline 0.002 -20"><span class='ocrx_word' id='word_1_75' title='bbox 97 1091 193 1148; x_wconf 88' lang='lat' dir='ltr'><strong>locurn</strong></span> <span class='ocrx_word' id='word_1_76' title='bbox 210 1093 304 1165; x_wconf 89' lang='lat' dir='ltr'><strong>ipsum</strong></span> <span class='ocrx_word' id='word_1_77' title='bbox 322 1093 351 1148; x_wconf 88' lang='lat' dir='ltr'><strong>iu</strong></span> <span class='ocrx_word' id='word_1_78' title='bbox 370 1109 427 1166; x_wconf 90' lang='lat' dir='ltr'><strong>quo</strong></span> <span class='ocrx_word' id='word_1_79' title='bbox 446 1093 531 1148; x_wconf 85' lang='lat' dir='ltr'><strong>situm</strong></span> <span class='ocrx_word' id='word_1_80' title='bbox 550 1097 592 1148; x_wconf 91' lang='lat' dir='ltr'><strong>est</strong></span> <span class='ocrx_word' id='word_1_81' title='bbox 609 1093 684 1150; x_wconf 85' lang='lat' dir='ltr'><strong>idem</strong></span> <span class='ocrx_word' id='word_1_82' title='bbox 701 1093 910 1150; x_wconf 76' lang='lat' dir='ltr'><strong>monasterium</strong></span> <span class='ocrx_word' id='word_1_83' title='bbox 928 1093 1001 1149; x_wconf 91' lang='lat' dir='ltr'><strong>Item</strong></span> <span class='ocrx_word' id='word_1_84' title='bbox 1019 1094 1164 1150; x_wconf 87' lang='lat' dir='ltr'><strong>eeclesiam</strong></span> <span class='ocrx_word' id='word_1_85' title='bbox 1182 1093 1210 1150; x_wconf 81' lang='lat' dir='ltr'><strong>S.</strong></span> <span class='ocrx_word' id='word_1_86' title='bbox 1225 1093 1345 1150; x_wconf 85' lang='lat' dir='ltr'><strong>Joannis</strong></span> 
     </span>
     <span class='ocr_line' id='line_1_10' title="bbox 97 1177 1345 1251; baseline 0.001 -17"><span class='ocrx_word' id='word_1_87' title='bbox 97 1179 134 1234; x_wconf 93' lang='lat' dir='ltr'><strong>de</strong></span> <span class='ocrx_word' id='word_1_88' title='bbox 154 1179 264 1236; x_wconf 79' lang='lat' dir='ltr'><strong>illesam</strong></span> <span class='ocrx_word' id='word_1_89' title='bbox 286 1195 350 1236; x_wconf 89' lang='lat' dir='ltr'><strong>cum</strong></span> <span class='ocrx_word' id='word_1_90' title='bbox 367 1181 448 1236; x_wconf 83' lang='lat' dir='ltr'><strong>vinea</strong></span> <span class='ocrx_word' id='word_1_91' title='bbox 466 1185 494 1236; x_wconf 91' lang='lat' dir='ltr'><strong>et</strong></span> <span class='ocrx_word' id='word_1_92' title='bbox 512 1179 601 1236; x_wconf 88' lang='lat' dir='ltr'><strong>terris.</strong></span> <span class='ocrx_word' id='word_1_93' title='bbox 617 1178 724 1235; x_wconf 88' lang='lat' dir='ltr'><strong>Vineae</strong></span> <span class='ocrx_word' id='word_1_94' title='bbox 744 1179 780 1236; x_wconf 91' lang='lat' dir='ltr'><strong>de</strong></span> <span class='ocrx_word' id='word_1_95' title='bbox 798 1177 904 1235; x_wconf 86' lang='lat' dir='ltr'><strong>Gillum</strong></span> <span class='ocrx_word' id='word_1_96' title='bbox 927 1196 993 1236; x_wconf 90' lang='lat' dir='ltr'><strong>cum</strong></span> <span class='ocrx_word' id='word_1_97' title='bbox 1010 1181 1099 1248; x_wconf 86' lang='lat' dir='ltr'><strong>terris,</strong></span> <span class='ocrx_word' id='word_1_98' title='bbox 1123 1197 1196 1251; x_wconf 89' lang='lat' dir='ltr'><strong>qnae</strong></span> <span class='ocrx_word' id='word_1_99' title='bbox 1220 1186 1286 1237; x_wconf 92' lang='lat' dir='ltr'><strong>sunt</strong></span> <span class='ocrx_word' id='word_1_100' title='bbox 1309 1180 1345 1238; x_wconf 87' lang='lat' dir='ltr'><strong>ad</strong></span> 
     </span>
     <span class='ocr_line' id='line_1_11' title="bbox 97 1259 1346 1338; baseline 0.001 -16"><span class='ocrx_word' id='word_1_101' title='bbox 97 1265 212 1322; x_wconf 75' lang='lat' dir='ltr'><strong>elasam</strong></span> <span class='ocrx_word' id='word_1_102' title='bbox 230 1273 347 1338; x_wconf 86' lang='lat' dir='ltr'><strong>atquae</strong></span> <span class='ocrx_word' id='word_1_103' title='bbox 365 1266 484 1322; x_wconf 85' lang='lat' dir='ltr'><strong>suntad</strong></span> <span class='ocrx_word' id='word_1_104' title='bbox 503 1267 602 1336; x_wconf 72' lang='lat' dir='ltr'><strong>lirano,</strong></span> <span class='ocrx_word' id='word_1_105' title='bbox 620 1283 684 1322; x_wconf 88' lang='lat' dir='ltr'><strong>cum</strong></span> <span class='ocrx_word' id='word_1_106' title='bbox 697 1265 827 1322; x_wconf 89' lang='lat' dir='ltr'><strong>omnihus</strong></span> <span class='ocrx_word' id='word_1_107' title='bbox 846 1259 977 1324; x_wconf 87' lang='lat' dir='ltr'><strong>domibus</strong></span> <span class='ocrx_word' id='word_1_108' title='bbox 995 1273 1023 1324; x_wconf 88' lang='lat' dir='ltr'><strong>et</strong></span> <span class='ocrx_word' id='word_1_109' title='bbox 1040 1267 1170 1324; x_wconf 85' lang='lat' dir='ltr'><strong>casalinis</strong></span> <span class='ocrx_word' id='word_1_110' title='bbox 1188 1269 1218 1323; x_wconf 93' lang='lat' dir='ltr'><strong>in</strong></span> <span class='ocrx_word' id='word_1_111' title='bbox 1236 1269 1346 1324; x_wconf 83' lang='lat' dir='ltr'><strong>civitate</strong></span> 
     </span>
     <span class='ocr_line' id='line_1_12' title="bbox 98 1349 1346 1426; baseline 0.002 -18"><span class='ocrx_word' id='word_1_112' title='bbox 98 1352 240 1421; x_wconf 85' lang='lat' dir='ltr'><strong>Jadreuei,</strong></span> <span class='ocrx_word' id='word_1_113' title='bbox 259 1359 368 1410; x_wconf 85' lang='lat' dir='ltr'><strong>etcum</strong></span> <span class='ocrx_word' id='word_1_114' title='bbox 392 1353 455 1410; x_wconf 86' lang='lat' dir='ltr'><strong>aliis</strong></span> <span class='ocrx_word' id='word_1_115' title='bbox 480 1353 655 1410; x_wconf 67' lang='lat' dir='ltr'><strong>utilitatibus.</strong></span> <span class='ocrx_word' id='word_1_116' title='bbox 680 1353 785 1410; x_wconf 90' lang='lat' dir='ltr'><strong>Datum</strong></span> <span class='ocrx_word' id='word_1_117' title='bbox 804 1370 853 1426; x_wconf 87' lang='lat' dir='ltr'><strong>per</strong></span> <span class='ocrx_word' id='word_1_118' title='bbox 869 1369 970 1410; x_wconf 88' lang='lat' dir='ltr'><strong>manus</strong></span> <span class='ocrx_word' id='word_1_119' title='bbox 992 1353 1117 1425; x_wconf 74' lang='lat' dir='ltr'><strong>magistri</strong></span> <span class='ocrx_word' id='word_1_120' title='bbox 1140 1353 1257 1410; x_wconf 86' lang='lat' dir='ltr'><strong>Jordaui</strong></span> <span class='ocrx_word' id='word_1_121' title='bbox 1275 1349 1346 1410; x_wconf 82' lang='lat' dir='ltr'><strong>rice·</strong></span> 
     </span>
     <span class='ocr_line' id='line_1_13' title="bbox 97 1441 265 1498; baseline 0.012 -2"><span class='ocrx_word' id='word_1_122' title='bbox 97 1441 265 1498; x_wconf 79' lang='lat' dir='ltr'><strong>cancellarii</strong></span> 
     </span>
    </p>

    <p class='ocr_par' dir='ltr' id='par_1_3' title="bbox 151 1527 692 1599">
     <span class='ocr_line' id='line_1_14' title="bbox 151 1527 692 1599; baseline 0 -16"><span class='ocrx_word' id='word_1_123' title='bbox 151 1527 287 1584; x_wconf 80' lang='lat' dir='ltr'><strong>Farlats&#39;:</strong></span> <span class='ocrx_word' id='word_1_124' title='bbox 305 1528 388 1599; x_wconf 77' lang='lat' dir='ltr'><strong>illyr.</strong></span> <span class='ocrx_word' id='word_1_125' title='bbox 405 1543 477 1584; x_wconf 74' lang='lat' dir='ltr'><strong>saca</strong></span> <span class='ocrx_word' id='word_1_126' title='bbox 498 1527 528 1585; x_wconf 81' lang='lat' dir='ltr'><strong>T.</strong></span> <span class='ocrx_word' id='word_1_127' title='bbox 552 1527 582 1581; x_wconf 83' lang='lat' dir='ltr'><strong>V.</strong></span> <span class='ocrx_word' id='word_1_128' title='bbox 599 1544 627 1598; x_wconf 81' lang='lat' dir='ltr'><strong>p.</strong></span> <span class='ocrx_word' id='word_1_129' title='bbox 649 1531 692 1583; x_wconf 85' lang='lat'><strong>79.</strong></span> 
     </span>
    </p>
   </div>
   <div class='ocr_carea' id='block_1_3' title="bbox 96 1649 1345 1982">
    <p class='ocr_par' dir='ltr' id='par_1_4' title="bbox 96 1649 1345 1897">
     <span class='ocr_line' id='line_1_15' title="bbox 150 1649 1342 1722; baseline -0.001 -16"><span class='ocrx_word' id='word_1_130' title='bbox 150 1649 628 1709; x_wconf 74' lang='lat' dir='ltr'><strong>Dcoxovl.1asmmae.1eao.</strong></span> <span class='ocrx_word' id='word_1_131' title='bbox 652 1655 678 1707; x_wconf 83' lang='grc'><strong>2.</strong></span> <span class='ocrx_word' id='word_1_132' title='bbox 702 1649 871 1707; x_wconf 80' lang='lat' dir='ltr'><strong>Novembris.</strong></span> <span class='ocrx_word' id='word_1_133' title='bbox 896 1649 1007 1706; x_wconf 84' lang='lat' dir='ltr'><strong>Slarius</strong></span> <span class='ocrx_word' id='word_1_134' title='bbox 1032 1650 1182 1722; x_wconf 84' lang='lat' dir='ltr'><strong>episeopus</strong></span> <span class='ocrx_word' id='word_1_135' title='bbox 1205 1650 1342 1716; x_wconf 74' lang='lat' dir='ltr'><strong>(lribuui-</strong></span> 
     </span>
     <span class='ocr_line' id='line_1_16' title="bbox 97 1736 1345 1808; baseline -0.002 -14"><span class='ocrx_word' id='word_1_136' title='bbox 97 1738 186 1808; x_wconf 86' lang='lat' dir='ltr'><strong>ensis)</strong></span> <span class='ocrx_word' id='word_1_137' title='bbox 204 1743 233 1794; x_wconf 88' lang='lat' dir='ltr'><strong>st</strong></span> <span class='ocrx_word' id='word_1_138' title='bbox 250 1737 339 1794; x_wconf 79' lang='lat' dir='ltr'><strong>abbas</strong></span> <span class='ocrx_word' id='word_1_139' title='bbox 356 1739 517 1794; x_wconf 89' lang='lat' dir='ltr'><strong>monasterii</strong></span> <span class='ocrx_word' id='word_1_140' title='bbox 539 1737 710 1796; x_wconf 82' lang='lat' dir='ltr'><strong>Lacromaae</strong></span> <span class='ocrx_word' id='word_1_141' title='bbox 733 1754 798 1793; x_wconf 91' lang='lat' dir='ltr'><strong>cum</strong></span> <span class='ocrx_word' id='word_1_142' title='bbox 822 1736 954 1793; x_wconf 72' lang='lat' dir='ltr'><strong>inanibus</strong></span> <span class='ocrx_word' id='word_1_143' title='bbox 971 1737 1087 1794; x_wconf 88' lang='lat' dir='ltr'><strong>Paaeale</strong></span> <span class='ocrx_word' id='word_1_144' title='bbox 1105 1743 1134 1792; x_wconf 89' lang='lat' dir='ltr'><strong>et</strong></span> <span class='ocrx_word' id='word_1_145' title='bbox 1145 1737 1242 1808; x_wconf 77' lang='lat' dir='ltr'><strong>Ysaya</strong></span> <span class='ocrx_word' id='word_1_146' title='bbox 1260 1737 1345 1793; x_wconf 84' lang='lat' dir='ltr'><strong>conii·</strong></span> 
     </span>
     <span class='ocr_line' id='line_1_17' title="bbox 96 1823 1234 1897; baseline -0.004 -16"><span class='ocrx_word' id='word_1_147' title='bbox 96 1831 193 1882; x_wconf 75' lang='lat' dir='ltr'><strong>tenhrr</strong></span> <span class='ocrx_word' id='word_1_148' title='bbox 211 1823 307 1896; x_wconf 85' lang='lat' dir='ltr'><strong>(quidl</strong></span> <span class='ocrx_word' id='word_1_149' title='bbox 323 1841 381 1880; x_wconf 91' lang='lat' dir='ltr'><strong>non</strong></span> <span class='ocrx_word' id='word_1_150' title='bbox 399 1824 582 1897; x_wconf 79' lang='lat' dir='ltr'><strong>producitur).</strong></span> <span class='ocrx_word' id='word_1_151' title='bbox 602 1824 751 1896; x_wconf 75' lang='lat' dir='ltr'><strong>Presbyter</strong></span> <span class='ocrx_word' id='word_1_152' title='bbox 767 1823 893 1880; x_wconf 85' lang='lat' dir='ltr'><strong>Pascalis</strong></span> <span class='ocrx_word' id='word_1_153' title='bbox 911 1841 982 1880; x_wconf 87' lang='lat' dir='ltr'><strong>com.</strong></span> <span class='ocrx_word' id='word_1_154' title='bbox 1000 1829 1059 1882; x_wconf 85' lang='lat' dir='ltr'><strong>not</strong></span> <span class='ocrx_word' id='word_1_155' title='bbox 1077 1823 1196 1896; x_wconf 78' lang='lat' dir='ltr'><strong>scripsit.</strong></span> <span class='ocrx_word' id='word_1_156' title='bbox 1232 1871 1234 1876; x_wconf 91' lang='lat'><strong>.</strong></span> 
     </span>
    </p>

    <p class='ocr_par' dir='ltr' id='par_1_5' title="bbox 151 1911 714 1982">
     <span class='ocr_line' id='line_1_18' title="bbox 151 1911 714 1982; baseline 0 -16"><span class='ocrx_word' id='word_1_157' title='bbox 151 1911 282 1968; x_wconf 75' lang='lat' dir='ltr'><strong>Faalats&#39;:</strong></span> <span class='ocrx_word' id='word_1_158' title='bbox 300 1911 382 1982; x_wconf 64' lang='lat' dir='ltr'><strong>nter.</strong></span> <span class='ocrx_word' id='word_1_159' title='bbox 399 1927 471 1968; x_wconf 69' lang='lat' dir='ltr'><strong>som.</strong></span> <span class='ocrx_word' id='word_1_160' title='bbox 492 1913 522 1968; x_wconf 80' lang='grc' dir='ltr'><strong>Τ.</strong></span> <span class='ocrx_word' id='word_1_161' title='bbox 539 1912 586 1968; x_wconf 85' lang='lat' dir='ltr'><strong>Vl.</strong></span> <span class='ocrx_word' id='word_1_162' title='bbox 605 1929 633 1982; x_wconf 88' lang='lat' dir='ltr'><strong>p.</strong></span> <span class='ocrx_word' id='word_1_163' title='bbox 653 1915 714 1967; x_wconf 85' lang='lat'><strong>291.</strong></span> 
     </span>
    </p>
   </div>
   <div class='ocr_carea' id='block_1_4' title="bbox 90 2031 1345 3832">
    <p class='ocr_par' dir='ltr' id='par_1_6' title="bbox 91 2031 1345 3670">
     <span class='ocr_line' id='line_1_19' title="bbox 150 2031 1343 2106; baseline 0 -18"><span class='ocrx_word' id='word_1_164' title='bbox 150 2032 353 2090; x_wconf 83' lang='lat' dir='ltr'><strong>Dccxovn.</strong></span> <span class='ocrx_word' id='word_1_165' title='bbox 370 2034 543 2106; x_wconf 77' lang='lat' dir='ltr'><strong>Zaprahiae.</strong></span> <span class='ocrx_word' id='word_1_166' title='bbox 561 2035 756 2092; x_wconf 78' lang='lat' dir='ltr'><strong>ssoo.-1265.</strong></span> <span class='ocrx_word' id='word_1_167' title='bbox 776 2035 817 2094; x_wconf 84' lang='lat'><strong>15.</strong></span> <span class='ocrx_word' id='word_1_168' title='bbox 835 2035 903 2088; x_wconf 81' lang='lat' dir='ltr'><strong>Noa.</strong></span> <span class='ocrx_word' id='word_1_169' title='bbox 921 2031 1067 2088; x_wconf 85' lang='lat' dir='ltr'><strong>Rolandne</strong></span> <span class='ocrx_word' id='word_1_170' title='bbox 1080 2032 1170 2088; x_wconf 85' lang='lat' dir='ltr'><strong>banus</strong></span> <span class='ocrx_word' id='word_1_171' title='bbox 1183 2033 1269 2089; x_wconf 86' lang='lat' dir='ltr'><strong>totius</strong></span> <span class='ocrx_word' id='word_1_172' title='bbox 1283 2031 1343 2088; x_wconf 81' lang='lat' dir='ltr'><strong>Sla-</strong></span> 
     </span>
     <span class='ocr_line' id='line_1_20' title="bbox 95 2118 1341 2192; baseline -0.002 -16"><span class='ocrx_word' id='word_1_173' title='bbox 95 2121 198 2176; x_wconf 78' lang='lat' dir='ltr'><strong>soniaa</strong></span> <span class='ocrx_word' id='word_1_174' title='bbox 210 2119 357 2190; x_wconf 75' lang='lat' dir='ltr'><strong>significat,</strong></span> <span class='ocrx_word' id='word_1_175' title='bbox 369 2120 444 2192; x_wconf 91' lang='lat' dir='ltr'><strong>qnod</strong></span> <span class='ocrx_word' id='word_1_176' title='bbox 454 2121 502 2176; x_wconf 83' lang='lat' dir='ltr'><strong>lilii</strong></span> <span class='ocrx_word' id='word_1_177' title='bbox 511 2119 531 2176; x_wconf 84' lang='lat' dir='ltr'>J</span> <span class='ocrx_word' id='word_1_178' title='bbox 531 2121 616 2192; x_wconf 78' lang='lat' dir='ltr'><strong>ungis,</strong></span> <span class='ocrx_word' id='word_1_179' title='bbox 629 2119 754 2176; x_wconf 80' lang='lat' dir='ltr'><strong>Volkota</strong></span> <span class='ocrx_word' id='word_1_180' title='bbox 766 2125 794 2176; x_wconf 85' lang='lat' dir='ltr'><strong>et</strong></span> <span class='ocrx_word' id='word_1_181' title='bbox 805 2119 964 2176; x_wconf 81' lang='lat' dir='ltr'><strong>Volkualov</strong></span> <span class='ocrx_word' id='word_1_182' title='bbox 983 2135 1016 2175; x_wconf 88' lang='lat' dir='ltr'><strong>ac</strong></span> <span class='ocrx_word' id='word_1_183' title='bbox 1032 2118 1127 2175; x_wconf 87' lang='lat' dir='ltr'><strong>Obrad</strong></span> <span class='ocrx_word' id='word_1_184' title='bbox 1145 2119 1219 2176; x_wconf 90' lang='lat' dir='ltr'><strong>filius</strong></span> <span class='ocrx_word' id='word_1_185' title='bbox 1233 2120 1250 2174; x_wconf 91' lang='lat' dir='ltr'><strong>J</strong></span> <span class='ocrx_word' id='word_1_186' title='bbox 1252 2120 1341 2176; x_wconf 82' lang='lat' dir='ltr'><strong>urenk</strong></span> 
     </span>
     <span class='ocr_line' id='line_1_21' title="bbox 96 2206 1343 2280; baseline -0.002 -16"><span class='ocrx_word' id='word_1_187' title='bbox 96 2225 134 2264; x_wconf 86' lang='lat' dir='ltr'><strong>ex</strong></span> <span class='ocrx_word' id='word_1_188' title='bbox 142 2223 201 2264; x_wconf 90' lang='lat' dir='ltr'><strong>una</strong></span> <span class='ocrx_word' id='word_1_189' title='bbox 213 2213 300 2279; x_wconf 85' lang='lat' dir='ltr'><strong>parts,</strong></span> <span class='ocrx_word' id='word_1_190' title='bbox 312 2213 341 2264; x_wconf 88' lang='lat' dir='ltr'><strong>et</strong></span> <span class='ocrx_word' id='word_1_191' title='bbox 353 2207 505 2264; x_wconf 83' lang='lat' dir='ltr'><strong>Miroalaus</strong></span> <span class='ocrx_word' id='word_1_192' title='bbox 517 2225 552 2264; x_wconf 87' lang='lat' dir='ltr'><strong>ax</strong></span> <span class='ocrx_word' id='word_1_193' title='bbox 563 2207 651 2263; x_wconf 87' lang='lat' dir='ltr'><strong>altera</strong></span> <span class='ocrx_word' id='word_1_194' title='bbox 663 2206 846 2280; x_wconf 70' lang='lat' dir='ltr'><strong>personaliter</strong></span> <span class='ocrx_word' id='word_1_195' title='bbox 857 2207 1010 2274; x_wconf 84' lang='lat' dir='ltr'><strong>constituti,</strong></span> <span class='ocrx_word' id='word_1_196' title='bbox 1025 2207 1115 2278; x_wconf 88' lang='lat' dir='ltr'><strong>prima</strong></span> <span class='ocrx_word' id='word_1_197' title='bbox 1132 2224 1197 2279; x_wconf 87' lang='lat' dir='ltr'><strong>pars</strong></span> <span class='ocrx_word' id='word_1_198' title='bbox 1214 2207 1343 2264; x_wconf 78' lang='lat' dir='ltr'><strong>confessa</strong></span> 
     </span>
     <span class='ocr_line' id='line_1_22' title="bbox 97 2293 1342 2368; baseline 0 -18"><span class='ocrx_word' id='word_1_199' title='bbox 97 2295 136 2350; x_wconf 89' lang='lat' dir='ltr'><strong>sit</strong></span> <span class='ocrx_word' id='word_1_200' title='bbox 154 2293 230 2367; x_wconf 93' lang='lat' dir='ltr'><strong>quod</strong></span> <span class='ocrx_word' id='word_1_201' title='bbox 249 2293 385 2366; x_wconf 87' lang='lat' dir='ltr'><strong>quasdam</strong></span> <span class='ocrx_word' id='word_1_202' title='bbox 403 2299 490 2351; x_wconf 74' lang='lat' dir='ltr'><strong>terrm</strong></span> <span class='ocrx_word' id='word_1_203' title='bbox 508 2296 562 2368; x_wconf 90' lang='lat' dir='ltr'><strong>ipsi</strong></span> <span class='ocrx_word' id='word_1_204' title='bbox 579 2295 732 2351; x_wconf 82' lang='lat' dir='ltr'><strong>Miroslavo</strong></span> <span class='ocrx_word' id='word_1_205' title='bbox 756 2295 957 2366; x_wconf 81' lang='lat' dir='ltr'><strong>impignoratas</strong></span> <span class='ocrx_word' id='word_1_206' title='bbox 977 2293 1112 2350; x_wconf 86' lang='lat' dir='ltr'><strong>redimere</strong></span> <span class='ocrx_word' id='word_1_207' title='bbox 1130 2311 1186 2351; x_wconf 91' lang='lat' dir='ltr'><strong>uon</strong></span> <span class='ocrx_word' id='word_1_208' title='bbox 1205 2299 1342 2367; x_wconf 88' lang='lat' dir='ltr'><strong>potuerat,</strong></span> 
     </span>
     <span class='ocr_line' id='line_1_23' title="bbox 96 2379 1344 2456; baseline 0 -20"><span class='ocrx_word' id='word_1_209' title='bbox 96 2381 204 2437; x_wconf 89' lang='lat' dir='ltr'><strong>idcirco</strong></span> <span class='ocrx_word' id='word_1_210' title='bbox 222 2379 376 2437; x_wconf 85' lang='lat' dir='ltr'><strong>cassidem</strong></span> <span class='ocrx_word' id='word_1_211' title='bbox 400 2381 511 2440; x_wconf 88' lang='lat' dir='ltr'><strong>dedisse</strong></span> <span class='ocrx_word' id='word_1_212' title='bbox 529 2383 558 2438; x_wconf 91' lang='lat' dir='ltr'><strong>in</strong></span> <span class='ocrx_word' id='word_1_213' title='bbox 576 2387 749 2456; x_wconf 85' lang='lat' dir='ltr'><strong>perpetuum,</strong></span> <span class='ocrx_word' id='word_1_214' title='bbox 775 2383 848 2438; x_wconf 90' lang='lat' dir='ltr'><strong>sicut</strong></span> <span class='ocrx_word' id='word_1_215' title='bbox 865 2383 894 2436; x_wconf 90' lang='lat' dir='ltr'><strong>in</strong></span> <span class='ocrx_word' id='word_1_216' title='bbox 911 2382 1009 2437; x_wconf 87' lang='lat' dir='ltr'><strong>litteris</strong></span> <span class='ocrx_word' id='word_1_217' title='bbox 1033 2381 1155 2436; x_wconf 82' lang='lat' dir='ltr'><strong>Tiburoii</strong></span> <span class='ocrx_word' id='word_1_218' title='bbox 1179 2387 1208 2438; x_wconf 88' lang='lat' dir='ltr'><strong>et</strong></span> <span class='ocrx_word' id='word_1_219' title='bbox 1230 2383 1344 2438; x_wconf 88' lang='lat' dir='ltr'><strong>Martini</strong></span> 
     </span>
     <span class='ocr_line' id='line_1_24' title="bbox 97 2468 1343 2540; baseline -0.002 -14"><span class='ocrx_word' id='word_1_220' title='bbox 97 2469 235 2526; x_wconf 84' lang='lat' dir='ltr'><strong>comitum</strong></span> <span class='ocrx_word' id='word_1_221' title='bbox 255 2468 486 2540; x_wconf 76' lang='lat' dir='ltr'><strong>Zagrabiensium</strong></span> <span class='ocrx_word' id='word_1_222' title='bbox 511 2469 675 2537; x_wconf 88' lang='lat' dir='ltr'><strong>continetur,</strong></span> <span class='ocrx_word' id='word_1_223' title='bbox 699 2468 852 2540; x_wconf 90' lang='lat' dir='ltr'><strong>inquibus</strong></span> <span class='ocrx_word' id='word_1_224' title='bbox 876 2469 949 2526; x_wconf 87' lang='lat' dir='ltr'><strong>idem</strong></span> <span class='ocrx_word' id='word_1_225' title='bbox 976 2469 1125 2524; x_wconf 78' lang='lat' dir='ltr'><strong>Tiburtius</strong></span> <span class='ocrx_word' id='word_1_226' title='bbox 1151 2486 1243 2526; x_wconf 88' lang='lat' dir='ltr'><strong>comes</strong></span> <span class='ocrx_word' id='word_1_227' title='bbox 1270 2485 1343 2525; x_wconf 87' lang='lat' dir='ltr'><strong>anno</strong></span> 
     </span>
     <span class='ocr_line' id='line_1_25' title="bbox 98 2547 1344 2628; baseline -0.001 -17"><span class='ocrx_word' id='word_1_228' title='bbox 98 2557 178 2611; x_wconf 86' lang='grc'><strong>1260.</strong></span> <span class='ocrx_word' id='word_1_229' title='bbox 196 2561 322 2622; x_wconf 88' lang='lat' dir='ltr'><strong>testatur,</strong></span> <span class='ocrx_word' id='word_1_230' title='bbox 347 2555 423 2626; x_wconf 89' lang='lat' dir='ltr'><strong>quod</strong></span> <span class='ocrx_word' id='word_1_231' title='bbox 451 2555 602 2628; x_wconf 88' lang='lat' dir='ltr'><strong>supradicti</strong></span> <span class='ocrx_word' id='word_1_232' title='bbox 620 2556 669 2611; x_wconf 86' lang='lat' dir='ltr'><strong>filii</strong></span> <span class='ocrx_word' id='word_1_233' title='bbox 686 2555 783 2626; x_wconf 74' lang='lat' dir='ltr'><strong>Jurgls</strong></span> <span class='ocrx_word' id='word_1_234' title='bbox 809 2547 846 2612; x_wconf 39' lang='lat' dir='ltr'><strong>et*</strong></span> <span class='ocrx_word' id='word_1_235' title='bbox 862 2555 971 2612; x_wconf 86' lang='lat' dir='ltr'><strong>Jurenk</strong></span> <span class='ocrx_word' id='word_1_236' title='bbox 997 2555 1171 2612; x_wconf 85' lang='lat' dir='ltr'><strong>vendiderint</strong></span> <span class='ocrx_word' id='word_1_237' title='bbox 1197 2556 1344 2613; x_wconf 85' lang='lat' dir='ltr'><strong>duodecim</strong></span> 
     </span>
     <span class='ocr_line' id='line_1_26' title="bbox 94 2641 1344 2715; baseline -0.001 -17"><span class='ocrx_word' id='word_1_238' title='bbox 94 2647 227 2698; x_wconf 77' lang='lat' dir='ltr'><strong>vratsme</strong></span> <span class='ocrx_word' id='word_1_239' title='bbox 245 2641 280 2698; x_wconf 89' lang='lat' dir='ltr'><strong>de</strong></span> <span class='ocrx_word' id='word_1_240' title='bbox 297 2647 370 2698; x_wconf 85' lang='lat' dir='ltr'><strong>terra</strong></span> <span class='ocrx_word' id='word_1_241' title='bbox 389 2659 441 2698; x_wconf 86' lang='lat' dir='ltr'><strong>sua</strong></span> <span class='ocrx_word' id='word_1_242' title='bbox 458 2643 552 2700; x_wconf 86' lang='lat' dir='ltr'><strong>comiti</strong></span> <span class='ocrx_word' id='word_1_243' title='bbox 569 2642 703 2698; x_wconf 78' lang='lat' dir='ltr'><strong>Mirodao</strong></span> <span class='ocrx_word' id='word_1_244' title='bbox 722 2659 773 2715; x_wconf 88' lang='lat' dir='ltr'><strong>pro</strong></span> <span class='ocrx_word' id='word_1_245' title='bbox 799 2645 831 2700; x_wconf 88' lang='lat'><strong>15</strong></span> <span class='ocrx_word' id='word_1_246' title='bbox 855 2644 951 2715; x_wconf 82' lang='lat' dir='ltr'><strong>pensis</strong></span> <span class='ocrx_word' id='word_1_247' title='bbox 974 2642 1152 2699; x_wconf 88' lang='lat' dir='ltr'><strong>denariorum</strong></span> <span class='ocrx_word' id='word_1_248' title='bbox 1184 2643 1344 2713; x_wconf 80' lang='lat' dir='ltr'><strong>aagrabien-</strong></span> 
     </span>
     <span class='ocr_line' id='line_1_27' title="bbox 96 2720 1345 2802; baseline -0.001 -17"><span class='ocrx_word' id='word_1_249' title='bbox 96 2730 183 2798; x_wconf 84' lang='lat' dir='ltr'><strong>sium,</strong></span> <span class='ocrx_word' id='word_1_250' title='bbox 211 2729 258 2785; x_wconf 90' lang='lat' dir='ltr'><strong>alii</strong></span> <span class='ocrx_word' id='word_1_251' title='bbox 278 2730 311 2784; x_wconf 87' lang='grc'><strong>12</strong></span> <span class='ocrx_word' id='word_1_252' title='bbox 327 2730 433 2785; x_wconf 72' lang='lat' dir='ltr'><strong>meteni</strong></span> <span class='ocrx_word' id='word_1_253' title='bbox 455 2729 557 2785; x_wconf 83' lang='lat' dir='ltr'><strong>fuerint</strong></span> <span class='ocrx_word' id='word_1_254' title='bbox 582 2730 751 2801; x_wconf 82' lang='lat' dir='ltr'><strong>inpignorati</strong></span> <span class='ocrx_word' id='word_1_255' title='bbox 775 2735 803 2786; x_wconf 91' lang='lat' dir='ltr'><strong>et</strong></span> <span class='ocrx_word' id='word_1_256' title='bbox 826 2731 911 2802; x_wconf 89' lang='lat' dir='ltr'><strong>positi</strong></span> <span class='ocrx_word' id='word_1_257' title='bbox 935 2731 1007 2786; x_wconf 91' lang='lat' dir='ltr'><strong>inter</strong></span> <span class='ocrx_word' id='word_1_258' title='bbox 1029 2735 1130 2786; x_wconf 81' lang='lat' dir='ltr'><strong>terrain</strong></span> <span class='ocrx_word' id='word_1_259' title='bbox 1154 2720 1299 2784; x_wconf 82' lang='lat' dir='ltr'><strong>Raduhue¹</strong></span> <span class='ocrx_word' id='word_1_260' title='bbox 1317 2733 1345 2785; x_wconf 90' lang='lat' dir='ltr'><strong>at</strong></span> 
     </span>
     <span class='ocr_line' id='line_1_28' title="bbox 96 2815 1343 2890; baseline 0 -18"><span class='ocrx_word' id='word_1_261' title='bbox 96 2817 216 2872; x_wconf 86' lang='lat' dir='ltr'><strong>fiuvium</strong></span> <span class='ocrx_word' id='word_1_262' title='bbox 234 2816 318 2873; x_wconf 75' lang='lat' dir='ltr'><strong>Odre.</strong></span> <span class='ocrx_word' id='word_1_263' title='bbox 338 2815 501 2884; x_wconf 70' lang='lat' dir='ltr'><strong>Venditioul</strong></span> <span class='ocrx_word' id='word_1_264' title='bbox 519 2818 675 2883; x_wconf 87' lang='lat' dir='ltr'><strong>astiterunt,</strong></span> <span class='ocrx_word' id='word_1_265' title='bbox 698 2822 727 2874; x_wconf 91' lang='lat' dir='ltr'><strong>et</strong></span> <span class='ocrx_word' id='word_1_266' title='bbox 749 2816 941 2890; x_wconf 88' lang='lat' dir='ltr'><strong>approbarunt</strong></span> <span class='ocrx_word' id='word_1_267' title='bbox 964 2833 1027 2873; x_wconf 85' lang='lat' dir='ltr'><strong>eam</strong></span> <span class='ocrx_word' id='word_1_268' title='bbox 1051 2817 1151 2872; x_wconf 83' lang='lat' dir='ltr'><strong>iratres</strong></span> <span class='ocrx_word' id='word_1_269' title='bbox 1168 2815 1343 2873; x_wconf 82' lang='lat' dir='ltr'><strong>venditorum</strong></span> 
     </span>
     <span class='ocr_line' id='line_1_29' title="bbox 95 2903 1342 2976; baseline -0.004 -14"><span class='ocrx_word' id='word_1_270' title='bbox 95 2903 236 2976; x_wconf 81' lang='lat' dir='ltr'><strong>Gylkunk</strong></span> <span class='ocrx_word' id='word_1_271' title='bbox 254 2909 282 2960; x_wconf 87' lang='lat' dir='ltr'><strong>at</strong></span> <span class='ocrx_word' id='word_1_272' title='bbox 299 2903 415 2976; x_wconf 69' lang='lat' dir='ltr'><strong>stepen,</strong></span> <span class='ocrx_word' id='word_1_273' title='bbox 426 2904 572 2960; x_wconf 82' lang='lat' dir='ltr'><strong>¹Martinus</strong></span> <span class='ocrx_word' id='word_1_274' title='bbox 584 2909 678 2960; x_wconf 88' lang='lat' dir='ltr'><strong>autem</strong></span> <span class='ocrx_word' id='word_1_275' title='bbox 690 2920 783 2960; x_wconf 88' lang='lat' dir='ltr'><strong>comes</strong></span> <span class='ocrx_word' id='word_1_276' title='bbox 795 2904 877 2975; x_wconf 80' lang='lat' dir='ltr'><strong>Zagr.</strong></span> <span class='ocrx_word' id='word_1_277' title='bbox 890 2909 1037 2959; x_wconf 84' lang='lat' dir='ltr'><strong>attestatus</strong></span> <span class='ocrx_word' id='word_1_278' title='bbox 1050 2903 1175 2958; x_wconf 88' lang='lat' dir='ltr'><strong>similiter</strong></span> <span class='ocrx_word' id='word_1_279' title='bbox 1187 2903 1342 2974; x_wconf 74' lang='lat' dir='ltr'><strong>Zagrabiae</strong></span> 
     </span>
     <span class='ocr_line' id='line_1_30' title="bbox 95 2989 1343 3063; baseline -0.002 -17"><span class='ocrx_word' id='word_1_280' title='bbox 95 2993 128 3046; x_wconf 89' lang='lat' dir='ltr'><strong>in</strong></span> <span class='ocrx_word' id='word_1_281' title='bbox 146 2991 219 3048; x_wconf 82' lang='lat' dir='ltr'><strong>festo</strong></span> <span class='ocrx_word' id='word_1_282' title='bbox 237 2990 267 3047; x_wconf 81' lang='lat' dir='ltr'><strong>S.</strong></span> <span class='ocrx_word' id='word_1_283' title='bbox 288 2991 376 3047; x_wconf 84' lang='lat' dir='ltr'><strong>Marci</strong></span> <span class='ocrx_word' id='word_1_284' title='bbox 395 2992 472 3047; x_wconf 81' lang='grc'><strong>1265.</strong></span> <span class='ocrx_word' id='word_1_285' title='bbox 490 2989 566 3063; x_wconf 90' lang='lat' dir='ltr'><strong>quod</strong></span> <span class='ocrx_word' id='word_1_286' title='bbox 583 3008 677 3048; x_wconf 88' lang='lat' dir='ltr'><strong>eomes</strong></span> <span class='ocrx_word' id='word_1_287' title='bbox 699 2991 850 3046; x_wconf 80' lang='lat' dir='ltr'><strong>Miroalaus</strong></span> <span class='ocrx_word' id='word_1_288' title='bbox 874 2991 1061 3062; x_wconf 76' lang='lat' dir='ltr'><strong>praesentavit</strong></span> <span class='ocrx_word' id='word_1_289' title='bbox 1077 2991 1172 3046; x_wconf 87' lang='lat' dir='ltr'><strong>literas</strong></span> <span class='ocrx_word' id='word_1_290' title='bbox 1190 2989 1343 3046; x_wconf 82' lang='lat' dir='ltr'><strong>Alexandri</strong></span> 
     </span>
     <span class='ocr_line' id='line_1_31' title="bbox 95 3076 1343 3149; baseline -0.002 -15"><span class='ocrx_word' id='word_1_291' title='bbox 95 3077 259 3135; x_wconf 81' lang='lat' dir='ltr'><strong>viceiudleis</strong></span> <span class='ocrx_word' id='word_1_292' title='bbox 285 3077 394 3134; x_wconf 90' lang='lat' dir='ltr'><strong>comitis</strong></span> <span class='ocrx_word' id='word_1_293' title='bbox 420 3077 545 3134; x_wconf 82' lang='lat' dir='ltr'><strong>Ladialal</strong></span> <span class='ocrx_word' id='word_1_294' title='bbox 574 3077 716 3149; x_wconf 87' lang='lat' dir='ltr'><strong>quondam</strong></span> <span class='ocrx_word' id='word_1_295' title='bbox 742 3077 938 3149; x_wconf 72' lang='lat' dir='ltr'><strong>Zagrabieusis</strong></span> <span class='ocrx_word' id='word_1_296' title='bbox 964 3078 993 3132; x_wconf 91' lang='lat' dir='ltr'><strong>in</strong></span> <span class='ocrx_word' id='word_1_297' title='bbox 1019 3077 1121 3149; x_wconf 89' lang='lat' dir='ltr'><strong>quibus</strong></span> <span class='ocrx_word' id='word_1_298' title='bbox 1149 3076 1343 3133; x_wconf 74' lang='lat' dir='ltr'><strong>continebatur</strong></span> 
     </span>
     <span class='ocr_line' id='line_1_32' title="bbox 93 3163 1341 3238; baseline -0.002 -18"><span class='ocrx_word' id='word_1_299' title='bbox 93 3165 176 3237; x_wconf 91' lang='lat' dir='ltr'><strong>quod</strong></span> <span class='ocrx_word' id='word_1_300' title='bbox 193 3163 319 3222; x_wconf 80' lang='lat' dir='ltr'><strong>Volkcta</strong></span> <span class='ocrx_word' id='word_1_301' title='bbox 335 3165 501 3237; x_wconf 88' lang='lat' dir='ltr'><strong>particulam</strong></span> <span class='ocrx_word' id='word_1_302' title='bbox 526 3169 614 3221; x_wconf 83' lang='lat' dir='ltr'><strong>terrae</strong></span> <span class='ocrx_word' id='word_1_303' title='bbox 635 3165 718 3238; x_wconf 87' lang='lat' dir='ltr'><strong>juxta</strong></span> <span class='ocrx_word' id='word_1_304' title='bbox 744 3165 894 3237; x_wconf 80' lang='lat' dir='ltr'><strong>Harastya‚</strong></span> <span class='ocrx_word' id='word_1_305' title='bbox 919 3164 1129 3237; x_wconf 89' lang='lat' dir='ltr'><strong>quatuordecim</strong></span> <span class='ocrx_word' id='word_1_306' title='bbox 1153 3164 1341 3220; x_wconf 84' lang='lat' dir='ltr'><strong>dimensiones</strong></span> 
     </span>
     <span class='ocr_line' id='line_1_33' title="bbox 95 3251 1342 3326; baseline -0.002 -18"><span class='ocrx_word' id='word_1_307' title='bbox 95 3251 176 3323; x_wconf 88' lang='lat' dir='ltr'><strong>quod</strong></span> <span class='ocrx_word' id='word_1_308' title='bbox 195 3251 304 3323; x_wconf 75' lang='lat' dir='ltr'><strong>vulgari</strong></span> <span class='ocrx_word' id='word_1_309' title='bbox 330 3251 430 3309; x_wconf 86' lang='lat' dir='ltr'><strong>dicitur</strong></span> <span class='ocrx_word' id='word_1_310' title='bbox 447 3257 544 3308; x_wconf 78' lang='lat' dir='ltr'><strong>sieten</strong></span> <span class='ocrx_word' id='word_1_311' title='bbox 561 3253 697 3309; x_wconf 89' lang='lat' dir='ltr'><strong>ldiroslao</strong></span> <span class='ocrx_word' id='word_1_312' title='bbox 724 3270 776 3326; x_wconf 87' lang='lat' dir='ltr'><strong>pro</strong></span> <span class='ocrx_word' id='word_1_313' title='bbox 803 3259 922 3325; x_wconf 87' lang='lat' dir='ltr'><strong>quatuor</strong></span> <span class='ocrx_word' id='word_1_314' title='bbox 948 3253 1050 3308; x_wconf 90' lang='lat' dir='ltr'><strong>marcis</strong></span> <span class='ocrx_word' id='word_1_315' title='bbox 1074 3252 1288 3324; x_wconf 76' lang='lat' dir='ltr'><strong>impignorasset</strong></span> <span class='ocrx_word' id='word_1_316' title='bbox 1313 3255 1342 3306; x_wconf 90' lang='lat' dir='ltr'><strong>et</strong></span> 
     </span>
     <span class='ocr_line' id='line_1_34' title="bbox 93 3337 1343 3412; baseline -0.002 -16"><span class='ocrx_word' id='word_1_317' title='bbox 93 3343 307 3412; x_wconf 77' lang='lat' dir='ltr'><strong>praetergresso</strong></span> <span class='ocrx_word' id='word_1_318' title='bbox 333 3341 451 3396; x_wconf 83' lang='lat' dir='ltr'><strong>termino</strong></span> <span class='ocrx_word' id='word_1_319' title='bbox 469 3341 498 3396; x_wconf 94' lang='lat' dir='ltr'><strong>iu</strong></span> <span class='ocrx_word' id='word_1_320' title='bbox 521 3345 688 3412; x_wconf 86' lang='lat' dir='ltr'><strong>perpetuum</strong></span> <span class='ocrx_word' id='word_1_321' title='bbox 714 3341 837 3412; x_wconf 87' lang='lat' dir='ltr'><strong>reliqnit;</strong></span> <span class='ocrx_word' id='word_1_322' title='bbox 861 3341 927 3396; x_wconf 87' lang='lat' dir='ltr'><strong>item</strong></span> <span class='ocrx_word' id='word_1_323' title='bbox 952 3339 1027 3410; x_wconf 89' lang='lat' dir='ltr'><strong>quod</strong></span> <span class='ocrx_word' id='word_1_324' title='bbox 1052 3339 1191 3409; x_wconf 78' lang='lat' dir='ltr'><strong>Georgius</strong></span> <span class='ocrx_word' id='word_1_325' title='bbox 1216 3337 1343 3394; x_wconf 83' lang='lat' dir='ltr'><strong>Ghonetk</strong></span> 
     </span>
     <span class='ocr_line' id='line_1_35' title="bbox 93 3425 1343 3500; baseline -0.004 -16"><span class='ocrx_word' id='word_1_326' title='bbox 93 3433 126 3484; x_wconf 84' lang='lat' dir='ltr'><strong>et</strong></span> <span class='ocrx_word' id='word_1_327' title='bbox 144 3425 268 3484; x_wconf 84' lang='lat' dir='ltr'><strong>Michael</strong></span> <span class='ocrx_word' id='word_1_328' title='bbox 285 3427 335 3482; x_wconf 84' lang='lat' dir='ltr'><strong>filii</strong></span> <span class='ocrx_word' id='word_1_329' title='bbox 352 3429 465 3499; x_wconf 84' lang='lat' dir='ltr'><strong>Desoyn</strong></span> <span class='ocrx_word' id='word_1_330' title='bbox 483 3427 603 3500; x_wconf 84' lang='lat' dir='ltr'><strong>proximi</strong></span> <span class='ocrx_word' id='word_1_331' title='bbox 615 3427 741 3484; x_wconf 82' lang='lat' dir='ltr'><strong>Vclhota</strong></span> <span class='ocrx_word' id='word_1_332' title='bbox 758 3427 861 3484; x_wconf 88' lang='lat' dir='ltr'><strong>dictam</strong></span> <span class='ocrx_word' id='word_1_333' title='bbox 879 3433 980 3482; x_wconf 86' lang='lat' dir='ltr'><strong>terram</strong></span> <span class='ocrx_word' id='word_1_334' title='bbox 998 3427 1074 3482; x_wconf 91' lang='lat' dir='ltr'><strong>hona</strong></span> <span class='ocrx_word' id='word_1_335' title='bbox 1092 3441 1160 3497; x_wconf 87' lang='lat' dir='ltr'><strong>pace</strong></span> <span class='ocrx_word' id='word_1_336' title='bbox 1178 3425 1343 3480; x_wconf 88' lang='lat' dir='ltr'><strong>dimiserunt</strong></span> 
     </span>
     <span class='ocr_line' id='line_1_36' title="bbox 92 3511 1343 3584; baseline -0.005 -14"><span class='ocrx_word' id='word_1_337' title='bbox 92 3515 234 3570; x_wconf 76' lang='lat' dir='ltr'><strong>Miroslao</strong></span> <span class='ocrx_word' id='word_1_338' title='bbox 252 3513 470 3570; x_wconf 79' lang='lat' dir='ltr'><strong>contradictione</strong></span> <span class='ocrx_word' id='word_1_339' title='bbox 497 3531 553 3570; x_wconf 89' lang='lat' dir='ltr'><strong>uon</strong></span> <span class='ocrx_word' id='word_1_340' title='bbox 581 3513 711 3570; x_wconf 89' lang='lat' dir='ltr'><strong>obstante</strong></span> <span class='ocrx_word' id='word_1_341' title='bbox 738 3514 872 3570; x_wconf 91' lang='lat' dir='ltr'><strong>nobilium</strong></span> <span class='ocrx_word' id='word_1_342' title='bbox 899 3515 986 3584; x_wconf 78' lang='lat' dir='ltr'><strong>regni.</strong></span> <span class='ocrx_word' id='word_1_343' title='bbox 1014 3513 1164 3568; x_wconf 86' lang='lat' dir='ltr'><strong>Mortunns</strong></span> <span class='ocrx_word' id='word_1_344' title='bbox 1191 3511 1240 3566; x_wconf 90' lang='lat' dir='ltr'><strong>filii</strong></span> <span class='ocrx_word' id='word_1_345' title='bbox 1267 3512 1343 3567; x_wconf 84' lang='lat' dir='ltr'><strong>illor-</strong></span> 
     </span>
     <span class='ocr_line' id='line_1_37' title="bbox 91 3599 653 3670; baseline -0.004 -12"><span class='ocrx_word' id='word_1_346' title='bbox 91 3607 193 3670; x_wconf 87' lang='lat' dir='ltr'><strong>tunue‚</strong></span> <span class='ocrx_word' id='word_1_347' title='bbox 210 3600 342 3668; x_wconf 68' lang='lat' dir='ltr'><strong>liuthnih</strong></span> <span class='ocrx_word' id='word_1_348' title='bbox 360 3600 469 3656; x_wconf 86' lang='lat' dir='ltr'><strong>Nicolai</strong></span> <span class='ocrx_word' id='word_1_349' title='bbox 486 3601 536 3656; x_wconf 87' lang='lat' dir='ltr'><strong>lilii</strong></span> <span class='ocrx_word' id='word_1_350' title='bbox 554 3599 653 3656; x_wconf 87' lang='lat' dir='ltr'><strong>Gneus</strong></span> 
     </span>
    </p>

    <p class='ocr_par' dir='ltr' id='par_1_7' title="bbox 90 3683 1342 3832">
     <span class='ocr_line' id='line_1_38' title="bbox 149 3683 1342 3758; baseline -0.003 -15"><span class='ocrx_word' id='word_1_351' title='bbox 149 3687 197 3743; x_wconf 73' lang='lat' dir='ltr'><strong>Ee</strong></span> <span class='ocrx_word' id='word_1_352' title='bbox 214 3689 287 3744; x_wconf 68' lang='lat' dir='ltr'><strong>amia</strong></span> <span class='ocrx_word' id='word_1_353' title='bbox 303 3702 353 3757; x_wconf 83' lang='lat' dir='ltr'><strong>per</strong></span> <span class='ocrx_word' id='word_1_354' title='bbox 370 3687 474 3743; x_wconf 78' lang='lat' dir='ltr'><strong>basum</strong></span> <span class='ocrx_word' id='word_1_355' title='bbox 494 3687 773 3758; x_wconf 75' lang='lat' dir='ltr'><strong>lilaea-Hederocry</strong></span> <span class='ocrx_word' id='word_1_356' title='bbox 797 3705 831 3744; x_wconf 76' lang='lat' dir='ltr'><strong>aa</strong></span> <span class='ocrx_word' id='word_1_357' title='bbox 853 3687 964 3744; x_wconf 81' lang='lat' dir='ltr'><strong>cretico</strong></span> <span class='ocrx_word' id='word_1_358' title='bbox 982 3687 1061 3758; x_wconf 75' lang='lat' dir='ltr'><strong>repsi</strong></span> <span class='ocrx_word' id='word_1_359' title='bbox 1079 3685 1182 3744; x_wconf 83' lang='lat' dir='ltr'><strong>ablatis</strong></span> <span class='ocrx_word' id='word_1_360' title='bbox 1201 3689 1235 3740; x_wconf 86' lang='lat' dir='ltr'><strong>N.</strong></span> <span class='ocrx_word' id='word_1_361' title='bbox 1252 3685 1287 3742; x_wconf 85' lang='lat' dir='ltr'><strong>R.</strong></span> <span class='ocrx_word' id='word_1_362' title='bbox 1306 3683 1342 3740; x_wconf 83' lang='grc' dir='ltr'><strong>Δ.</strong></span> 
     </span>
     <span class='ocr_line' id='line_1_39' title="bbox 90 3775 372 3832; baseline -0.007 -1"><span class='ocrx_word' id='word_1_363' title='bbox 90 3775 180 3832; x_wconf 79' lang='lat' dir='ltr'><strong>Fare.</strong></span> <span class='ocrx_word' id='word_1_364' title='bbox 200 3778 258 3830; x_wconf 81' lang='lat'><strong>136.</strong></span> <span class='ocrx_word' id='word_1_365' title='bbox 277 3777 311 3828; x_wconf 85' lang='lat' dir='ltr'><strong>N.</strong></span> <span class='ocrx_word' id='word_1_366' title='bbox 329 3777 372 3830; x_wconf 85' lang='lat'><strong>18.</strong></span> 
     </span>
    </p>
   </div>
   <div class='ocr_carea' id='block_1_5' title="bbox 86 3877 1374 4650">
    <p class='ocr_par' dir='ltr' id='par_1_8' title="bbox 86 3877 1374 4650">
     <span class='ocr_line' id='line_1_40' title="bbox 149 3877 1341 3951; baseline -0.003 -15"><span class='ocrx_word' id='word_1_367' title='bbox 149 3879 368 3936; x_wconf 83' lang='lat' dir='ltr'><strong>Dcoxcvm.</strong></span> <span class='ocrx_word' id='word_1_368' title='bbox 386 3882 466 3934; x_wconf 83' lang='lat'><strong>1260.</strong></span> <span class='ocrx_word' id='word_1_369' title='bbox 485 3878 553 3934; x_wconf 81' lang='lat' dir='ltr'><strong>Heia</strong></span> <span class='ocrx_word' id='word_1_370' title='bbox 568 3879 620 3936; x_wconf 87' lang='lat' dir='ltr'><strong>IV.</strong></span> <span class='ocrx_word' id='word_1_371' title='bbox 632 3896 682 3934; x_wconf 89' lang='lat' dir='ltr'><strong>rex</strong></span> <span class='ocrx_word' id='word_1_372' title='bbox 693 3879 860 3948; x_wconf 79' lang='lat' dir='ltr'><strong>manifestat,</strong></span> <span class='ocrx_word' id='word_1_373' title='bbox 874 3877 949 3951; x_wconf 90' lang='lat' dir='ltr'><strong>quod</strong></span> <span class='ocrx_word' id='word_1_374' title='bbox 962 3895 1026 3934; x_wconf 89' lang='lat' dir='ltr'><strong>oum</strong></span> <span class='ocrx_word' id='word_1_375' title='bbox 1038 3878 1117 3934; x_wconf 89' lang='lat' dir='ltr'><strong>Deos</strong></span> <span class='ocrx_word' id='word_1_376' title='bbox 1129 3877 1234 3934; x_wconf 87' lang='lat' dir='ltr'><strong>rabiem</strong></span> <span class='ocrx_word' id='word_1_377' title='bbox 1247 3878 1341 3932; x_wconf 86' lang='lat' dir='ltr'><strong>Tarta·</strong></span> 
     </span>
     <span class='ocr_line' id='line_1_41' title="bbox 89 3965 1341 4039; baseline -0.005 -13"><span class='ocrx_word' id='word_1_378' title='bbox 89 3970 170 4026; x_wconf 85' lang='lat' dir='ltr'><strong>rioae</strong></span> <span class='ocrx_word' id='word_1_379' title='bbox 178 3967 270 4039; x_wconf 77' lang='lat' dir='ltr'><strong>genua</strong></span> <span class='ocrx_word' id='word_1_380' title='bbox 279 3967 429 4022; x_wconf 81' lang='lat' dir='ltr'><strong>excitasset</strong></span> <span class='ocrx_word' id='word_1_381' title='bbox 438 3971 534 4022; x_wconf 78' lang='lat' dir='ltr'><strong>contm</strong></span> <span class='ocrx_word' id='word_1_382' title='bbox 546 3967 606 4023; x_wconf 86' lang='lat' dir='ltr'><strong>aius</strong></span> <span class='ocrx_word' id='word_1_383' title='bbox 618 3983 743 4037; x_wconf 78' lang='lat' dir='ltr'><strong>regnum,</strong></span> <span class='ocrx_word' id='word_1_384' title='bbox 755 3984 804 4038; x_wconf 85' lang='lat' dir='ltr'><strong>per</strong></span> <span class='ocrx_word' id='word_1_385' title='bbox 816 3983 887 4038; x_wconf 89' lang='lat' dir='ltr'><strong>quos</strong></span> <span class='ocrx_word' id='word_1_386' title='bbox 895 3967 1027 4023; x_wconf 78' lang='lat' dir='ltr'><strong>Tartaros</strong></span> <span class='ocrx_word' id='word_1_387' title='bbox 1037 3967 1065 4021; x_wconf 94' lang='lat' dir='ltr'><strong>in</strong></span> <span class='ocrx_word' id='word_1_388' title='bbox 1076 3967 1225 4038; x_wconf 85' lang='lat' dir='ltr'><strong>campestri</strong></span> <span class='ocrx_word' id='word_1_389' title='bbox 1236 3965 1341 4036; x_wconf 89' lang='lat' dir='ltr'><strong>praelio</strong></span> 
     </span>
     <span class='ocr_line' id='line_1_42' title="bbox 90 4051 1374 4126; baseline -0.006 -13"><span class='ocrx_word' id='word_1_390' title='bbox 90 4055 250 4122; x_wconf 80' lang='lat' dir='ltr'><strong>convictus,</strong></span> <span class='ocrx_word' id='word_1_391' title='bbox 269 4053 408 4124; x_wconf 77' lang='lat' dir='ltr'><strong>fugaeque</strong></span> <span class='ocrx_word' id='word_1_392' title='bbox 430 4053 569 4125; x_wconf 86' lang='lat' dir='ltr'><strong>praesidio</strong></span> <span class='ocrx_word' id='word_1_393' title='bbox 595 4053 750 4110; x_wconf 84' lang='lat' dir='ltr'><strong>Maritimae</strong></span> <span class='ocrx_word' id='word_1_394' title='bbox 775 4061 867 4126; x_wconf 88' lang='lat' dir='ltr'><strong>partes</strong></span> <span class='ocrx_word' id='word_1_395' title='bbox 891 4055 987 4122; x_wconf 90' lang='lat' dir='ltr'><strong>adiret,</strong></span> <span class='ocrx_word' id='word_1_396' title='bbox 1012 4060 1041 4110; x_wconf 91' lang='lat' dir='ltr'><strong>et</strong></span> <span class='ocrx_word' id='word_1_397' title='bbox 1064 4070 1201 4126; x_wconf 89' lang='lat' dir='ltr'><strong>aquarum</strong></span> <span class='ocrx_word' id='word_1_398' title='bbox 1225 4051 1341 4108; x_wconf 88' lang='lat' dir='ltr'><strong>latibula</strong></span> <span class='ocrx_word' id='word_1_399' title='bbox 1372 4090 1374 4094; x_wconf 84' lang='lat'><em>-</em></span> 
     </span>
     <span class='ocr_line' id='line_1_43' title="bbox 89 4139 1341 4214; baseline -0.006 -15"><span class='ocrx_word' id='word_1_400' title='bbox 89 4147 305 4214; x_wconf 67' lang='lat' dir='ltr'><strong>conquassaret,</strong></span> <span class='ocrx_word' id='word_1_401' title='bbox 328 4140 376 4195; x_wconf 91' lang='lat' dir='ltr'><strong>ubi</strong></span> <span class='ocrx_word' id='word_1_402' title='bbox 400 4157 464 4196; x_wconf 88' lang='lat' dir='ltr'><strong>cum</strong></span> <span class='ocrx_word' id='word_1_403' title='bbox 487 4140 586 4196; x_wconf 86' lang='lat' dir='ltr'><strong>funera</strong></span> <span class='ocrx_word' id='word_1_404' title='bbox 609 4157 724 4196; x_wconf 86' lang='lat' dir='ltr'><strong>auorum</strong></span> <span class='ocrx_word' id='word_1_405' title='bbox 748 4141 872 4197; x_wconf 89' lang='lat' dir='ltr'><strong>fidelium</strong></span> <span class='ocrx_word' id='word_1_406' title='bbox 896 4141 1008 4210; x_wconf 88' lang='lat' dir='ltr'><strong>videret,</strong></span> <span class='ocrx_word' id='word_1_407' title='bbox 1032 4157 1110 4196; x_wconf 89' lang='lat' dir='ltr'><strong>more</strong></span> <span class='ocrx_word' id='word_1_408' title='bbox 1133 4139 1240 4194; x_wconf 84' lang='lat' dir='ltr'><strong>Rachel</strong></span> <span class='ocrx_word' id='word_1_409' title='bbox 1264 4139 1341 4210; x_wconf 87' lang='lat' dir='ltr'><strong>plan·</strong></span> 
     </span>
     <span class='ocr_line' id='line_1_44' title="bbox 89 4223 1341 4301; baseline -0.004 -17"><span class='ocrx_word' id='word_1_410' title='bbox 89 4235 182 4301; x_wconf 85' lang='lat' dir='ltr'><strong>geret,</strong></span> <span class='ocrx_word' id='word_1_411' title='bbox 205 4229 273 4298; x_wconf 85' lang='lat' dir='ltr'><strong>qula</strong></span> <span class='ocrx_word' id='word_1_412' title='bbox 296 4243 393 4283; x_wconf 86' lang='lat' dir='ltr'><strong>eorum</strong></span> <span class='ocrx_word' id='word_1_413' title='bbox 412 4227 511 4283; x_wconf 86' lang='lat' dir='ltr'><strong>solatio</strong></span> <span class='ocrx_word' id='word_1_414' title='bbox 530 4227 583 4282; x_wconf 81' lang='lat' dir='ltr'><strong>init</strong></span> <span class='ocrx_word' id='word_1_415' title='bbox 600 4227 765 4296; x_wconf 63' lang='lat' dir='ltr'><strong>desiturum</strong></span> <span class='ocrx_word' id='word_1_416' title='bbox 792 4233 859 4283; x_wconf 89' lang='lat' dir='ltr'><strong>tunc</strong></span> <span class='ocrx_word' id='word_1_417' title='bbox 882 4233 961 4299; x_wconf 88' lang='lat' dir='ltr'><strong>pater</strong></span> <span class='ocrx_word' id='word_1_418' title='bbox 982 4225 1193 4283; x_wconf 88' lang='lat' dir='ltr'><strong>miserecordiae</strong></span> <span class='ocrx_word' id='word_1_419' title='bbox 1216 4223 1252 4280; x_wconf 88' lang='lat' dir='ltr'><strong>ad</strong></span> <span class='ocrx_word' id='word_1_420' title='bbox 1277 4241 1341 4280; x_wconf 90' lang='lat' dir='ltr'><strong>cou-</strong></span> 
     </span>
     <span class='ocr_line' id='line_1_45' title="bbox 88 4310 1341 4384; baseline -0.006 -12"><span class='ocrx_word' id='word_1_421' title='bbox 88 4315 246 4372; x_wconf 85' lang='lat' dir='ltr'><strong>solandom</strong></span> <span class='ocrx_word' id='word_1_422' title='bbox 272 4331 346 4382; x_wconf 87' lang='lat' dir='ltr'><strong>eum,</strong></span> <span class='ocrx_word' id='word_1_423' title='bbox 369 4313 535 4370; x_wconf 88' lang='lat' dir='ltr'><strong>Federicum</strong></span> <span class='ocrx_word' id='word_1_424' title='bbox 562 4320 591 4370; x_wconf 88' lang='lat' dir='ltr'><strong>et</strong></span> <span class='ocrx_word' id='word_1_425' title='bbox 616 4315 860 4370; x_wconf 88' lang='lat' dir='ltr'><strong>Bartholomaenm</strong></span> <span class='ocrx_word' id='word_1_426' title='bbox 887 4313 994 4370; x_wconf 86' lang='lat' dir='ltr'><strong>nobiles</strong></span> <span class='ocrx_word' id='word_1_427' title='bbox 1021 4314 1055 4369; x_wconf 90' lang='lat' dir='ltr'><strong>de</strong></span> <span class='ocrx_word' id='word_1_428' title='bbox 1078 4313 1171 4384; x_wconf 77' lang='lat' dir='ltr'><strong>Vegla</strong></span> <span class='ocrx_word' id='word_1_429' title='bbox 1198 4311 1278 4383; x_wconf 86' lang='lat' dir='ltr'><strong>quasi</strong></span> <span class='ocrx_word' id='word_1_430' title='bbox 1305 4310 1341 4365; x_wconf 89' lang='lat' dir='ltr'><strong>ds</strong></span> 
     </span>
     <span class='ocr_line' id='line_1_46' title="bbox 88 4400 1339 4474; baseline -0.005 -14"><span class='ocrx_word' id='word_1_431' title='bbox 88 4403 175 4460; x_wconf 81' lang='lat' dir='ltr'><strong>coelo</strong></span> <span class='ocrx_word' id='word_1_432' title='bbox 194 4401 319 4474; x_wconf 66' lang='lat' dir='ltr'><strong>proiecit,</strong></span> <span class='ocrx_word' id='word_1_433' title='bbox 337 4401 386 4472; x_wconf 92' lang='lat' dir='ltr'><strong>qui</strong></span> <span class='ocrx_word' id='word_1_434' title='bbox 404 4402 429 4458; x_wconf 91' lang='lat' dir='ltr'><strong>ei</strong></span> <span class='ocrx_word' id='word_1_435' title='bbox 447 4418 512 4457; x_wconf 90' lang='lat' dir='ltr'><strong>cum</strong></span> <span class='ocrx_word' id='word_1_436' title='bbox 530 4403 605 4457; x_wconf 87' lang='lat' dir='ltr'><strong>omni</strong></span> <span class='ocrx_word' id='word_1_437' title='bbox 624 4417 721 4458; x_wconf 88' lang='lat' dir='ltr'><strong>eorum</strong></span> <span class='ocrx_word' id='word_1_438' title='bbox 740 4402 883 4473; x_wconf 89' lang='lat' dir='ltr'><strong>parentela</strong></span> <span class='ocrx_word' id='word_1_439' title='bbox 901 4400 1082 4456; x_wconf 86' lang='lat' dir='ltr'><strong>adhaerentes</strong></span> <span class='ocrx_word' id='word_1_440' title='bbox 1100 4400 1171 4454; x_wconf 88' lang='lat' dir='ltr'><strong>inter</strong></span> <span class='ocrx_word' id='word_1_441' title='bbox 1183 4405 1261 4454; x_wconf 86' lang='lat' dir='ltr'><strong>actus</strong></span> <span class='ocrx_word' id='word_1_442' title='bbox 1275 4414 1339 4468; x_wconf 89' lang='lat' dir='ltr'><strong>pro·</strong></span> 
     </span>
     <span class='ocr_line' id='line_1_47' title="bbox 87 4484 1338 4558; baseline -0.005 -13"><span class='ocrx_word' id='word_1_443' title='bbox 87 4491 220 4546; x_wconf 87' lang='lat' dir='ltr'><strong>miscuos</strong></span> <span class='ocrx_word' id='word_1_444' title='bbox 243 4485 340 4543; x_wconf 87' lang='lat' dir='ltr'><strong>ddeles</strong></span> <span class='ocrx_word' id='word_1_445' title='bbox 364 4489 390 4543; x_wconf 93' lang='lat' dir='ltr'><strong>ei</strong></span> <span class='ocrx_word' id='word_1_446' title='bbox 413 4487 599 4544; x_wconf 83' lang='lat' dir='ltr'><strong>exhibuerunt</strong></span> <span class='ocrx_word' id='word_1_447' title='bbox 615 4487 775 4556; x_wconf 82' lang='lat' dir='ltr'><strong>famulatus,</strong></span> <span class='ocrx_word' id='word_1_448' title='bbox 794 4493 822 4542; x_wconf 87' lang='lat' dir='ltr'><strong>et</strong></span> <span class='ocrx_word' id='word_1_449' title='bbox 839 4503 894 4542; x_wconf 88' lang='lat' dir='ltr'><strong>non</strong></span> <span class='ocrx_word' id='word_1_450' title='bbox 913 4484 1051 4542; x_wconf 90' lang='lat' dir='ltr'><strong>modicam</strong></span> <span class='ocrx_word' id='word_1_451' title='bbox 1068 4484 1215 4558; x_wconf 88' lang='lat' dir='ltr'><strong>pecuniam</strong></span> <span class='ocrx_word' id='word_1_452' title='bbox 1233 4499 1338 4551; x_wconf 89' lang='lat' dir='ltr'><strong>eorum,</strong></span> 
     </span>
     <span class='ocr_line' id='line_1_48' title="bbox 86 4571 1338 4650; baseline -0.006 -18"><span class='ocrx_word' id='word_1_453' title='bbox 86 4592 151 4650; x_wconf 87' lang='lat' dir='ltr'><strong>que</strong></span> <span class='ocrx_word' id='word_1_454' title='bbox 169 4576 242 4632; x_wconf 87' lang='lat' dir='ltr'><strong>ultra</strong></span> <span class='ocrx_word' id='word_1_455' title='bbox 260 4573 318 4630; x_wconf 84' lang='lat' dir='ltr'><strong>XX</strong></span> <span class='ocrx_word' id='word_1_456' title='bbox 337 4591 493 4631; x_wconf 72' lang='lat' dir='ltr'><strong>mmmmm</strong></span> <span class='ocrx_word' id='word_1_457' title='bbox 514 4574 601 4630; x_wconf 86' lang='lat' dir='ltr'><strong>millis</strong></span> <span class='ocrx_word' id='word_1_458' title='bbox 622 4573 810 4643; x_wconf 88' lang='lat' dir='ltr'><strong>transcedunt,</strong></span> <span class='ocrx_word' id='word_1_459' title='bbox 828 4574 857 4628; x_wconf 92' lang='lat' dir='ltr'><strong>in</strong></span> <span class='ocrx_word' id='word_1_460' title='bbox 875 4573 972 4646; x_wconf 87' lang='lat' dir='ltr'><strong>cyphis</strong></span> <span class='ocrx_word' id='word_1_461' title='bbox 991 4574 1081 4629; x_wconf 84' lang='lat' dir='ltr'><strong>aureis</strong></span> <span class='ocrx_word' id='word_1_462' title='bbox 1100 4578 1128 4629; x_wconf 90' lang='lat' dir='ltr'><strong>et</strong></span> <span class='ocrx_word' id='word_1_463' title='bbox 1145 4571 1283 4642; x_wconf 77' lang='lat' dir='ltr'><strong>argenteis</strong></span> <span class='ocrx_word' id='word_1_464' title='bbox 1310 4575 1338 4626; x_wconf 93' lang='lat' dir='ltr'><strong>et</strong></span> 
     </span>
    </p>
   </div>
   <div class='ocr_carea' id='block_1_6' title="bbox 1219 4678 1233 4710">
    <p class='ocr_par' dir='ltr' id='par_1_9' title="bbox 1219 4678 1233 4710">
     <span class='ocr_line' id='line_1_49' title="bbox 1219 4678 1233 4710; baseline 0 0"><span class='ocrx_word' id='word_1_465' title='bbox 1219 4678 1233 4710; x_wconf 64' lang='lat'><em>2</em></span> 
     </span>
    </p>
   </div>
   <div class='ocr_carea' id='block_1_7' title="bbox 0 0 1748 5380">
    <p class='ocr_par' dir='ltr' id='par_1_10' title="bbox 0 0 1748 5380">
     <span class='ocr_line' id='line_1_50' title="bbox 0 0 1748 5380; baseline 0 3"><span class='ocrx_word' id='word_1_466' title='bbox 0 0 1748 5380; x_wconf 95' lang='lat' dir='ltr'><strong> </strong></span> 
     </span>
    </p>
   </div>
  </div>
 </body>
</html>
