3488 5380
342 387 406 452 224
844 401 870 452 1.'
887 399 1084 471 enumerent,

340 575 482 648 praedicto
500 577 580 648 Apae
598 575 713 642 dixerat,
732 576 851 632 asseruit
870 592 899 632 se
917 576 1009 632 miuus
1030 577 1104 632 iuste
1123 582 1151 632 et
1170 581 1301 647 tanqum
1314 577 1414 632 falsum
1428 578 1585 648 protulisse,

342 671 370 719 st
387 663 532 720 confessus
552 668 595 720 est
612 663 640 718 in
657 663 738 720 dictis
763 663 938 720 monasteriis
962 664 1070 720 nullum
1092 664 1137 720 ins
1162 663 1301 734 habuisse,
1324 681 1340 720 e
1363 681 1496 722 converso
1521 683 1585 722 vero

340 757 454 824 propter
472 751 622 824 opprobria
635 767 706 822 quae
728 751 865 822 Dyonisio
883 752 977 807 comiti
995 750 1110 820 dixerat,
1128 749 1248 808 reddidit
1267 768 1296 807 se
1314 753 1491 824 culpabilem.
1510 755 1585 825 Dyo·

340 840 429 897 nisius
457 839 565 912 accepit
590 843 683 894 temen
710 844 818 894 sertam
846 843 953 909 partem
977 840 1169 912 possessionis,
1193 846 1220 894 et
1245 846 1359 912 propter
1382 841 1585 898 venerationem

339 928 490 984 senectutis
509 943 584 998 suae,
607 925 744 982 dederunt
762 927 787 980 ei
805 926 897 982 locum
916 927 999 981 unius
1012 927 1100 996 villae,
1119 928 1167 998 qui
1186 928 1306 1000 portioni
1319 943 1386 984 suae
1398 933 1457 984 eret
1469 928 1585 984 vicinus.

395 1031 497 1101 Feles:
517 1033 581 1089 ooo.
600 1033 669 1102 dipl.
690 1033 719 1088 T.
739 1031 860 1088 1V.ool.
882 1035 914 1086 ll.
932 1049 961 1103 p.
982 1035 1039 1088 461.

390 1173 549 1232 DOOLIII.
567 1174 702 1245 viterbii,
722 1177 802 1231 1258.
827 1178 868 1230 29.
892 1175 975 1230 Masi.
1002 1173 1162 1232 Alexander
1187 1174 1239 1230 IV.
1265 1191 1338 1248 papa
1362 1175 1398 1231 ad
1424 1175 1584 1248 petitionem

339 1263 463 1336 episcopi
480 1261 677 1334 eagrsbieneis,
695 1278 759 1318 curn
777 1261 921 1318 ecclesiam
940 1261 1155 1332 zagrnbieneem,
1178 1279 1251 1332 quae
1269 1264 1297 1318 in
1315 1263 1377 1320 loco
1399 1264 1492 1318 minus
1515 1269 1582 1334 apto

340 1355 501 1408 constructa
519 1349 641 1406 minetur
657 1350 766 1406 ruinam
784 1350 880 1422 cupiat
897 1355 1057 1407 construere
1075 1350 1102 1406 in
1121 1350 1183 1406 loeo
1196 1352 1285 1421 magis
1304 1349 1413 1420 idoneo,
1426 1350 1542 1407 liberem
1559 1351 1584 1406 ei

341 1439 375 1494 ad
394 1439 448 1495 hoo
465 1437 593 1496 coneedit
610 1438 778 1494 facultetem.

393 1527 524 1583 Ticiuer:
543 1528 617 1582 Mon.
635 1526 697 1584 ecel.
719 1525 745 1582 is.
767 1524 795 1581 T.
814 1526 839 1580 Ι.
855 1541 884 1595 p.
904 1529 965 1580 286.

390 1666 546 1724 DCOLIV.
566 1671 644 1721 1258.
662 1671 688 1724 2.
706 1667 798 1723 Junii.
818 1660 980 1738 Capitulum
995 1666 1127 1722 ecelesiae
1137 1665 1259 1722 albensis
1275 1667 1407 1735 notificat,
1419 1665 1495 1736 quod
1509 1667 1585 1723 Rosa

340 1756 436 1812 relicta
454 1755 562 1812 comitis
583 1754 708 1810 Delmari
727 1752 762 1810 de
781 1770 881 1824 genere
905 1754 1006 1810 Borieh
1024 1755 1090 1810 bani
1110 1756 1255 1827 proposuit
1271 1756 1333 1811 viva
1351 1771 1431 1810 voce:
1450 1755 1524 1826 qnod
1543 1755 1584 1810 di·

338 1842 453 1898 midiam
471 1848 578 1914 purtem
591 1840 696 1914 praedii
709 1841 752 1896 sui
768 1841 885 1913 Zopole,
899 1840 974 1911 quod
988 1843 1024 1897 ab
1037 1841 1128 1898 Odola
1142 1841 1241 1912 chart,
1254 1849 1282 1898 et
1294 1843 1392 1898 Borion
1408 1843 1471 1898 filiis
1485 1843 1583 1899 Boriclr

340 1931 452 2002 cognati
470 1931 561 1985 mariti
581 1930 623 1984 eni
642 1930 769 1985 Delmari
787 1929 895 1984 comitis
913 1929 942 1983 in
960 1929 1153 1986 concambium
1178 1932 1283 2001 praedii
1308 1932 1351 1986 eui
1376 1931 1507 2002 Golgoha
1532 1931 1584 1985 sibi

337 2017 448 2074 dicebat
466 2017 638 2090 perveniase;
663 2017 761 2084 maiori
785 2016 857 2072 filine
883 2033 951 2072 suae
979 2017 1105 2072 Mariano
1129 2019 1210 2074 uxori
1234 2019 1358 2074 Thomas
1381 2019 1428 2073 filii
1456 2018 1584 2090 Chopani

338 2106 507 2162 contulisset.
526 2105 618 2160 Aliam
637 2111 731 2160 eutem
749 2103 891 2158 dimidiam
919 2110 1026 2176 partem
1043 2105 1142 2160 minori
1161 2105 1233 2160 filiae
1252 2122 1319 2160 suae
1340 2107 1476 2162 Martinae
1501 2106 1583 2161 uxori

337 2193 488 2250 Alexandri
507 2193 556 2248 filii
573 2193 662 2249 Petris
687 2191 827 2260 donasset,
853 2192 902 2247 teli
919 2191 1090 2248 conditione:
1112 2193 1135 2246 si
1155 2193 1292 2264 posterior
1310 2193 1368 2248 siue
1392 2192 1510 2249 haerede
1538 2192 1583 2248 de·

338 2282 459 2350 cesserit,
478 2297 514 2337 ex
531 2287 598 2336 tnnc
617 2294 667 2352 pro
686 2279 779 2334 anime
796 2279 885 2350 ipsius
903 2279 996 2335 Rosae
1014 2283 1042 2336 et
1059 2279 1132 2335 filiae
1151 2281 1294 2347 Martiano,
1313 2281 1446 2336 ecclesiae
1458 2283 1486 2336 in
1499 2281 1580 2351 cujus

339 2369 483 2441 cymiterio
502 2369 629 2440 sepultae
647 2367 759 2436 fuerint,
778 2367 943 2434 conferatur,
965 2367 1053 2422 meior
1077 2375 1170 2424 tamen
1195 2369 1251 2423 iilia
1274 2369 1389 2424 liberam
1413 2368 1527 2425 habebit
1545 2368 1585 2424 sa·

339 2457 471 2512 cultatem
490 2455 644 2511 redimendi
662 2455 699 2510 ab
716 2456 778 2526 ipsa
797 2455 922 2511 ecclesia.
935 2455 1006 2511 Item
1023 2457 1116 2512 omnia
1132 2456 1270 2527 mencipie
1282 2471 1334 2510 aua
1347 2456 1473 2511 videlieet
1490 2455 1587 2511 Bodoe

341 2562 406 2600 oum
423 2561 511 2602 uxore
530 2543 593 2598 filiis
612 2549 639 2599 et
658 2543 777 2611 filiabus,
799 2543 918 2598 Tolihna
936 2560 1000 2600 enm
1018 2560 1105 2600 uxore
1123 2543 1186 2598 filiis
1214 2547 1241 2598 et
1265 2543 1384 2611 filiabus,
1409 2543 1497 2610 Gurk,
1522 2545 1588 2598 Bra·

341 2633 431 2700 tiniae,
450 2630 594 2700 Milbrath,
613 2629 765 2698 Liubislav,
787 2647 883 2686 omnes
902 2631 1026 2688 similiter
1038 2648 1102 2686 cum
1115 2631 1249 2686 uxoribus
1262 2631 1325 2686 liliis
1338 2635 1366 2686 et
1378 2631 1497 2687 filiabus.
1516 2629 1588 2686 Item

339 2720 455 2776 ancillas
473 2735 540 2774 suae
560 2719 647 2789 Migla
664 2735 728 2774 eum
746 2718 809 2773 filiis
828 2724 856 2774 et
873 2717 991 2783 filiabus
1020 2718 1138 2790 Jegoda‚
1163 2719 1305 2786 Milichus,
1331 2719 1412 2790 (lupe
1436 2724 1464 2774 et
1486 2719 1587 2774 Priche

340 2808 467 2863 similiter
484 2823 548 2862 cnm
576 2805 688 2861 filiabus
712 2805 826 2860 donavit
850 2801 1005 2875 antedictis,
1029 2807 1078 2862 teli
1102 2805 1262 2862 conditione
1287 2807 1310 2862 si
1334 2807 1392 2861 iilia
1415 2807 1506 2862 minor
1527 2807 1589 2861 eine

339 2895 434 2950 liberie
451 2894 616 2965 migraverit,
635 2894 697 2964 ejus
714 2894 853 2965 mancipia
872 2899 900 2949 et
918 2895 1034 2950 ancillae
1057 2893 1167 2950 devolvi
1190 2893 1311 2949 debeant
1335 2894 1363 2948 in
1388 2893 1587 2964 proprietatem

339 2983 451 3038 maioris
469 2983 544 3038 filiae
561 2982 713 3037 Marianae.
733 2981 853 3037 Fructus
870 2987 964 3038 tamen
982 2981 1087 3054 praedii
1116 2986 1143 3036 et
1168 2981 1308 3036 servitium
1336 2981 1538 3052 mancipiorum
1558 2987 1586 3036 et

340 3071 502 3126 ancillarum
521 3069 654 3142 percipiet
671 3067 784 3125 domins
803 3069 879 3146 Rosa
897 3067 1069 3140 temporibus
1088 3083 1155 3122 snae
1173 3068 1253 3124 vitoe.

391 3177 436 3231 Ee
454 3175 525 3232 actia
546 3192 559 3232 e
583 3175 662 3246 regni
686 3175 800 3232 oratioe
825 3174 929 3231 ablotis
949 3190 1002 3244 per
1025 3174 1128 3229 bouum
1148 3171 1427 3244 Ehem-Hedereory
1446 3176 1479 3229 N.
1499 3177 1532 3230 R.
1552 3177 1587 3231 A.

340 3265 424 3320 Fore.
443 3267 523 3318 1502.
542 3263 580 3319 N.
598 3268 621 3316 1.

391 3403 532 3460 Dccnv.
558 3404 706 3462 Panormi.
734 3406 812 3459 1258.
831 3402 925 3458 Mense
951 3401 1045 3458 Juuio.
1065 3400 1230 3456 Meniredus
1254 3402 1428 3472 imperatoris
1454 3400 1588 3456 Friderici

341 3494 416 3548 filine
435 3491 616 3562 (illegitimus)
634 3491 763 3563 princepe
781 3491 902 3558 Tarenti,
922 3489 994 3560 regis
1014 3489 1135 3544 Conradi
1154 3489 1193 3544 11.
1212 3489 1240 3542 in
1259 3504 1345 3558 regno
1364 3487 1475 3544 Siciliae
1489 3489 1587 3543 Boline

341 3581 477 3650 generalis
504 3585 603 3635 notum
631 3579 704 3648 iacit,
729 3577 805 3650 quod
828 3577 917 3633 abbas
942 3583 969 3632 et
993 3581 1147 3634 conventus
1171 3576 1331 3632 monosterii
1356 3576 1385 3632 S.
1410 3577 1536 3632 Silvestri
1561 3583 1589 3630 et

340 3667 449 3722 Nicolai
476 3667 511 3723 de
534 3667 626 3724 insula
650 3666 718 3721 Buci
743 3665 822 3734 (Busi
847 3666 875 3720 iu
906 3663 1098 3735 jurisdictione
1120 3665 1155 3719 de
1176 3663 1288 3730 Lerina)
1314 3663 1531 3734 supplicaverint
1555 3669 1588 3718 ut

340 3756 475 3823 homiues,
494 3755 695 3826 possessiones,
714 3753 843 3809 enimalia
861 3759 889 3808 et
907 3753 1000 3810 omnia
1022 3751 1096 3807 bone
1123 3752 1281 3807 monosterii
1300 3751 1336 3806 de
1354 3751 1406 3807 hae
1423 3751 1516 3806 insula
1533 3751 1587 3806 sub

341 3859 420 3896 suam
438 3843 587 3914 attegiam
606 3841 806 3913 protectionem
830 3841 952 3911 recipere
969 3839 1062 3910 vellet,
1080 3840 1161 3910 eujus
1180 3840 1306 3911 petitioni
1327 3839 1400 3895 idem
1419 3839 1585 3895 Meniredus

341 3931 446 3985 annuit
464 3930 569 3986 Datum
588 3945 637 4000 per
655 3945 754 3984 manue
773 3929 909 3984 Gualterii
928 3927 962 3984 de
981 3930 1050 3984 Orte
1073 3928 1150 3998 regni
1175 3927 1393 3998 Hierosolymini
1422 3933 1449 3982 et
1474 3927 1586 3982 Siciliae

340 4017 503 4073 cancellarii.

392 4125 512 4182 Metus:
531 4125 608 4179 Mero.
628 4123 661 4179 de
682 4125 765 4178 itae.
782 4139 811 4193 p.
830 4127 894 4178 105.

392 4263 547 4322 DOOLVI.
566 4267 642 4320 1258.
663 4268 689 4320 4.
707 4263 788 4319 Jotii.
808 4263 875 4318 Bele
893 4261 945 4320 1v.
963 4279 1013 4318 rex
1030 4262 1163 4330 notificat,
1178 4263 1253 4332 quod
1272 4279 1335 4318 cunr
1355 4261 1494 4331 Georgius
1510 4260 1585 4316 filius

341 4352 475 4422 Malediu,
495 4353 593 4424 Bogen
612 4350 770 4418 Pozobuch‚
789 4351 937 4406 Farcesius
955 4367 1006 4421 pro
1025 4349 1146 4417 Wllrina‚
1173 4350 1311 4419 Georgius
1330 4349 1403 4404 filius
1422 4349 1527 4418 Zestup
1541 4349 1586 4419 jo·

343 4440 475 4509 bagiones
493 4442 575 4496 castri
594 4439 630 4495 de
649 4439 779 4496 Dobiche
797 4444 899 4494 terram
918 4437 1087 4494 Ooetenioha
1108 4443 1264 4509 repeterent
1287 4454 1304 4492 a
1327 4437 1487 4507 Hytinoone
1510 4451 1585 4490 esee·

344 4533 436 4582 rentes
455 4528 571 4583 eandem
588 4528 675 4583 fuisse
694 4527 777 4583 castri
801 4526 836 4582 de
860 4525 989 4581 Dobioha
1007 4531 1035 4580 et
1053 4531 1116 4596 poet
1140 4523 1247 4580 obitum
1271 4525 1343 4594 regis
1366 4523 1510 4578 Colomani
1537 4539 1586 4594 per

346 4615 451 4670 dietum
472 4615 588 4688 Hetynlr
606 4622 782 4686 occupatum
800 4613 875 4669 idem
893 4613 1010 4685 Hetynk
1034 4612 1184 4684 respondit,
1209 4611 1285 4681 qnod
1308 4611 1397 4681 ipsam
1421 4617 1521 4666 terram
1547 4611 1585 4664 vi-

341 4709 422 4759 vente
440 4701 531 4759 adhue
549 4719 613 4774 rege
633 4703 772 4772 praedicto
804 4702 918 4773 pacifice
943 4717 1031 4771 usque
1050 4701 1085 4756 ad
1104 4700 1171 4755 hacc
1195 4706 1321 4771 tempora
1345 4698 1521 4770 possedisset.
1548 4699 1586 4755 Ut
