3376 5350
655 487 801 531 ancusae.
1288 474 1353 542 429

74 733 78 740 ¹
161 671 226 725 MD.
245 669 332 740 Apud
358 669 450 723 urbem
473 670 601 724 Veterem.
620 671 696 722 1292.
713 671 738 722 ¹1.
759 669 889 738 Aepueli.
906 667 1040 722 Nicolsus
1058 667 1110 722 IV.
1129 683 1210 737 pepe,
1229 666 1354 722 ministro

105 758 266 829 provinciali
285 757 399 812 fratrum
421 755 562 812 Minorem
580 757 608 811 in
628 756 768 828 provincie
786 754 932 810 Slevoniue
951 755 1071 822 mundet,
1090 761 1122 808 ut
1140 770 1203 808 cum
1224 770 1272 808 sex
1290 752 1352 807 eliis

105 845 237 900 fratribus
255 844 291 900 ed
315 845 344 900 id
368 844 476 900 idoneis
499 843 684 914 praedicendo
710 841 860 897 misterium
886 841 1009 896 vivificae
1033 842 1131 910 crucis,
1158 840 1294 911 populum
1313 839 1348 894 sd

105 931 278 988 liberandum
297 940 397 987 terram
416 937 540 986 sanctem
559 930 733 986 demonibus
751 930 908 1000 impiorum,
921 928 1029 984 hortare
1047 935 1187 996 conentur,
1207 934 1238 982 ut
1256 943 1353 998 quam-

105 1020 217 1091 plurimi
236 1020 388 1090 suscipiant
406 1019 516 1090 signum
534 1020 624 1074 crucis
636 1027 664 1078 et
676 1033 839 1074 succursum
853 1017 1002 1088 praebeant
1013 1016 1042 1070 in
1055 1016 1202 1086 passaggio
1221 1014 1351 1085 generali.

160 1107 334 1163 l‘aorantct:
353 1106 451 1162 Storio
469 1106 513 1160 dci
531 1107 617 1160 Frotr‘
637 1107 739 1158 retineri
758 1107 788 1158 ιἰι
806 1105 901 1160 Dalm.
920 1109 945 1158 et
964 1105 1067 1158 Bosrta.
1087 1103 1111 1158 Ι.
1130 1120 1157 1174 p.
1176 1106 1236 1156 420.

162 1249 236 1304 MDI
257 1249 342 1320 Apud
360 1251 453 1303 urbem
476 1250 603 1304 Veterem.
622 1251 698 1302 1292.
718 1251 742 1302 1.
757 1247 887 1318 Aepueti.
901 1244 1034 1301 Nicolaus
1046 1245 1097 1298 IV.
1111 1261 1184 1314 popa
1197 1243 1351 1314 encyclicas

105 1338 214 1393 litteras
232 1337 268 1391 ad
285 1337 304 1391 J
307 1353 423 1392 oannem
441 1337 604 1392 ledrensem
624 1335 862 1406 archiepiscopum
880 1334 954 1388 misit
966 1341 998 1388 ut
1011 1331 1180 1386 Christianos
1193 1331 1228 1385 ad
1241 1347 1352 1386 sacrum

109 1425 213 1480 bellurn
233 1431 260 1480 et
279 1426 369 1480 crucis
387 1425 493 1496 insigne
512 1425 722 1496 suscipiendum
736 1424 899 1478 hortaretur.
912 1420 1036 1477 Josnnes
1050 1437 1112 1476 vere
1125 1420 1351 1490 archiepiscopus

106 1513 230 1582 acceptis
248 1512 346 1566 litteris
366 1513 553 1567 communicet
570 1529 618 1567 ess
635 1513 692 1567 suis
711 1511 848 1582 episcopis
867 1509 1090 1582 provincialibus.

160 1599 275 1655 Furlats'
293 1599 376 1669 illyr.
395 1599 473 1654 Soer.
496 1600 525 1652 Τ.
549 1599 578 1654 V.
597 1602 639 1654 85.

162 1723 260 1778 MDII.
279 1722 449 1794 Zsprsbiue.
471 1723 546 1775 1292.
565 1725 590 1776 3.
609 1723 740 1793 Arrpueti.
752 1723 848 1778 Frater
866 1721 1046 1791 Guyllermus
1059 1720 1094 1776 de
1106 1719 1209 1774 Pcimis
1222 1717 1355 1788 magister

107 1811 255 1866 domorum
274 1810 387 1865 militiae
405 1809 500 1880 templi
519 1827 569 1880 per
587 1811 762 1881 Hungariam
788 1818 815 1865 et
840 1809 998 1864 Sluvoniem
1017 1808 1162 1880 significet,
1190 1804 1266 1876 quod
1291 1821 1354 1858 cum

107 1899 155 1952 ille
175 1897 314 1953 Andream
331 1897 384 1952 III.
404 1915 496 1968 regem
514 1914 565 1968 pro
585 1898 699 1954 diversis
718 1898 837 1968 negotiis
856 1897 1001 1952 domorum
1027 1912 1139 1956 suarum
1165 1895 1354 1950 universarum

109 1988 137 2040 in
153 1985 301 2054 Hungaria
319 1992 346 2040 et
365 1984 494 2040 Slevonia
506 1986 683 2040 existentium
696 2002 785 2056 usque
797 1985 959 2055 Zagrsbisrn
974 1991 1086 2039 secutus
1104 1982 1202 2036 fuisset
1221 1987 1249 2036 et
1271 1998 1354 2050 penes

109 2089 173 2128 eum
193 2071 308 2126 multum
327 2073 472 2142 pecuniam
497 2073 672 2143 expendisset
699 2079 727 2128 et
750 2073 912 2144 Zegrebiam
937 2069 1123 2143 proveniendo
1148 2077 1208 2124 tots
1233 2085 1355 2139 expensa

110 2159 251 2225 caruisset,
269 2160 432 2214 necessitate
451 2160 611 2230 compulsus
629 2169 661 2215 ut
680 2159 777 2215 domos
795 2177 860 2216 suas
878 2159 953 2229 apud
972 2175 1065 2229 regem
1084 2158 1120 2212 ad
1138 2157 1283 2228 pristinum
1305 2156 1354 2226 jus

109 2253 204 2320 posset
222 2263 359 2314 revocare,
377 2253 478 2302 terrem
497 2265 575 2304 snam
594 2265 644 2303 seu
662 2248 807 2320 praedium
829 2247 961 2318 Gregins,
980 2247 1055 2318 quod
1074 2247 1109 2301 ab
1128 2245 1242 2315 antiquo
1261 2243 1354 2298 Butho

110 2336 267 2391 obtinuerat
284 2341 312 2390 et
330 2335 498 2406 possederat,
517 2335 695 2407 adjungendo
713 2336 748 2390 ad
762 2335 879 2391 eandem
891 2335 1005 2390 eltersm
1018 2341 1119 2390 terram
1132 2334 1269 2388 desertum
1283 2331 1355 2386 inire

111 2433 212 2480 terram
223 2423 325 2490 Butko,
339 2441 410 2494 quse
422 2425 494 2479 iacet
506 2423 541 2478 ad
553 2441 682 2494 magnum
695 2425 767 2478 mam
780 2439 851 2494 quae
863 2423 954 2478 tendit
965 2439 1060 2477 versus
1072 2423 1164 2477 villam
1178 2420 1352 2486 Crisiensem,

110 2528 174 2567 curn
202 2513 332 2566 omnihus
350 2511 520 2582 pertinentiis
539 2529 572 2566 ea
592 2528 726 2566 consensu
745 2515 773 2566 et
798 2511 913 2566 consilio
937 2512 1051 2566 fratrum
1080 2525 1201 2575 suorum,
1227 2507 1355 2562 videlicet

111 2599 203 2654 fratris
221 2598 374 2654 Frunccnis
393 2615 423 2653 se
441 2598 559 2669 Velegio
578 2599 644 2653 socii
663 2599 714 2666 rui,
733 2598 824 2653 fratris
838 2598 960 2654 Willemi
974 2598 1009 2654 de
1022 2596 1170 2652 Brubantia
1183 2595 1354 2666 praceptoris

112 2685 212 2742 domus
231 2687 305 2741 des.
325 2685 454 2752 Martino,
474 2685 505 2739 ir.
525 2685 635 2755 Rogerii
654 2687 840 2758 praeceptoris
859 2687 893 2742 de
918 2683 1101 2755 Glogonieha,
1119 2682 1152 2736 ir.
1172 2682 1301 2752 Gregorii
1321 2681 1356 2735 de

113 2774 215 2828 Wrane
234 2779 261 2828 et
279 2773 311 2828 ir.
332 2772 481 2840 samsonis,
507 2773 624 2828 eontulit
647 2775 674 2827 in
699 2776 801 2844 pignus
827 2775 909 2828 Petro
932 2773 1105 2828 Theutonico
1132 2771 1220 2842 probo
1245 2769 1303 2824 viro
1328 2775 1356 2823 et

111 2861 228 2916 honesto
246 2878 297 2932 pro
316 2861 414 2932 viginti
434 2867 540 2930 septem
558 2862 659 2914 mercis
677 2860 725 2914 tuli
750 2859 917 2927 conditione,
936 2861 1011 2930 quod
1037 2875 1213 2931 quocumque
1231 2865 1356 2926 tempore

111 2951 172 3020 lpse
191 2949 234 3004 vel
252 2949 321 3004 ulter
339 2949 470 3019 magister
483 2947 638 3013 domorum,
656 2947 700 3001 vel
718 2947 818 3018 aliquis
831 2951 993 3018 praeceptor
1012 2947 1046 3001 de
1065 2945 1240 3016 Glogoniche
1252 2943 1355 2997 dictam

111 3045 211 3092 terrem
229 3037 362 3092 redimere
374 3036 475 3106 poterit
487 3053 504 3089 ιι
517 3035 657 3106 praedicto
671 3035 753 3090 Petro
767 3036 882 3090 liberam
895 3034 1008 3090 hebebit
1020 3032 1172 3088 redimendi
1184 3030 1354 3086 fucultatem.

116 3126 194 3180 Meta
212 3131 301 3179 terrae
326 3123 449 3179 eiusdem
471 3123 569 3194 incipit
592 3141 610 3178 e
633 3125 724 3194 capite
751 3123 826 3178 flarvii
852 3121 984 3194 Gregins.
1008 3121 1078 3176 Inde
1103 3137 1152 3192 per
1179 3119 1305 3174 semitcm
1329 3122 1358 3172 et

114 3219 238 3267 montem
264 3211 337 3266 venit
361 3210 396 3264 ad
420 3215 520 3265 terrum
545 3211 763 3282 Templnriorum
788 3209 927 3266 Zelnichu.
951 3209 1061 3264 Abhinc
1085 3207 1121 3264 ad
1148 3206 1231 3262 aliam
1257 3211 1357 3260 terrum

119 3300 227 3366 domus,
247 3303 274 3353 et
292 3315 341 3370 per
359 3298 473 3368 aliquod
491 3299 613 3368 spatium
631 3305 809 3368 separatura
833 3304 906 3354 terra
929 3297 1028 3352 Butkc.
1047 3296 1156 3351 Exinde
1178 3295 1213 3348 ad
1240 3293 1311 3346 viem
1330 3299 1358 3348 et

116 3405 166 3459 per
184 3387 303 3442 eundem
321 3393 444 3440 montem
463 3386 552 3440 Berch
572 3386 663 3440 eundo
675 3403 723 3456 per
735 3387 802 3441 setis
816 3403 948 3457 magnum
960 3385 1080 3456 spatium
1093 3385 1167 3439 venit
1178 3381 1213 3436 ed
1227 3397 1357 3452 magnum

114 3477 186 3530 viam
205 3491 276 3544 quae
294 3473 383 3528 tendit
396 3489 490 3528 versus
509 3473 602 3527 villam
621 3473 796 3528 Crisiensem.
815 3473 933 3528 Divertit
945 3471 980 3528 ad
994 3473 1124 3526 orientem
1138 3476 1166 3524 et
1180 3467 1254 3524 cedit
1267 3469 1294 3522 in
1307 3469 1358 3523 flu·

112 3565 188 3618 vium
202 3561 340 3630 Gragene,
359 3563 407 3615 ubi
426 3569 513 3616 terrae
528 3561 623 3631 jobeg‚
642 3561 723 3615 castri
742 3560 888 3616 Orisiensis
901 3567 1107 3614 commetamur.
1122 3555 1190 3612 Inde
1211 3563 1284 3612 terra
1301 3573 1357 3612 em-

112 3649 193 3720 ptitie
216 3648 340 3704 eiusdem
365 3647 439 3702 Petri
464 3649 601 3702 vicinatur
618 3664 701 3718 quam
721 3665 738 3702 e
756 3648 839 3702 Petro
851 3647 909 3702 filio
921 3647 1010 3717 Zulga
1022 3653 1050 3700 et
1062 3643 1180 3699 Nicolao
1198 3645 1255 3700 filio
1268 3643 1358 3702 Jonee

112 3736 283 3808 comparavit
300 3741 328 3790 et
346 3737 457 3790 revertit
474 3735 510 3790 ed
523 3736 647 3805 primem.

169 3825 217 3880 Ee
235 3823 346 3878 archivo
365 3823 495 3876 conterati
514 3822 647 3877 Budenst'.
663 3823 794 3876 'Weneeh
818 3821 883 3876 Cod.
902 3820 970 3892 dipl.
989 3821 1059 3890 Arp.
1080 3819 1116 3876 X.
1137 3825 1177 3877 79.

149 3965 258 4020 MDIII.
278 3965 450 4035 Zaerobias.
470 3967 545 4018 1292.
560 3967 601 4018 10.
615 3964 745 4033 Aupustr'.
761 3963 930 4018 Universitas
945 3959 1063 4016 civitstis
1076 3961 1178 4014 montis
1191 3959 1357 4014 Grechensis

113 4053 245 4120 notificet,
263 4051 338 4123 quod
352 4051 533 4119 Msrculinus,
546 4068 639 4106 comcs
652 4068 776 4106 camerae
789 4051 861 4120 regis
874 4057 901 4105 et
914 4051 981 4104 civis
993 4047 1193 4119 Zegrebiensis,
1206 4047 1355 4118 quemdam

114 4150 213 4196 terram
233 4157 310 4195 sunm
330 4157 379 4195 seu
398 4141 601 4212 possessionem
620 4155 669 4208 per
687 4139 796 4192 comitis
816 4137 942 4192 Perchini
955 4137 1014 4192 sine
1026 4135 1193 4190 haeredibus
1212 4133 1356 4188 decessum

113 4228 148 4284 ad
168 4245 230 4284 eum
250 4228 415 4294 devolutum,
435 4243 521 4298 prope
539 4225 707 4281 territorium
721 4225 839 4280 civitatis
852 4224 1026 4280 Endesscvec
1045 4223 1219 4286 existentem,
1238 4235 1355 4274 comme-

113 4323 222 4372 tencnm
250 4315 329 4370 terris
358 4315 484 4381 civitatis,
509 4313 624 4386 capituli
652 4320 679 4369 et
703 4312 911 4381 Pristoldorum,
936 4312 1048 4366 donarit
1072 4310 1147 4366 Vuel
1172 4307 1228 4362 filio
1253 4307 1355 4362 Herzel

113 4411 232 4475 cognato
251 4421 311 4458 suo.

167 4490 369 4546 Marcelouiclr:
388 4491 544 4545 Eoetroctus
563 4491 633 4560 dipl.

167 4615 277 4672 MDIV.
295 4615 464 4672 Brinonlee.
485 4618 559 4669 1292.
579 4619 621 4668 19.
640 4616 770 4684 strepuere.
790 4613 906 4667 Carolus
925 4612 960 4665 ΙΙ.
980 4627 1029 4665 rex
1047 4609 1164 4675 Siciliae,
1178 4605 1356 4664 considerans

115 4705 289 4760 devotionem
302 4704 443 4770 sincerum,
457 4718 540 4772 quam
558 4703 608 4757 viri
621 4701 727 4756 nobiles
743 4701 848 4754 Paulus
864 4699 1031 4768 Chrovacye.
1050 4697 1249 4768 Dalmecieque
1262 4695 1358 4764 benus,

181 4831 192 4860 *
207 4829 331 4882 Brigneno
345 4837 420 4882 penes
435 4825 568 4870 calenum.
