3464 5382
662 409 809 454 aroma.
1294 403 1353 464 141

113 603 230 659 regnum
247 585 308 642 eins
325 581 424 637 fornax
447 576 628 634 succenderat
650 575 874 646 Thartharorum,
899 593 934 634 er
958 581 1046 636 multa
1069 579 1171 640 fiducia
1188 602 1238 642 rer
1256 587 1290 656 ei,
1308 602 1356 643 cor

114 691 196 732 suum
215 678 244 730 et
260 672 382 728 mimam
399 684 488 735 eum,
506 667 680 722 carissimum
698 666 825 724 videlicet
842 667 1056 740 pslmogenitnm
1077 687 1159 728 suum
1177 674 1276 731 ducem
1295 675 1356 733 Ste-

12 797 13 814 ,
114 766 238 837 plmnum
270 761 352 817 duxit
373 757 639 826 commendandum,
663 758 712 828 qui
735 757 855 814 eumdem
879 773 936 814 una
961 775 1025 814 cum
1049 759 1110 815 eliis
1134 761 1259 833 prolibus
1284 765 1357 836 regis

112 851 183 908 tristi
201 855 328 921 tempore
351 847 440 903 laetos
464 847 585 902 retinens
609 846 637 900 in
664 844 768 901 deliciis
793 847 1019 902 convenientibus
1044 865 1128 905 sanos
1151 849 1304 906 recondidit
1328 857 1356 908 et

113 939 238 1005 illaeccs;
255 936 369 992 demum
386 951 450 990 cum
467 949 516 989 rex
534 938 627 1005 pertas
645 933 797 989 maritimas
814 933 929 990 adiisset
946 933 1020 990 idem
1037 951 1130 992 comes
1151 937 1270 994 Michael
1289 956 1354 995 con-

116 1027 181 1082 huis
198 1027 271 1082 ciros
288 1022 408 1080 Worosd
435 1025 463 1078 et
485 1021 628 1078 Petusium
652 1021 681 1076 in
704 1025 799 1076 tentae
821 1021 988 1078 turbationis
1011 1027 1136 1095 tempore
1157 1030 1253 1082 contra
1271 1029 1355 1083 male·

116 1113 234 1172 interos
252 1110 472 1184 quamplurimos
493 1109 589 1165 illaesa
612 1114 641 1165 et
663 1107 804 1165 indemnia
827 1109 919 1165 valido
937 1109 1049 1166 brechio
1067 1112 1249 1181 conservavit,
1266 1113 1356 1184 ipsius

115 1217 226 1274 quoque
243 1199 385 1272 generatio
403 1197 493 1253 fidelis
511 1213 620 1268 semper
638 1196 729 1252 extitit
746 1213 864 1253 coronas
882 1197 974 1268 regiae
992 1203 1019 1254 et
1030 1197 1139 1266 devote,
1155 1215 1221 1254 uem
1233 1199 1351 1258 barones

116 1286 290 1343 fidelissimos
308 1284 485 1357 germinum
502 1283 532 1338 in
550 1283 718 1338 contrarium
745 1300 818 1352 vcro,
837 1283 950 1356 quidam
968 1284 1004 1340 de
1021 1284 1153 1342 Slsvonia
1170 1287 1281 1343 nomine
1299 1288 1354 1344 Pu·

12 1387 13 1396 ¹
115 1375 206 1431 chuua
224 1378 267 1431 tot
284 1378 313 1428 et
329 1377 407 1428 unm
423 1372 452 1426 in
470 1387 557 1441 regno
574 1370 649 1426 mala
671 1371 846 1442 perpetravit,
865 1377 979 1443 propter
1000 1389 1079 1444 quae,
1099 1389 1148 1444 per
1165 1372 1275 1430 diversa
1292 1375 1355 1430 loca

115 1461 257 1533 suspendi,
275 1464 335 1517 toto
352 1474 438 1530 regno
456 1463 552 1514 conus
574 1457 667 1530 ipsum
689 1455 821 1514 reddente
838 1458 1027 1514 testimouium
1047 1459 1212 1530 merebatur,
1231 1463 1351 1518 clamau-

113 1550 188 1606 tibna
205 1553 302 1606 contra
318 1548 412 1619 ipsum
428 1543 582 1602 homicidiis
600 1545 693 1600 multis
719 1549 746 1600 et
763 1545 824 1600 aliis
842 1545 997 1616 nephandis
1014 1547 1182 1616 criminibus,
1202 1555 1231 1606 et
1248 1551 1353 1622 specis-

116 1639 179 1694 liter
206 1635 341 1707 sangnine
366 1633 491 1704 magistri
518 1632 614 1689 Ochus
639 1631 689 1686 filii
716 1631 811 1688 Oobur
828 1632 901 1700 bani,
926 1649 1010 1704 quem
1026 1634 1097 1690 inter
1114 1635 1184 1691 alios
1202 1636 1348 1694 crudeliter

112 1724 256 1793 interiecit,
276 1722 356 1780 ouius
373 1737 448 1776 mora
464 1721 530 1777 fecit
546 1719 688 1776 tristiciam
709 1721 760 1775 teti
771 1736 866 1791 regno,
880 1737 953 1793 quse
964 1721 1053 1777 mults
1065 1727 1093 1778 et
1105 1724 1230 1779 enormia
1241 1725 1356 1781 crimine

113 1815 208 1885 ipsum
225 1811 259 1867 ad
277 1809 432 1868 horrendae
449 1808 545 1864 mortis
563 1808 717 1880 periculum
734 1806 939 1880 perducebant,
957 1825 1053 1864 serum
1072 1808 1189 1880 diligens
1203 1811 1355 1869 misericor·

116 1901 192 1956 diem
210 1913 266 1966 rex,
291 1896 389 1954 eodem
412 1895 547 1952 Puchuua
570 1895 794 1966 possessionibus
819 1896 877 1950 suis
901 1896 1032 1952 omuibus
1055 1897 1205 1954 iustissime
1227 1900 1354 1970 spoliato,

12 1987 13 1996 ’
112 2001 261 2060 personam
287 1985 375 2057 ipsius
401 1983 486 2039 libere
510 1983 586 2038 abira
613 1983 744 2054 permisit,
772 1981 826 2038 sub
852 1999 886 2038 es
911 1983 1077 2052 conditione,
1105 1985 1181 2056 quod
1203 1986 1286 2042 laesis
1305 2005 1356 2060 per

111 2075 205 2147 ipsum
224 2071 402 2139 setisiacsret,
426 2071 505 2126 cuius
534 2069 733 2142 possessiones,
758 2069 885 2126 videlicet
901 2069 1006 2138 Lobur,
1024 2071 1133 2140 Velika,
1154 2073 1310 2130 Olenosnih
1328 2081 1356 2131 et

112 2163 269 2232 Zlogonem
286 2175 349 2215 oum
368 2157 498 2214 omnibus
516 2157 688 2229 pertinentiis
701 2161 921 2228 praememorato
939 2157 1067 2214 Michaeli
1079 2160 1173 2216 comiti
1185 2160 1220 2216 de
1233 2161 1353 2218 Worosd

110 2255 138 2306 et
156 2249 215 2304 suis
232 2247 397 2302 haeredibus
413 2247 442 2302 in
460 2250 626 2318 perpetuum
642 2244 758 2301 confert.

169 2353 291 2410 Wearei:
311 2351 374 2408 Ood.
393 2351 461 2422 dipi.
479 2351 588 2422 Arpos.
610 2349 673 2420 1⁷11,
690 2353 750 2406 157.

166 2525 402 2584 ccccnxvm.
420 2526 457 2582 Is
475 2526 609 2598 Sepuest,
629 2528 672 2578 26.
694 2525 819 2582 Octobris
836 2529 913 2582 1244.
927 2527 995 2583 Bela
1007 2527 1051 2584 IV
1062 2544 1112 2584 rer
1123 2527 1255 2596 notificat,
1267 2529 1352 2600 qnod,

113 2632 177 2674 curu
197 2631 249 2672 suo
273 2612 414 2686 quondam
438 2613 515 2668 fratri
538 2613 692 2670 colommo
716 2613 774 2684 regi
798 2617 827 2669 et
848 2614 913 2672 duci
936 2615 1021 2671 totius
1045 2615 1193 2672 Slavonise
1216 2616 1350 2687 placuerit

111 2701 319 2776 possessionem
336 2699 477 2772 quendem
501 2699 642 2758 Gusstene
660 2717 723 2758 cum
746 2699 857 2758 duabus
881 2701 952 2756 villis
970 2701 1072 2774 Lopud
1090 2709 1118 2758 et
1135 2702 1196 2757 aliis
1215 2703 1353 2774 pertinen·

109 2791 155 2846 tiis
173 2807 192 2845 a
209 2788 349 2845 nobilibus
375 2787 506 2844 Ludislac
534 2793 562 2844 et
587 2787 717 2844 Johauue
743 2787 858 2860 Gykow,
886 2789 949 2844 filiis
967 2788 1080 2856 Bothus,
1105 2793 1133 2846 et
1156 2789 1300 2862 Stephano
1319 2807 1353 2848 ac

111 2877 243 2946 Muttine,
261 2876 325 2932 filiis
343 2873 435 2932 Achili
457 2874 493 2930 de
516 2890 617 2946 genere
641 2874 723 2942 chor,
747 2876 796 2946 qui
817 2876 879 2932 ilias
902 2877 963 2932 iure
979 2875 1145 2934 hereditsrio
1163 2876 1354 2948 possidebunt,

111 2981 234 3039 prosus
252 2964 369 3020 utilitate
392 2963 513 3034 recipere
537 2967 565 3018 et
581 2961 696 3036 praedio
718 2962 754 3019 de
778 2963 905 3035 Segnesd
934 2965 1093 3035 adiungere,
1110 2965 1138 3020 in
1157 2981 1275 3036 quarum
1292 2983 1353 3037 per·

110 3053 294 3109 mutationem
310 3051 385 3108 idem
403 3049 573 3106 Golomsnus
591 3055 679 3107 terres
702 3051 813 3122 Bergna
830 3057 860 3108 et
876 3052 989 3108 'Ibrnoa
1006 3053 1035 3107 in
1052 3053 1186 3108 comitatu
1204 3052 1353 3108 saladiensi

111 3142 187 3208 sitas,
206 3155 278 3210 quas
296 3138 333 3194 ab
350 3138 413 3194 Elis
430 3137 488 3194 filio
506 3138 656 3206 Laurentii,
673 3139 786 3194 crimine
804 3139 973 3196 infidelitatis
995 3143 1101 3209 notato,
1119 3145 1204 3210 etque
1220 3139 1353 3198 defuncto

111 3229 172 3284 sine
189 3225 356 3282 haeredibus
373 3227 403 3282 in
420 3243 518 3282 manus
536 3241 603 3280 sues
620 3231 699 3281 erant
716 3225 870 3295 devolutae,
889 3227 1025 3298 assignari
1042 3227 1126 3282 sociat
1143 3243 1207 3282 cum
1224 3227 1287 3284 iore
1300 3243 1352 3284 suo

113 3313 261 3371 antedictis
278 3312 427 3380 nobilibus,
452 3312 553 3370 liberes
577 3314 673 3385 utique
697 3313 734 3370 sb
752 3314 827 3370 omni
851 3315 995 3371 mactione
1016 3320 1045 3370 et
1061 3314 1207 3383 immunes,
1224 3315 1264 3370 ita
1281 3314 1355 3372 vide·

110 3404 183 3470 iicet,
202 3407 235 3458 ut
251 3418 303 3458 nec
320 3400 485 3458 descensum
503 3400 629 3468 haustus,
648 3417 699 3458 nec
722 3401 866 3458 cclleotcm
883 3403 1106 3470 msrtminarum,
1124 3418 1176 3458 nec
1194 3402 1352 3459 consimiles

109 3506 212 3547 census
230 3489 337 3545 solvere
354 3493 514 3556 teneantur,
538 3489 622 3560 igitur
646 3494 711 3561 post
734 3494 850 3544 mortem
874 3489 953 3545 ducis
978 3489 1179 3561 praescriptum
1204 3487 1352 3556 cambium,

109 3576 255 3651 praedicto
274 3575 387 3647 praedio
405 3575 535 3648 Seguusd
560 3575 596 3632 ad
621 3592 685 3632 eum
708 3577 839 3634 devoluto
864 3583 891 3633 et
914 3577 967 3632 sibi
991 3576 1155 3643 necessario,
1174 3575 1226 3632 rati
1244 3575 1355 3645 habeat,

109 3664 251 3738 praufetes
268 3669 355 3719 terras
373 3663 460 3734 Elyae
478 3680 541 3720 cum
559 3665 617 3720 suis
635 3665 793 3721 marturinis
812 3671 840 3720 et
856 3665 1001 3736 mancipiis
1020 3663 1120 3719 liberes
1132 3663 1264 3731 conserat,
1282 3665 1353 3720 sicut

108 3771 159 3825 per
177 3751 291 3808 fratrem
309 3751 369 3806 eius
386 3750 440 3806 fuit
458 3750 622 3808 ordinatum.
641 3752 777 3820 Quocirca
794 3754 967 3824 conscriptae
988 3757 1017 3808 et
1033 3753 1139 3808 revisas
1158 3755 1223 3806 sunt
1240 3767 1353 3822 quoque

107 3847 200 3898 metae
218 3856 268 3912 per
284 3837 444 3896 Johaunem
462 3838 550 3896 filium
567 3839 643 3908 Zelk,
661 3840 802 3898 bominem
821 3841 941 3897 Diouisii
965 3839 1043 3896 dude
1062 3844 1090 3895 et
1107 3838 1172 3894 bani
1189 3839 1275 3894 totius
1294 3837 1355 3894 Sla-

107 3927 217 3984 voniae.
237 3926 365 3994 Quarum
382 3926 473 3998 prima
489 3931 578 3982 terrae
600 3927 677 3983 Luss
700 3935 743 3984 est
759 3929 838 3984 iuxts
861 3928 990 3984 Drawsm
1008 3927 1045 3983 eb
1063 3927 1213 3983 oriente-et
1230 3925 1351 3982 coditio

108 4021 248 4086 stagnum,
266 4012 342 4085 quod
362 4013 486 4071 Mothwa
508 4019 629 4082 vocatur,
653 4020 680 4070 et
704 4032 753 4086 per
776 4015 867 4070 varim
889 4021 978 4071 metas
1002 4013 1078 4070 vadit
1094 4014 1124 4070 iu
1141 4029 1227 4069 unum
1245 4013 1352 4082 sallem,

107 4119 182 4174 quae
209 4099 286 4156 ducit
313 4101 342 4156 in
361 4117 445 4156 unam
469 4100 611 4172 palludem
635 4102 750 4170 Mulsts,
775 4108 804 4159 et
826 4101 903 4158 vadit
925 4103 961 4158 ad
985 4118 1084 4158 nemus
1110 4106 1139 4157 et
1165 4101 1289 4173 pervenit
1317 4101 1353 4156 ad

107 4205 242 4260 magnam
259 4187 332 4244 viam
350 4194 476 4260 paratam
494 4187 529 4246 de
546 4193 633 4257 terra3
652 4207 701 4262 per
718 4207 851 4262 magnum
869 4191 991 4262 spatium
1010 4189 1101 4246 eundo
1113 4189 1189 4244 venit
1201 4187 1236 4244 ad
1250 4205 1353 4260 aquam

108 4275 222 4343 Stnrve,
238 4273 339 4331 deinde
366 4289 415 4346 per
442 4274 581 4346 quendum
607 4275 723 4332 flurium
749 4282 777 4334 et
804 4277 897 4350 plures
924 4282 1012 4332 metas
1030 4276 1160 4332 arborem
1179 4274 1215 4330 cd
1238 4275 1352 4331 fluvium

107 4361 243 4444 Stinicha,
267 4367 295 4418 et
320 4361 356 4417 ed
380 4363 605 4434 septemtrionem
629 4363 664 4420 ad
689 4379 822 4435 maguum
844 4369 975 4430 montem,
999 4363 1028 4418 in
1052 4364 1132 4418 cuius
1150 4362 1292 4418 cacumine
1310 4367 1353 4420 est

109 4457 201 4519 metm
220 4456 248 4506 et
265 4455 342 4506 tenet
365 4456 454 4506 metae
471 4466 535 4506 cum
553 4450 617 4505 tiliis
642 4451 790 4506 Christiani
813 4456 841 4507 et
864 4467 928 4507 cum
945 4449 1008 4506 filiis
1026 4450 1137 4516 Brathe,
1157 4449 1351 4520 iobagionibus

109 4537 194 4592 castri
213 4536 384 4606 ssladiensis,
403 4541 432 4593 et
449 4537 618 4593 transeundo
636 4555 685 4610 per
700 4537 798 4594 fluvios
816 4543 844 4594 et
861 4543 949 4594 metes
967 4535 1098 4594 arboreas
1116 4541 1200 4608 atque
1218 4553 1352 4608 magnum

110 4639 218 4692 nemus,
237 4623 312 4680 cadit
336 4624 372 4680 sd
396 4641 497 4696 squam
522 4624 641 4680 Pzincha
666 4625 706 4694 (i),
732 4631 760 4680 et
783 4625 875 4682 eundo
899 4641 996 4681 versus
1021 4625 1142 4682 Dravam
1166 4625 1289 4696 pervenit
1315 4625 1351 4680 ad

110 4727 242 4784 magnam
259 4712 333 4768 dam
351 4711 470 4768 Warord
489 4711 525 4768 sd
543 4717 631 4769 metas
649 4713 785 4782 Mauricii,
805 4717 833 4769 et
849 4712 914 4770 iude
931 4729 1029 4770 versus
1048 4713 1263 4785 septentrionem
1276 4711 1351 4770 cedit
