3464 5382
350 411 409 474 146
844 435 863 473 r.
888 423 1087 490 anaemaris,

345 604 374 653 et
390 597 498 654 Prodsc
516 597 690 670 presbyteris,
714 599 823 656 Jacobo
841 599 937 672 Ditigo
955 607 982 657 st
1000 602 1132 672 magistro
1158 601 1292 673 Gregorio
1310 601 1474 657 diaconibus
1493 607 1522 657 et
1539 619 1586 656 ea·

346 686 453 741 nonicis
477 685 608 742 ecelesiae
626 685 655 742 Β.
673 687 825 760 Laurentii,
851 689 933 744 Petro
951 688 986 746 de
1003 689 1088 757 Luca,
1107 688 1225 746 Nicolao
1243 689 1343 746 Stoeca
1362 689 1474 756 Matina,
1492 687 1584 744 Panlo

348 773 406 828 filio
423 773 554 842 Dragani,
579 772 680 830 Oibras
707 773 881 832 Oassarinae
910 776 999 832 dictae
1022 777 1122 832 domus
1147 779 1258 848 inpane,
1286 776 1393 832 Jacobo
1426 777 1586 842 Dabranas‚
1702 773 1703 778 ’

347 859 457 916 Marino
475 863 580 931 Rogas,
598 861 711 916 Donato
730 861 862 930 Saladini,
883 861 975 919 Sabae
992 863 1143 930 Husmaro,
1162 869 1190 920 et
1199 863 1324 936 pluribus
1337 863 1397 918 aliis
1410 867 1466 918 tam
1479 864 1587 919 clericis

347 963 431 1018 qnam
448 947 534 1003 laicis.
552 946 697 1003 Gausinna
715 948 887 1020 primicerius
906 955 934 1005 et
951 951 1074 1006 notarius
1093 951 1210 1024 scripsit.

398 1035 513 1091 Lusias
531 1037 660 1090 Manere
677 1037 708 1091 ἀπ’
728 1037 811 1092 Trium
827 1055 857 1107 p.
878 1043 938 1094 491.

399 1174 663 1234 GCCOLXXXIV.
687 1178 841 1246 Almisaae,
866 1183 890 1234 5.
909 1179 1009 1234 Martii
1025 1183 1103 1234 1245.
1126 1176 1336 1248 Hredericusss,
1355 1177 1490 1234 Nicolaus
1510 1177 1587 1234 filius
1703 1239 1704 1242 Ἴ

348 1262 500 1320 Obodimiri
526 1281 618 1322 eomes
643 1267 741 1322 Almisi
767 1265 803 1322 de
821 1265 962 1322 voluntate
979 1267 1065 1323 totius
1089 1267 1294 1322 communitatis
1318 1266 1435 1334 Almisii,
1459 1264 1588 1322 videlieet

347 1351 456 1406 comitis
480 1351 633 1421 Pribislavi,
661 1353 740 1419 Osor,
767 1353 853 1408 Jurae
877 1351 972 1408 Rados
996 1353 1044 1408 filii
1069 1353 1221 1424 Bogdanci,
1250 1353 1367 1420 Slomiri,
1395 1353 1517 1410 Prodani
1535 1353 1586 1408 filii

347 1437 472 1508 Dragani
491 1443 519 1495 et
536 1439 900 1496 aliorum—iuranttenere
919 1439 1021 1496 bonam
1040 1433 1136 1512 pace'm
1154 1457 1219 1496 cum
1238 1439 1388 1511 Bagusinis
1406 1447 1434 1496 et
1446 1440 1587 1510 omnibns,

348 1527 396 1596 qni
414 1533 480 1582 sunt
497 1527 550 1582 sub
568 1527 815 1600 Archicpiscopstu
834 1529 901 1596 eius,
921 1545 1010 1599 usque
1028 1527 1064 1582 ad
1082 1543 1185 1582 nonem
1194 1529 1409 1598 generationem,
1421 1535 1449 1584 et
1461 1529 1510 1600 qui
1521 1535 1589 1584 sunt

348 1613 401 1668 sub
423 1614 569 1670 comitatur
593 1615 662 1686 ejus,
687 1623 715 1672 et
739 1617 844 1672 salvare
863 1623 891 1671 et
906 1621 1086 1671 manutenere
1103 1615 1165 1670 illos
1184 1631 1247 1670 eum
1265 1615 1394 1670 omnibus
1421 1615 1506 1671 rebus
1524 1617 1586 1671 ubi·
1702 1595 1703 1620 ³

348 1715 459 1772 cunque
479 1718 528 1758 sos
551 1703 692 1758 invenient
715 1719 799 1774 super
822 1719 898 1758 mare
921 1709 950 1757 et
973 1709 1183 1773 superterram.
1202 1701 1239 1756 Et
1257 1701 1415 1774 ubicunqne
1433 1704 1589 1759 invenirent

348 1787 454 1858 lignum
477 1788 512 1846 de
536 1789 668 1861 Ragnsio,
694 1791 804 1846 venient
827 1790 863 1845 ad
887 1791 950 1845 illos
975 1807 1039 1846 eum
1058 1790 1161 1862 puppis
1179 1795 1208 1844 et
1225 1789 1360 1861 accipient
1378 1789 1413 1845 ab
1431 1791 1484 1846 illis
1504 1807 1589 1862 quas·
1704 1785 1705 1788 ’

348 1891 458 1947 cunque
471 1877 607 1934 voluerint
624 1877 691 1934 dare
709 1884 912 1950 superterram.
932 1876 962 1933 si
980 1877 1080 1948 aliquis
1097 1876 1133 1932 de
1146 1877 1268 1932 Almissa
1281 1877 1376 1933 fecerit
1387 1875 1521 1934 damnum
1532 1879 1588 1933 Ra-

349 1977 454 2032 gusaeo
478 1971 506 2020 et
531 1965 583 2022 ists
605 1968 710 2022 venerit
732 1967 880 2022 Almissam
898 1965 1057 2037 quaerendo
1072 1965 1209 2036 justitiam
1227 1971 1255 2021 et
1272 1966 1432 2020 Almissnos
1450 1965 1588 2037 ceciderit,

350 2067 446 2106 omnes
469 2051 630 2124 desponsus,
654 2071 725 2125 quas
749 2054 844 2110 fecerit
860 2053 1033 2124 nguseens,
1052 2059 1253 2124 componantur
1271 2053 1295 2106 ei
1313 2069 1377 2108 cnm
1396 2057 1454 2109 toto
1472 2051 1587 2110 damno.

349 2138 384 2192 In
403 2139 478 2194 omni
495 2140 571 2211 ligno
588 2141 625 2198 de
642 2141 767 2212 Bagnrsio
785 2143 821 2198 sit
838 2147 985 2198 amaneus
1003 2142 1099 2196 salvus
1118 2141 1189 2196 sicut
1206 2139 1379 2210 Ragussens.
1409 2141 1446 2195 Dt
1464 2141 1487 2196 si
1506 2141 1589 2196 inerit

350 2225 514 2298 Ragusaeus
538 2246 600 2284 eum
627 2231 772 2300 exuaneis,
797 2230 880 2286 debet
904 2247 965 2286 esse
983 2245 1068 2286 sanus
1086 2245 1150 2284 cum
1168 2227 1296 2284 omnibus
1313 2228 1398 2284 rebus
1416 2228 1483 2286 suis.
1510 2229 1548 2284 Et
1566 2229 1588 2283 si

351 2321 450 2386 pyrata
477 2321 601 2390 captaret
628 2317 740 2390 aliquod
764 2319 871 2390 lignum
895 2317 930 2376 ds
955 2318 1013 2374 suis
1036 2316 1162 2386 inimicis,
1190 2321 1281 2388 portet
1304 2332 1368 2372 eum
1392 2315 1459 2372 soris
1484 2321 1512 2372 et
1530 2333 1587 2372 non

350 2407 414 2458 ante
442 2403 604 2474 Ragusium.
632 2405 671 2461 Et
698 2407 721 2461 si
748 2407 857 2477 lignum
881 2412 1042 2462 extensum
1068 2405 1173 2460 steterit
1196 2403 1225 2458 in
1243 2403 1315 2458 Zaro
1334 2420 1397 2460 eum
1415 2409 1520 2472 austro,
1538 2405 1590 2460 erit

351 2490 472 2560 sslvum;
491 2497 518 2546 et
536 2493 560 2546 si
578 2495 683 2548 steterit
701 2493 729 2548 in
747 2493 874 2550 Malonto
896 2510 960 2550 oum
978 2493 1068 2562 borra,
1087 2493 1138 2548 orit
1150 2491 1265 2559 salvum,
1283 2495 1312 2546 et
1324 2491 1447 2546 similiter
1460 2490 1495 2546 de
1508 2497 1589 2562 ports

351 2579 460 2634 Stanrnr
487 2596 576 2650 usque
602 2580 765 2650 Ragosium.
795 2581 832 2636 Et
859 2580 883 2636 si
909 2597 958 2636 rex
986 2581 1126 2650 Ungariae
1150 2579 1255 2634 venerit
1279 2593 1363 2649 snper
1385 2577 1542 2648 Ragusinm
1560 2587 1589 2634 et

351 2667 522 2738 praeceperit
547 2667 698 2722 Almisanis
724 2669 764 2723 ire
782 2685 885 2736 secum,
908 2667 949 2722 illi
966 2669 1085 2734 venient,
1104 2683 1167 2722 cum
1185 2663 1262 2722 aliud
1279 2665 1370 2720 iacere
1387 2682 1444 2720 non
1463 2671 1589 2736 possunt.

350 2753 460 2808 Juravit
483 2771 576 2810 comes
600 2753 733 2810 Nicolaus
758 2756 832 2810 filins
853 2755 1005 2810 Ohodimiri
1023 2771 1086 2810 cum
1105 2755 1157 2810 100
1174 2753 1331 2809 hominibus
1350 2752 1385 2808 de
1404 2752 1534 2822 Almissa,
1559 2759 1587 2808 st

351 2841 464 2914 insuper
490 2843 592 2914 juravit
615 2843 708 2898 Desco
733 2859 783 2914 pro
808 2859 954 2900 commune
972 2843 1093 2898 Almisei.
1120 2841 1157 2898 Et
1174 2842 1227 2896 hoc
1245 2845 1448 2896 sacramentum
1465 2839 1591 2896 fecerunt

350 2947 414 2988 oum
441 2931 593 3002 capitaneis
619 2931 755 3004 exercitus
783 2931 971 3002 Ragusisnsis,
998 2930 1110 2985 nomine
1128 2929 1212 2984 totins
1236 2927 1371 2984 exereitus
1390 2933 1418 2982 et
1435 2928 1590 2982 communis
1707 2921 1708 2968 i

351 3019 475 3088 Rugusii.
503 3017 626 3076 Nomina
643 3019 865 3091 capitaneorum:
893 3019 993 3072 Petrus
1011 3015 1183 3082 Ballislavse,
1208 3014 1333 3070 Bubania
1350 3013 1433 3081 Petri,
1458 3012 1591 3068 Debrsna

351 3106 519 3178 Lampredii,
538 3105 662 3161 Galenda
681 3105 848 3172 Cerneehae,
869 3104 1012 3160 Teodorus
1032 3103 1174 3158 Bubatiae.
1192 3102 1313 3158 Nomina
1331 3101 1462 3156 comitum
1480 3101 1590 3172 galeae:

351 3195 489 3249 Russinus
514 3193 673 3264 Bayslavae,
701 3193 843 3248 Grubessa
866 3191 1038 3258 Ballislavae,
1066 3191 1165 3245 Petrus
1184 3189 1315 3257 Mathaei,
1342 3189 1462 3244 Petrana
1480 3187 1588 3259 Bunde,

351 3281 493 3337 Diaconos
513 3279 639 3351 Ceperna
654 3281 708 3352 jur.
726 3279 849 3334 notarius
869 3279 981 3334 Almissi
999 3279 1108 3349 scripsit
1126 3278 1166 3348 (in
1184 3276 1256 3348 stylo
1273 3275 1411 3344 barbaro).

404 3369 503 3438 Ljuta'e
521 3371 594 3424 Mon.
613 3367 688 3424 Sicu.
706 3368 801 3422 mnid.
821 3367 844 3422 Ι.
861 3384 890 3436 p.
911 3369 954 3422 67.

406 3489 798 3560 ceeooxxxv.a1misii‚
818 3495 841 3544 5.
861 3489 964 3544 Martii
982 3491 1060 3544 1245.
1079 3487 1212 3543 Nicotaus
1230 3486 1304 3542 filins
1323 3484 1476 3541 Chodimiri
1493 3501 1587 3540 comes

354 3579 462 3635 Almisii
481 3579 622 3636 voluntate
641 3578 764 3632 emnium
783 3582 927 3648 parentum
946 3581 974 3631 et
990 3576 1076 3631 totius
1093 3573 1255 3640 communis,
1274 3573 1401 3629 videlicet
1419 3588 1511 3630 comes
1530 3573 1588 3628 Pri·

354 3665 485 3734 bisiavus,
510 3665 590 3733 Osor,
614 3665 692 3732 Jurrr,
717 3659 819 3732 Rados,
844 3665 892 3718 filii
916 3663 1072 3732 Bogdanec,
1097 3661 1215 3729 Slomiri,
1240 3661 1350 3716 Pmdan
1369 3660 1441 3714 filius
1459 3659 1591 3730 Dragani,

355 3759 382 3809 et
409 3753 469 3808 aliis
496 3754 595 3820 iurant,
622 3770 652 3808 se
677 3753 747 3808 vella
775 3751 921 3807 observare
945 3751 1053 3806 firmam
1079 3765 1174 3819 pacem
1199 3765 1263 3804 cum
1286 3747 1415 3802 omnibus
1433 3747 1591 3803 hominibus

354 3841 470 3911 Rugusii
489 3841 623 3912 usquein
642 3857 745 3898 nonam
762 3839 975 3910 generationem.
994 3837 1113 3908 Insuper
1139 3837 1211 3890 iurat
1228 3835 1320 3890 Desce
1342 3841 1463 3906 prototo
1476 3851 1591 3906 corpore

355 3929 477 3996 Almisii;
496 3935 524 3984 st
541 3935 743 3984 sacramentum
761 3928 866 3983 faciunt
884 3941 947 3982 cnm
963 3925 1115 3996 capitaneis
1127 3921 1251 3994 Ragusii.
1270 3923 1308 3977 Et
1319 3923 1348 3976 hi
1361 3927 1426 3978 sont
1438 3921 1591 3994 capitanei:

355 4017 455 4072 Petrus
482 4015 642 4082 Ballislave,
669 4015 796 4070 Bobenia
823 4016 907 4086 Petri,
934 4013 1069 4070 Dobrona
1095 4009 1260 4082 Lampredii,
1289 4009 1415 4065 Galenda
1441 4009 1590 4078 Oerneche,

355 4103 519 4160 Theodorus
546 4102 692 4158 Budaaiae.
722 4103 759 4158 Et
786 4102 855 4158 haee
883 4107 948 4158 sunt
975 4101 1087 4156 nomina
1114 4098 1291 4166 comitis(um)
1315 4097 1424 4168 galeae:
1454 4095 1593 4151 Russinus

357 4191 502 4263 Gayslave,
534 4189 676 4246 Grubssss
703 4189 858 4258 Bsilislave,
890 4191 988 4246 Petrus
1006 4187 1138 4256 Mathaei,
1164 4186 1284 4242 Petrana
1307 4183 1413 4250 Bonde,
1442 4184 1591 4252 Geraneae,

356 4279 453 4346 Josde,
477 4279 619 4346 Dobrona,
643 4277 755 4346 Nerine,
783 4279 875 4342 Miles,
901 4279 989 4346 Orela,
1014 4277 1129 4340 Drasco,
1153 4273 1292 4342 Cranissa,
1313 4271 1387 4339 Bela,
1406 4271 1509 4341 Miloje,
1530 4271 1594 4328 Gle-

357 4365 451 4434 davsc,
479 4367 614 4434 Matheis,
640 4365 790 4434 Vassemir,
819 4365 976 4431 Veleoslav,
1004 4365 1124 4426 Oihram,
1151 4361 1265 4430 Radoie,
1293 4359 1448 4428 Velcoslav,
1477 4362 1593 4428 Perseo,

357 4455 438 4522 Juni,
467 4455 609 4526 ceperas,
635 4455 752 4522 Pousea,
779 4453 891 4518 Desses,
919 4451 1042 4520 Bogdan‚
1070 4449 1158 4516 Alexi,
1186 4447 1279 4514 Velce,
1307 4446 1447 4514 Redemit,
1476 4445 1592 4516 Bodam,

358 4542 483 4609 Dobroit,
502 4541 635 4608 Dobrinu,
663 4541 782 4609 Cectico,
801 4541 907 4606 Petrus,
926 4538 1020 4604 Mirsa,
1038 4536 1157 4602 Vsemir,
1177 4535 1299 4604 Dragan,
1319 4535 1426 4603 Petrus,
1443 4534 1594 4604 Dragovan

360 4629 479 4698 Georgii,
506 4627 609 4696 Buden,
634 4627 783 4694 Grubesss,
809 4625 990 4694 Grisogonns,
1008 4624 1094 4688 Bitos,
1115 4621 1246 4692 Gradioa,
1264 4621 1389 4688 Veliena,
1407 4621 1521 4686 Bellem,
1539 4621 1594 4674 Ra·

359 4715 464 4784 dorius,
482 4713 596 4782 Redoie,
611 4713 726 4781 Rudiae,
740 4711 884 4780 Slavomir,
896 4711 1024 4779 Desimir,
1038 4709 1164 4776 Osrions,
1179 4705 1313 4774 Gestissu,
1326 4707 1439 4774 Granut,
1452 4705 1585 4762 Dessirad
