3488 5380
384 421 447 488 182
886 443 907 485 r.
924 429 1122 504 munuc,

383 608 537 680 Gregorius
550 612 580 665 et
596 607 698 664 Daniel
717 623 819 678 comes,
837 608 886 664 filil
906 607 1054 680 Bribignas
1072 608 1188 678 comitis,
1207 613 1235 666 et
1252 607 1346 668 Obrad
1364 624 1416 666 nae
1432 624 1489 666 non
1506 614 1625 681 nepotes

383 697 446 770 ejus
464 697 513 752 filii
532 696 641 753 comitis
660 695 810 765 sutulari,
828 697 936 753 nobiles
955 696 990 754 ds
1009 696 1147 765 Brsberio,
1166 714 1184 752 a
1202 697 1349 768 primaevis
1374 698 1500 769 ipsorum
1516 701 1625 769 ternpo-

381 784 457 840 ribus
475 785 598 858 pstsrnis
616 783 740 855 vestigiis
758 783 943 854 inhaerentes,
963 789 1020 840 tam
1032 789 1111 856 grata
1124 783 1264 840 fidelitatis
1277 784 1413 856 obsequia
1423 800 1517 841 ceram
1535 785 1625 841 oculis

380 873 473 943 regiae
491 872 647 928 Maiestatis
666 887 775 944 semper
792 872 994 944 impenderint,
1006 877 1038 928 nt
1056 872 1222 944 expugnatis
1240 877 1269 928 st
1287 871 1414 943 effugatis
1438 871 1578 928 Damaldo
1598 877 1627 928 et

383 959 470 1015 Boriu
488 963 517 1016 et
534 960 661 1030 cognatis
689 976 795 1029 eorum,
820 959 868 1031 qui
885 976 903 1015 a
921 959 1053 1016 fidelitate
1079 959 1174 1016 debita
1199 959 1401 1028 aberraverant,
1425 964 1522 1016 contra
1540 959 1625 1015 etiam

383 1047 489 1104 multos
508 1047 587 1114 alios,
616 1045 750 1103 adversus
776 1048 882 1117 regiam
908 1048 1083 1104 maiestatem
1109 1049 1283 1115 resultantes,
1307 1047 1335 1102 iu
1360 1047 1464 1126 praelio
1483 1047 1579 1102 navali
1598 1053 1626 1102 et

380 1135 502 1190 terrestri
521 1150 605 1206 saepe
623 1151 656 1190 ac
674 1135 836 1206 saepissime
853 1137 1026 1204 (certassent)
1045 1139 1073 1190 et
1089 1133 1260 1191 laudabilem
1272 1133 1415 1191 victoriam
1429 1134 1625 1190 obtinuissent

382 1223 427 1279 Ad
447 1223 525 1293 haeo,
543 1239 609 1279 enm
627 1227 738 1295 tempus
765 1223 965 1295 persecutionis
991 1223 1169 1278 Tarterorum
1188 1238 1282 1294 regem
1299 1221 1336 1278 ad
1354 1227 1447 1294 parus
1471 1221 1626 1278 maritimas

381 1311 522 1382 coegisset
539 1310 686 1380 declinare,
705 1310 789 1366 iidem
816 1311 910 1382 ipsum
927 1327 1021 1382 regem
1039 1315 1067 1366 et
1086 1327 1151 1367 suos
1171 1308 1270 1368 sedulo
1287 1314 1468 1382 receptantes,
1486 1308 1625 1377 universa,

381 1416 454 1471 quse
479 1397 628 1467 hebebant,
657 1398 693 1454 ad
720 1399 782 1454 ciue
809 1403 988 1471 praeceptum
1015 1397 1202 1470 exposuerint,
1231 1414 1297 1454 snas
1315 1413 1449 1468 personas
1470 1401 1567 1452 contu
1585 1397 1626 1451 iu·

384 1488 475 1543 cultus
493 1485 674 1543 Tsmrorum
692 1492 720 1542 st
737 1485 807 1542 alica
824 1485 950 1542 diversos
977 1485 1105 1540 torturae
1132 1502 1215 1542 casus
1232 1485 1421 1556 multiphciter
1442 1481 1625 1556 exponendo;

381 1574 533 1647 quosdam,
558 1575 605 1646 qui
623 1589 654 1630 ee
671 1573 719 1628 illo
738 1577 839 1630 eventu
856 1577 954 1629 contra
971 1588 1066 1643 regem
1084 1572 1217 1628 extollere
1234 1569 1424 1638 intendebant,
1447 1569 1626 1626 commenda·

381 1662 474 1718 biliter
486 1661 668 1734 represserint
675 1679 682 1728 ;
701 1659 881 1716 consideratis
898 1659 943 1715 his
954 1675 1004 1714 rex
1017 1659 1178 1716 comitatum
1190 1658 1399 1715 Brsberisueem
1416 1675 1481 1714 cnm
1493 1657 1626 1714 omnihus

381 1747 548 1806 utilitatibus
566 1765 600 1804 ac
617 1749 798 1820 pertinentiis,
817 1748 854 1803 ab
871 1747 1095 1804 antecessoribus
1114 1748 1175 1818 ejus
1192 1745 1324 1803 collatum
1336 1751 1364 1802 et
1375 1763 1424 1818 per
1442 1747 1503 1818 ejus
1516 1751 1626 1818 patrem

382 1835 526 1908 privilegio
544 1835 713 1904 roboratum,
732 1851 800 1892 casu
818 1839 910 1890 tammr
928 1835 1071 1902 amissum,
1098 1833 1134 1890 ds
1151 1849 1224 1889 noso
1242 1833 1311 1905 ipsis
1337 1833 1490 1890 confirmat
1517 1833 1626 1890 Datum

383 1941 433 1996 per
450 1939 551 1979 manus
568 1922 712 1980 Benedicti
729 1922 931 1995 archiepiscopi
949 1922 1119 1989 (tolosensis,
1138 1921 1220 1977 aulae
1239 1921 1404 1978 cancellarii,
1430 1919 1561 1994 Philippo
1580 1938 1625 1976 sa-

381 2011 522 2082 grabisnsi
540 2011 681 2082 episeopo,
699 2010 843 2082 Stephano
870 2009 944 2068 bano
972 2009 1059 2066 totius
1089 2009 1244 2078 slavoniae,
1270 2009 1363 2080 Emey
1390 2007 1560 2064 varsedienei
1577 2024 1625 2064 cc·

381 2100 448 2155 mite
465 2099 536 2154 inter
554 2103 678 2155 meteres
696 2096 887 2153 existentibus.

433 2187 553 2242 Lectae:
571 2185 615 2241 De
631 2201 715 2256 regno
732 2186 828 2242 Dalm.
847 2191 873 2242 et
892 2184 984 2242 Ornat.
1004 2183 1050 2240 lib.
1068 2184 1120 2242 IV.
1140 2200 1200 2255 cap.
1219 2187 1243 2240 9.
1264 2183 1384 2240 Weascl:
1403 2182 1469 2240 (lod.
1488 2182 1558 2254 dipl.
1576 2200 1624 2240 or·

381 2276 448 2346 pasl
474 2275 535 2330 VII.
552 2277 612 2330 321.
632 2273 718 2342 refert
736 2273 810 2344 esee
824 2273 975 2344 steinaha
991 2273 1074 2330 haias
1092 2273 1202 2330 litterae
1220 2287 1307 2330 sares
1324 2271 1403 2330 talla
1415 2273 1545 2343 mesas
1557 2287 1621 2329 coss·

380 2363 573 2420 cessaturis
591 2361 703 2418 aretino
716 2361 849 2432 familiae
867 2361 983 2432 Kelloy.

434 2457 569 2516 DOXIV.
587 2461 667 2513 1251.
684 2461 727 2516 23.
740 2457 909 2516 Nouembris.
928 2457 996 2514 Bela
1007 2457 1059 2514 IV.
1077 2439 1130 2514 rex
1143 2458 1274 2527 notificat,
1293 2457 1369 2528 quod
1387 2474 1451 2514 cum
1463 2457 1626 2531 Stephanus

379 2550 472 2605 hauns
488 2547 576 2603 totius
593 2545 742 2604 slavoniae
760 2545 880 2617 plurima
897 2547 997 2601 merita
1009 2550 1037 2601 et
1048 2545 1142 2602 fidelia
1160 2547 1271 2602 servitia
1288 2546 1452 2615 exhibuerit,
1471 2545 1625 2618 etquidem

380 2642 439 2692 mm
456 2635 533 2690 fratri
553 2651 604 2690 sno
623 2633 760 2702 Andreae,
780 2633 847 2688 dum
859 2634 953 2690 adhuc
966 2633 1098 2689 ducatum
1111 2639 1226 2705 gereret,
1245 2650 1329 2706 quam
1347 2634 1431 2690 etiam
1449 2632 1510 2702 sibi,
1529 2634 1625 2706 singu-

380 2723 474 2778 lariter
490 2722 519 2776 iu
539 2721 643 2794 praelio
661 2721 819 2793 campestri,
846 2721 922 2792 qnod
941 2725 1038 2778 eontra
1056 2722 1187 2777 Tartaron
1213 2720 1319 2792 habuit,
1345 2721 1413 2777 dnm
1431 2723 1477 2777 rix
1497 2723 1625 2794 ipsorum

380 2823 480 2866 manus
498 2809 653 2880 effingieeet3
671 2807 772 2864 deiude
790 2807 826 2864 ad
844 2813 939 2881 partes
955 2810 1107 2864 maritimas
1126 2825 1221 2879 regem
1239 2813 1351 2865 secutus
1370 2809 1500 2866 sedulum
1515 2825 1627 2882 semper

381 2899 509 2954 exhibuit
526 2897 668 2954 servitium
694 2897 872 2952 immobiliter
899 2896 1056 2954 assistendo
1083 2913 1170 2968 prope
1190 2913 1338 2969 personam
1362 2898 1444 2968 regis,
1463 2898 1511 2953 ubi
1528 2897 1627 2954 lauda·

381 2986 473 3042 biliter
491 3001 521 3041 se
538 2985 638 3056 gessit;
656 2986 816 3040 nominatus
835 2987 934 3056 postea
951 2987 979 3039 in
997 2984 1118 3042 iudicem
1136 2985 1217 3041 aulas
1235 2987 1328 3056 regias
1346 2989 1374 3041 et
1391 2987 1521 3042 comitem
1538 2985 1625 3042 Nitri-

381 3089 476 3130 eueem
493 3071 631 3141 gradatim
650 3073 784 3144 processit
802 3073 831 3128 in
849 3072 963 3144 honore,
982 3077 1009 3128 et
1027 3072 1056 3126 iu
1074 3071 1203 3128 conflictu
1221 3090 1284 3128 cum
1303 3074 1432 3129 Austriae
1449 3073 1522 3130 duce
1534 3073 1626 3131 effuso

382 3160 519 3232 sauguine
536 3160 584 3217 vix
602 3161 663 3232 ipse
680 3164 796 3216 mortem
817 3160 921 3230 effugit,
939 3159 1086 3217 decoratus
1107 3159 1200 3216 officio
1218 3161 1325 3216 comitis
1339 3159 1511 3232 simigiensis
1530 3165 1558 3216 et
1576 3177 1626 3233 pa·

383 3249 462 3305 latini
479 3247 628 3319 Ungariae.
656 3249 711 3304 His
730 3247 911 3318 dignitatibus
930 3248 1067 3319 susceptis
1085 3247 1121 3304 ad
1139 3247 1327 3304 damnandam
1349 3249 1439 3318 gentis
1453 3289 1460 3303 .
1473 3289 1500 3304 ..
1519 3255 1626 3320 proter-

383 3337 458 3394 viam
476 3335 621 3408 Stephano
648 3352 697 3391 rex
724 3337 863 3392 Bauatum
890 3337 975 3392 totius
997 3332 1143 3392 Slavoniae
1160 3336 1284 3406 contulit,
1302 3336 1350 3406 qui
1368 3353 1402 3392 ex
1421 3335 1475 3391 illis
1497 3335 1625 3409 partibus

386 3423 514 3480 infideles
533 3423 640 3496 expulit
658 3428 686 3478 et
703 3423 835 3479 radicitus
854 3423 999 3495 effirgavit;
1017 3425 1079 3480 loca
1097 3425 1243 3481 immunita
1261 3424 1339 3496 regni
1352 3424 1480 3480 Oroatiae
1498 3425 1624 3494 munivit,

382 3517 516 3568 straena
535 3511 703 3583 populorum
722 3510 899 3567 multitudine
927 3511 1049 3583 replevit
1080 3513 1189 3580 Quibus
1207 3529 1258 3584 pro
1283 3512 1390 3569 servitis
1408 3511 1514 3570 contere
1531 3513 1556 3568 ei
1574 3529 1624 3570 rex

386 3599 593 3672 possessionem
606 3597 718 3654 Samath
732 3583 853 3670 (Zalscl)
873 3599 943 3655 iuter
961 3600 1075 3656 lindum
1094 3601 1185 3673 Culpa
1197 3605 1225 3656 et
1237 3601 1349 3656 Novum
1364 3605 1485 3656 castrum
1503 3599 1624 3659 confinio

387 3687 505 3742 bunensi
516 3687 651 3755 vicinum3
670 3688 736 3742 item
748 3686 933 3757 Vrh(ovinai)
950 3688 1020 3743 iuter
1038 3693 1158 3744 eastrm
1176 3689 1325 3744 Thinieuse
1343 3693 1370 3743 et
1388 3687 1491 3745 Unffeu
1503 3689 1625 3760 (Uuseu)

384 3791 448 3830 cum
468 3774 647 3846 pertinentiis.
666 3773 799 3846 Diploms
811 3791 895 3830 aurea
907 3775 983 3831 bulla
995 3777 1142 3848 signatum,
1162 3777 1258 3833 datum
1276 3793 1325 3849 per
1337 3775 1518 3834 Benedictum
1536 3779 1624 3834 archi·

387 3863 551 3935 episcopnm
568 3862 743 3918 colocensem
761 3863 842 3918 sulae
860 3864 1063 3920 cancellarium.
1082 3866 1227 3921 inetente
1246 3865 1356 3938 Filippo
1378 3865 1511 3937 episcopo
1529 3882 1624 3936 sagra·

382 3949 478 4018 bisnei,
498 3949 641 4022 Stephano
670 3950 745 4006 bano
771 3951 856 4006 totius
887 3951 1052 4016 Slaroniae,
1079 3953 1229 4009 Laurentio
1256 3953 1376 4024 sojvoda
1396 3952 1577 4010 ultrasilvana
1596 3963 1624 4011 et

384 4039 485 4096 comite
503 4037 538 4094 de
556 4038 670 4108 chow,
699 4040 795 4110 Bagou
823 4041 956 4112 magistro
979 4041 1171 4112 pincernarum
1200 4045 1227 4097 ct
1253 4040 1352 4096 comite
1369 4039 1405 4097 de
1423 4041 1508 4111 Zana,
1530 4041 1624 4114 Erney

384 4125 585 4182 Varasdinenei
603 4131 653 4184 etc.

437 4215 482 4268 lis
500 4214 673 4270 collectaneis
691 4215 949 4273 Marcelloos'cs'aais
968 4216 1102 4272 Miloni:
1119 4217 1209 4273 Series
1227 4219 1373 4274 Rusonem
1390 4219 1456 4273 Mac.

434 4309 552 4367 DGXV.
580 4315 653 4367 1251.
672 4315 716 4368 24.
735 4311 905 4368 Novembris.
933 4313 1001 4368 Bcla
1018 4312 1070 4370 1v.
1089 4329 1137 4368 rex
1156 4314 1286 4383 nobilest,
1314 4313 1389 4384 quod
1407 4313 1508 4370 Daniel
1526 4331 1624 4371 comes

382 4399 562 4455 Sibinicsnsis
581 4403 609 4454 et
627 4398 767 4471 Stanymir
787 4399 1021 4470 arch(idiacouns)
1041 4401 1165 4458 eiusdem
1193 4403 1310 4458 civitatis
1336 4402 1532 4474 transcriptum
1559 4419 1625 4460 cou-

382 4487 544 4542 firmationis
581 4487 715 4558 privilegii
745 4488 869 4559 ipsorum
900 4489 973 4559 segis
1003 4491 1165 4560 conspectui
1201 4491 1450 4561 praesentaverint,
1487 4496 1625 4562 petentes,

382 4579 414 4629 ut
438 4573 505 4628 illud
533 4575 631 4630 iterato
656 4575 816 4645 dignaretur
839 4576 1014 4642 confirmata
1041 4593 1090 4631 rex
1114 4593 1178 4631 cnm
1201 4577 1237 4633 ds
1262 4578 1376 4633 veritate
1399 4578 1488 4648 ipsius
1515 4579 1626 4664 liquido

383 4665 524 4718 constaret
541 4668 569 4717 et
586 4678 636 4733 per
655 4663 815 4718 relationem
840 4662 975 4735 Stephani
1003 4663 1068 4718 bani
1086 4665 1171 4720 totius
1190 4665 1344 4734 Slarouiae,
1371 4666 1419 4737 qni
1436 4671 1523 4722 terras
1538 4671 1628 4746 sprae-

384 4747 533 4804 sentialiter
552 4748 681 4820 inspexit,
700 4749 773 4806 idem
792 4750 964 4822 privilegium
983 4751 1159 4810 reconfirmat
1178 4755 1220 4823 (ut
1237 4753 1273 4810 ad
1286 4770 1310 4810 a.
1324 4753 1422 4823 lem).
1441 4751 1629 4855 Oouhrlmarit

1527 4919 1540 5038 ,²

1526 5055 1539 5308 l
