3544 5344
699 415 845 460 nourr.
1353 393 1394 460 ts

205 579 314 636 LXIII.
333 581 495 653 Manias,
514 584 557 637 25.
572 581 725 636 Februarii
740 583 820 634 1204.
839 581 1018 635 Innocentius
1035 580 1089 634 III.
1109 597 1183 651 papa
1200 580 1326 636 bortatur
1338 581 1394 636 Vs-

152 673 232 724 netos
250 667 287 723 ad
305 667 522 738 resipiscendum
540 673 568 722 et
585 667 782 738 poenitentiam
807 665 944 735 agendam
961 665 997 721 de
1015 667 1142 734 facinore,
1168 667 1242 737 quod
1262 667 1394 724 adversus

150 755 285 810 Jaderarn
302 755 497 810 commiserant
517 771 580 808 cum
602 753 724 808 exercitu
742 753 887 808 Gallorum
908 753 1174 823 crucesignatorum
1199 761 1395 810 commemorat

152 843 267 913 insuper
282 841 400 912 qualiter
415 841 580 896 Homericus
595 857 644 894 rex
657 847 684 896 et
696 839 823 896 Andreas
840 839 906 906 dux,
924 839 1009 896 irater
1027 841 1095 912 ejus,
1114 847 1323 913 assumpserant
1341 843 1394 912 sig·

152 945 221 984 num
238 929 335 994 erucis,
360 927 389 982 in
407 927 508 982 Terrae
530 933 641 982 motae
665 926 820 982 subsidium
843 933 1047 998 proposuerant
1070 929 1255 996 transfretato,
1276 945 1395 1000 quorum

153 1015 294 1086 proiectus
312 1014 429 1070 Venetis
447 1012 680 1085 impendientibus
698 1013 832 1068 hactsusm
850 1020 893 1069 est
910 1013 1020 1069 dilatus.

209 1103 345 1158 Plana:
363 1102 442 1157 Mon.
462 1101 537 1157 Stoa.
555 1101 651 1156 mer-id
670 1103 701 1170 1,
721 1104 765 1156 22.

203 1223 309 1280 XLIV.
327 1226 448 1294 Βωιιι,
467 1228 507 1278 16.
526 1223 692 1292 Septentrio
707 1227 782 1280 1204.
801 1223 979 1280 Innocentius
997 1223 1051 1278 111.
1070 1240 1145 1296 papa
1162 1225 1286 1281 notificat
1302 1227 1395 1296 legato

151 1329 204 1368 suo
222 1312 310 1367 Leoni
328 1311 399 1367 inter
416 1317 538 1367 caetera:
563 1311 777 1381 significavimus
799 1327 910 1382 quoque
934 1311 992 1376 tibi,
1017 1317 1048 1365 ut
1065 1311 1141 1382 apud
1158 1310 1299 1376 Jaderam,
1323 1330 1396 1382 quae

149 1399 284 1454 haetenus
309 1415 373 1454 cum
396 1404 456 1454 tots
482 1399 623 1469 provincia
646 1413 697 1453 sua
722 1398 846 1453 subiecta
869 1398 922 1452 suit
945 1398 1099 1468 patriarche
1118 1397 1262 1465 Gradensi,
1290 1399 1394 1455 iaceres

150 1487 314 1542 electionem
338 1487 499 1541 canonicam
520 1485 555 1542 de
573 1501 693 1556 perseum
716 1484 817 1539 idonea
840 1485 979 1551 celebrari,
1004 1491 1032 1540 et
1054 1485 1172 1540 electum
1195 1485 1231 1540 ad
1255 1502 1307 1540 nos
1331 1503 1395 1542 oon-

150 1572 316 1628 seerandum
334 1578 362 1627 et
379 1571 558 1644 pdleandnrn
575 1571 715 1642 dirigeres,
735 1575 766 1626 ut
783 1571 823 1626 sic
840 1571 1024 1642 inciperemus
1042 1572 1141 1643 punire
1162 1571 1321 1644 superbiam
1338 1573 1395 1628 Ve-

150 1665 288 1715 natorum.

204 1747 339 1802 suam:
356 1746 435 1802 Mon.
454 1745 530 1802 Stoa.
548 1745 644 1800 send.
661 1745 696 1813 L,
711 1761 742 1814 p.
761 1749 806 1799 37.

202 1875 292 1932 XLV.
317 1880 437 1947 Βοιιιιιο,
455 1879 479 1932 1.
501 1876 626 1932 Octobris
645 1879 723 1930 1201.
747 1875 926 1930 innocentius
949 1875 1002 1929 111.
1022 1892 1097 1947 papa
1120 1875 1215 1930 scribit
1236 1876 1294 1946 regi
1313 1875 1394 1932 Eme-

148 1965 215 2030 rico,
234 1962 310 2034 quod
334 1963 570 2036 adapostolicam
595 1961 689 2018 mem
706 1963 830 2017 venerint
853 1961 981 2018 monachi
1005 1978 1026 2016 s.
1046 1961 1138 2032 Egidii
1161 1962 1197 2017 de
1214 1961 1339 2032 Ungaria
1357 1965 1394 2031 (in

149 2050 276 2122 Simigio)
299 2049 503 2106 lacrimabiliter
526 2055 734 2120 conquerentes,
759 2047 834 2119 quod
854 2065 949 2104 eorum
968 2049 1069 2104 abbate
1089 2048 1220 2104 defuncto
1239 2049 1324 2104 alium
1342 2049 1395 2102 sibi

149 2137 305 2192 secundum
331 2137 476 2206 antiquum
503 2153 608 2192 morem
635 2136 780 2206 elegerint;
813 2134 888 2206 quod
920 2135 1053 2190 hactenus
1080 2143 1138 2190 tam
1166 2135 1282 2190 abbates
1309 2152 1394 2206 quam

149 2223 493 2279 monachi'consueverint
510 2223 612 2277 habere
630 2223 754 2288 Latium,
778 2221 827 2276 scd
851 2239 900 2277 rex
925 2221 1050 2276 electioni
1073 2223 1137 2276 buic
1155 2222 1244 2276 noluit
1261 2223 1394 2294 praebere

152 2325 328 2376 consensum,
354 2310 503 2376 affirmans,
528 2309 603 2379 quod
627 2309 655 2364 in
680 2309 772 2375 alium,
797 2325 881 2379 quam
900 2309 1053 2378 Ungarum,
1078 2309 1190 2364 minime
1212 2309 1395 2374 consentiret,

153 2397 238 2452 irater
262 2403 355 2452 autem
371 2395 549 2466 Biemardus)
573 2396 738 2466 spalatensis
762 2396 985 2466 archiepiscopus
1009 2395 1063 2450 hoo
1081 2395 1234 2462 attendens,
1259 2401 1396 2450 monaste—

154 2485 226 2538 rium
244 2483 336 2555 ipsum
354 2501 372 2538 a
388 2499 453 2552 rege
471 2483 601 2538 velociter
624 2482 787 2553 impetravit
806 2483 850 2536 De
868 2499 924 2552 quo
943 2481 1067 2553 pontifex
1086 2481 1165 2536 valde
1183 2481 1305 2548 mirator,
1330 2481 1396 2551 quia

154 2573 218 2627 licet
236 2570 408 2642 professione
427 2570 463 2624 sit
480 2568 632 2626 monachus
645 2573 672 2624 et
684 2567 795 2623 natione
807 2569 932 2634 Latinus,
952 2585 1038 2640 quum
1053 2575 1145 2623 tamen
1162 2567 1300 2640 pontificis
1319 2573 1397 2637 gerat

155 2659 285 2724 officium,
307 2657 417 2712 abbatis
434 2673 490 2711 non
509 2655 605 2711 debuit
622 2655 803 2712 ministerium
821 2672 963 2726 usurpare,
989 2657 1150 2726 praesertim
1168 2655 1195 2708 iu
1215 2654 1304 2709 aliena
1322 2654 1397 2709 dioe-

155 2745 218 2812 cesI,
243 2751 271 2800 et
288 2761 338 2816 per
355 2743 455 2798 laicam
479 2748 645 2814 potestatem
669 2741 742 2797 idem
767 2742 971 2813 episcopusin
990 2743 1087 2796 mertia
1111 2741 1232 2796 thesauri
1257 2741 1395 2805 eeclesiae,

155 2831 362 2904 opportunitate
386 2831 513 2900 captain
532 2827 683 2885 monachos
706 2835 813 2883 armata
835 2846 920 2882 manu
944 2829 1022 2882 irruit
1045 2829 1185 2894 violenter,
1214 2833 1242 2882 et
1259 2827 1397 2896 quosdam

156 2935 191 2973 ex
208 2917 277 2989 ipsis
295 2935 380 2971 mann
398 2916 510 2988 propria
528 2915 683 2986 flagellavit,
702 2915 839 2985 quosdam
854 2933 919 2970 vero
937 2914 1055 2970 coniecit
1066 2915 1094 2968 in
1107 2913 1216 2968 vmoula
1234 2914 1397 2968 monachos·

156 3023 210 3076 que
228 3005 366 3074 Ungsros,
385 3020 436 3074 pro
454 3019 505 3056 sua
523 3002 672 3068 voluntate,
694 3003 818 3056 instituit.
838 3003 911 3069 Quia
929 3018 993 3056 vero
1011 3017 1062 3055 nec
1086 3017 1189 3055 novum
1206 3006 1256 3066 est,
1280 3015 1332 3054 neo
1350 2999 1397 3054 ab

139 3091 279 3158 surdum,
304 3097 335 3145 ut
352 3091 380 3144 in
398 3106 484 3160 regno
501 3090 573 3158 regis
597 3089 767 3144 diversarum
784 3089 928 3143 nationum
952 3091 1103 3142 conventus
1131 3085 1178 3140 uni
1197 3085 1318 3150 domino,
1344 3085 1397 3138 sub

155 3179 274 3250 regulari
298 3177 403 3244 habitu,
428 3175 602 3240 famulentur,
627 3175 690 3229 lieet
713 3191 800 3229 noum
819 3175 854 3228 sit
871 3174 909 3228 ibi
927 3173 1090 3228 Latinorum
1113 3171 1284 3238 coenobium,
1310 3187 1397 3241 quum

156 3271 248 3320 umen
266 3263 369 3318 ibidem
387 3263 442 3317 sint
459 3263 547 3316 mrdta
565 3262 742 3327 Graecorum,
766 3267 847 3330 rogat
864 3265 892 3314 et
909 3265 1003 3314 monet
1020 3274 1122 3328 regem,
1141 3265 1172 3313 ut
1189 3275 1245 3312 non
1263 3255 1397 3328 impediat

156 3351 315 3417 monachos,
339 3357 371 3405 ut
389 3349 441 3404 sibi
466 3350 568 3419 eligant
590 3348 727 3404 abbatem
752 3347 968 3418 ArchIepisoopo
986 3352 1079 3400 autem
1104 3345 1254 3416 spalatensi
1277 3344 1397 3398 minatur

157 3455 220 3492 cum
237 3436 530 3493 excommunicatione.

208 3525 307 3592 Fqirr:
328 3525 420 3579 Codro
437 3524 507 3592 dipl.
528 3521 557 3578 Τ.
575 3521 626 3592 H,
643 3539 671 3592 p.
691 3525 753 3576 446.

210 3655 315 3710 XLVI.
336 3653 471 3720 induas,
492 3659 516 3708 8.
534 3654 697 3710 Nouembris
714 3655 792 3707 1204.
811 3651 948 3720 Tempore
966 3649 1107 3704 Hemeriei
1130 3648 1202 3717 regis
1221 3652 1250 3702 et
1266 3645 1398 3700 Domaldi

157 3743 273 3809 comitis,
299 3741 418 3796 Michsel
441 3741 514 3796 filius
538 3739 634 3796 Dobro
652 3739 787 3794 Carbonis
811 3755 868 3792 una
892 3754 955 3792 cum
978 3736 1035 3790 filio
1057 3751 1109 3790 suo
1127 3733 1221 3789 Debre
1246 3737 1399 3788 commutat

156 3847 219 3885 oum
238 3829 358 3884 Domine
375 3829 433 3883 filio
452 3827 563 3882 Martini
581 3826 713 3881 allodium
732 3841 821 3890 suum,
845 3824 874 3878 in
893 3823 985 3895 platea
1003 3839 1024 3877 s.
1043 3822 1149 3876 Mariae
1167 3820 1298 3890 positum,
1320 3819 1398 3874 iuxta

156 3917 279 3980 domurn,
304 3931 377 3986 quae
397 3915 450 3968 fuit
467 3913 580 3968 Andrus
596 3913 645 3967 filii
663 3911 785 3978 Gurone,
809 3928 873 3965 cum
891 3910 1019 3964 omnibus
1039 3909 1096 3962 suis
1115 3907 1203 3972 terris,
1227 3905 1352 3960 terminis
1371 3911 1399 3959 et

158 4001 337 4073 pertinentiis,
362 4000 515 4070 suscipiens
533 3999 592 4053 vice
609 4015 689 4053 versa
705 3999 778 4052 illius
796 4005 904 4062 terram,
927 4012 998 4066 quae
1017 4000 1059 4048 est
1076 3993 1146 4047 inter
1164 3991 1264 4046 vallem
1281 3989 1399 4044 Plichuli

158 4095 186 4143 et
208 4087 308 4143 vallem
331 4087 478 4156 Drsgsaui.
497 4085 641 4140 Testante:
665 4083 752 4140 Vitoli
776 4082 895 4154 plebano
920 4098 941 4136 s.
966 4081 1040 4136 Petri
1062 4080 1175 4144 veteris,
1201 4075 1306 4132 Oossae
1331 4075 1398 4130 Gre

157 4175 234 4244 gard,
258 4174 367 4229 Nicolai
384 4171 536 4243 Lampridii
559 4179 587 4226 et
608 4170 735 4240 Bogdsni
759 4171 806 4223 filii
831 4168 952 4223 Martini,
977 4167 1093 4236 Scripsit
1112 4163 1258 4218 Camssius
1284 4179 1304 4215 s.
1325 4164 1398 4215 Ana-

158 4261 259 4316 stasiae
277 4261 410 4316 diaconus
429 4265 457 4314 et
473 4257 617 4314 Jadrensis
635 4258 766 4312 notarius.

212 4347 357 4418 Odoiaule
374 4347 405 4400 in
424 4361 483 4400 area
502 4352 561 4400 aut.
580 4345 639 4400 ooli.

210 4477 331 4534 XLVII.
349 4477 492 4546 venetiis,
516 4494 543 4534 a.
564 4479 639 4531 1204.
663 4473 803 4528 Henricus
827 4471 974 4526 Dandnlus
1000 4469 1060 4524 dux
1077 4468 1258 4524 Venetisrum
1284 4471 1399 4520 excusat

160 4579 190 4620 se
207 4565 330 4635 pontifici
353 4564 495 4618 Romano:
521 4561 603 4628 Quod
627 4578 690 4616 cum
714 4576 823 4615 crucem
846 4563 1035 4628 assumpserat
1052 4563 1080 4610 et
1097 4553 1286 4610 transmeandi
1310 4553 1399 4622 gratia

159 4651 210 4706 iter
221 4651 360 4722 arriperet,
378 4651 542 4706 necessitate
557 4647 688 4718 temporie
706 4647 831 4702 hiemalis
849 4646 993 4714 ingruente
1011 4643 1153 4714 opportuit
1165 4659 1229 4697 eum
1241 4657 1305 4696 cum
1317 4640 1399 4696 stolio
