3464 5382
354 354 412 418 116
849 373 870 414 1.
894 358 1090 424 1111111116,

402 539 607 598 coexcvm.
630 541 665 598 ln
681 540 755 598 ville
772 539 890 598 liuline
907 539 1045 611 (Eulepa),
1064 542 1104 592 12.
1125 537 1250 595 Octobr-ie
1268 542 1347 594 1240.
1377 539 1445 594 Bele
1461 539 1513 596 Ν.
1532 557 1590 596 rex.

351 629 482 698 notificet,
501 629 577 700 quod
594 628 756 686 medentes
774 627 810 684 sd
829 628 889 684 eius
907 627 1091 699 praesentiam
1109 625 1237 694 Samson,
1255 625 1403 698 Georgius,
1414 627 1481 684 wll
1492 633 1520 684 et
1532 628 1591 683 Wl-

351 717 431 772 cheta
448 717 496 772 filii
513 716 660 773 Deueclror
677 717 866 788 supplicarint,
885 721 917 770 ut
935 715 1039 770 eisdem
1057 705 1264 786 possessionem
1281 715 1454 786 superiorem
1467 715 1590 784 zoam,

350 822 435 876 quam
457 806 581 877 ipsorum
605 804 816 861 haereditariam
840 803 993 876 praefinisse
1016 809 1044 858 et
1068 818 1152 873 super
1169 803 1231 873 ipse
1258 802 1391 858 litteraria
1407 803 1592 858 iustrumenta

350 893 475 950 ambisse
493 892 677 960 offirmebent,
704 891 848 948 resiluere
865 889 1040 962 dignatatum
1064 906 1113 948 rex
1131 890 1278 962 petitiones
1296 889 1455 958 eorundem,
1483 892 1591 962 qnieei

351 986 379 1038 et
403 980 557 1038 Golomano
581 979 644 1038 duoi
667 985 747 1052 greta
770 979 880 1038 servitiu
903 977 1095 1046 exbibuerunt,
1120 977 1156 1034 ad
1181 978 1341 1052 petitionem
1365 976 1490 1034 eiusdem
1507 978 1591 1033 etism

352 1067 496 1126 Golomeni
520 1067 606 1135 ducis,
636 1067 728 1124 fratris
753 1068 804 1136 sui,
834 1066 1039 1138 possessionem
1063 1064 1240 1138 praedictum,
1274 1063 1445 1136 superiorem
1469 1063 1590 1132 Zdencls,

351 1153 391 1212 eie
415 1155 542 1214 coneedit
564 1161 592 1212 et
614 1155 741 1213 restituit
772 1155 866 1212 Prima
889 1158 963 1210 meta
985 1157 1074 1210 terreo
1091 1152 1188 1224 incipit
1210 1153 1239 1206 in
1263 1151 1359 1218 rivulo,
1387 1151 1435 1223 qui
1462 1151 1537 1207 mdit
1561 1152 1590 1206 in

351 1259 453 1312 squam
476 1241 589 1298 Zdeuch
613 1241 762 1312 (Eedench)
785 1242 864 1298 iuxta
888 1240 1092 1316 possessionem
1116 1239 1241 1310 magistri
1265 1239 1347 1310 Moye
1371 1237 1470 1294 iudicis
1497 1239 1590 1294 eurise

351 1329 443 1402 regiae
461 1329 616 1386 inferiorem
634 1329 754 1396 Zdench‚
776 1345 826 1402 per
843 1328 962 1384 rivulum
980 1326 1108 1400 procedit
1125 1325 1161 1382 sd
1179 1326 1404 1398 septemtrionem
1422 1331 1450 1380 et
1467 1325 1591 1396 pervenit

351 1415 386 1474 ad
404 1416 519 1474 flurium
537 1416 709 1484 Melichnek;
733 1414 798 1474 inde
816 1433 866 1488 per
883 1415 973 1472 rarius
997 1419 1086 1470 metus
1111 1412 1147 1470 ed
1165 1419 1251 1486 ceput
1267 1412 1342 1468 fluvii
1360 1411 1477 1468 Radrsn
1496 1417 1524 1468 et
1540 1429 1590 1484 per

351 1503 443 1574 ipsum
467 1519 563 1560 versus
586 1503 758 1560 occidentem
781 1502 817 1560 ad
840 1519 943 1574 squam
968 1501 1095 1570 01111111,
1121 1499 1186 1557 dein
1204 1499 1239 1556 ad
1258 1499 1400 1558 cellerium
1417 1499 1490 1570 regia
1507 1505 1536 1556 ot
1553 1500 1589 1554 sd

350 1587 465 1646 fiuvium
482 1590 615 1661 maiorem
633 1589 800 1664 Soplonche

409 1677 529 1734 cheel:
549 1677 613 1734 Occi.
632 1679 701 1747 dipl.
720 1677 829 1750 Arpoe.
852 1676 917 1734 Vll.
936 1680 994 1730 159.
1012 1675 1060 1732 red
1077 1690 1187 1732 errem
1204 1675 1253 1730 sot
1272 1692 1298 1732 a.
1317 1678 1398 1730 1214.

404 1781 574 1840 00οΧ01Χ
592 1787 629 1844 Δ.
648 1786 730 1838 1210.
749 1782 919 1840 colomanus
936 1797 985 1836 rex
1003 1780 1196 1838 Rutheuorum
1214 1785 1244 1835 et
1259 1779 1317 1836 dux
1335 1781 1420 1836 totius
1439 1779 1588 1836 Slsuoniee

352 1869 516 1936 manifestat,
541 1869 616 1940 quod
633 1869 791 1941 hospitibus
813 1868 871 1926 ruis
889 1868 916 1922 in
935 1868 1047 1924 Petrina
1064 1867 1299 1922 commorantibus
1322 1867 1407 1922 telem
1424 1867 1591 1922 concesserit

351 1957 519 2016 libertatem:
546 1957 586 2014 Ut
602 1957 665 2012 illos
687 1956 782 2012 nullus
801 1954 928 2026 judicum
951 1969 1066 2010 suorum
1091 1959 1199 2025 praeter
1222 1954 1355 2009 maiorem
1378 1954 1460 2008 rillso
1486 1969 1591 2022 eorum,

353 2061 435 2116 quem
459 2045 613 2099 voluntarie
631 2043 770 2114 elegerint,
798 2041 901 2098 undeet
914 2041 1055 2114 judicere;
1082 2047 1110 2096 et
1134 2041 1157 2094 ei
1183 2042 1244 2112 ipse
1261 2041 1494 2111 conquerentibus
1512 2043 1591 2096 seffl-

352 2132 442 2190 facere
468 2149 525 2190 nou
552 2132 680 2203 potuerit,
707 2131 736 2186 iu
759 2129 836 2188 ducis
856 2130 1012 2201 praesentia
1036 2135 1063 2184 st
1086 2145 1142 2186 non
1167 2128 1236 2184 alise
1261 2128 1382 2184 debeant
1408 2128 1590 2200 respondere5

354 2219 420 2278 item
443 2219 468 2276 si
491 2219 581 2276 benus
605 2218 659 2274 illie
683 2217 719 2274 ed
744 2218 865 2274 valorem
889 2218 971 2274 unius
996 2233 1105 2274 marcae
1126 2215 1259 2272 damnum
1276 2217 1386 2284 iecerat,
1414 2217 1443 2272 in
1460 2217 1590 2288 centuplo

352 2307 495 2364 reeb'tuere
513 2305 610 2373 doben
631 2306 704 2362 beno
722 2312 815 2362 temen
833 2323 889 2362 non
908 2305 983 2360 aliud
1001 2305 1054 2362 nisi
1071 2304 1170 2360 domos
1196 2319 1261 2360 sose
1280 2303 1424 2360 oceesione
1442 2303 1589 2359 descensus

352 2395 419 2452 duro
430 2399 583 2460 euentu,
603 2411 653 2466 pro
666 2393 727 2452 aliis
738 2393 901 2450 necessariis
914 2392 1054 2464 praecium
1066 2392 1212 2462 recipisut;
1231 2392 1255 2448 si
1267 2391 1366 2461 aliquis
1376 2391 1454 2462 prole
1466 2391 1591 2458 menesii,

352 2482 427 2538 bona
436 2497 495 2549 uua,
504 2480 659 2551 cuicunque
668 2481 792 2547 voluerit
804 2480 889 2536 libere
898 2479 1035 2545 conferet3
1053 2479 1077 2536 si
1088 2479 1150 2548 quis
1160 2479 1255 2534 1111111
1265 2479 1354 2548 ipsam
1364 2479 1466 2534 mom
1475 2477 1592 2534 voluerit

352 2569 390 2624 ibi
407 2573 573 2635 moraturus,
591 2568 686 2624 omnis
697 2584 748 2623 sne
759 2567 833 2623 bona
842 2573 871 2628 et
882 2565 980 2622 domoe
995 2583 1059 2622 sues
1072 2566 1187 2622 liberem
1199 2565 1301 2620 hebeat
1318 2563 1458 2622 uendendi
1476 2565 1591 2620 1111111-

351 2660 408 2710 tem
426 2661 454 2710 et
471 2653 604 2712 recedent
621 2654 656 2712 de
675 2654 740 2712 ville
757 2655 873 2712 retinent
890 2654 1021 2720 eaodem
1046 2653 1219 2710 sacerdotem
1236 2667 1430 2723 quemcunque
1453 2652 1592 2708 noluerint

351 2743 379 2798 in
398 2743 623 2813 euamrecipient
641 2743 791 2810 ecclesiam,
810 2741 845 2798 de
863 2741 976 2798 decimis
995 2757 1091 2796 eorum
1109 2757 1159 2811 pro
1177 2755 1254 2794 more
1272 2739 1451 2810 disponentes
1477 2739 1590 2794 Terram

352 2829 465 2900 Gurges
484 2836 512 2885 et
529 2830 658 2886 Varatuk
676 2831 735 2884 sine
752 2829 870 2886 haerede
888 2829 1080 2886 decedentium
1104 2833 1133 2884 et
1155 2835 1257 2883 terrem
1275 2827 1479 2894 cruciiesorum,
1507 2843 1590 2898 quam

351 2917 379 2971 in
398 2917 559 2974 concambio
577 2915 675 2974 hebuit
692 2916 758 2985 dux,
785 2933 857 2988 quae
875 2917 974 2972 Heaco
993 2921 1021 2971 et
1038 2915 1129 2971 Potolr
1147 2920 1269 2981 vocetur,
1296 2913 1402 2970 eisdem
1424 2914 1511 2970 etiam
1528 2929 1590 2970 con·

351 3004 422 3074 tulit,
440 3022 558 3078 querum
576 3010 666 3062 metae
683 3003 855 3062 descendunt
873 3004 908 3059 ad
928 3009 1051 3076 puteum,
1080 3007 1108 3058 ot
1130 3001 1195 3058 inde
1213 3019 1262 3074 per
1280 3019 1381 3072 equum
1399 3002 1477 3073 putei
1494 3002 1523 3056 in
1542 3001 1591 3056 flu-

352 3093 427 3148 rium
450 3093 575 3166 Dragnn,
602 3091 667 3150 inde
691 3092 727 3148 ad
751 3093 823 3148 nem
846 3107 986 3162 magnum,
1013 3089 1049 3144 ed
1073 3089 1207 3157 arborem,
1232 3089 1280 3159 qui
1307 3089 1446 3144 slavonice
1469 3089 1591 3144 oelrnrue

351 3180 517 3248 nominatur,
536 3179 572 3236 ad
585 3181 679 3238 vineae
697 3180 733 3236 de
750 3179 864 3246 Dobnlr,
882 3177 946 3233 inde
955 3195 1005 3250 per
1023 3185 1152 3248 magnam
1170 3177 1243 3232 riam
1261 3181 1289 3232 et
1306 3175 1478 3248 longitudine
1489 3177 1592 3232 montis

351 3267 465 3324 inferius
488 3269 517 3324 in
535 3269 675 3324 Petrinum
693 3273 721 3324 et
738 3284 787 3339 per
804 3267 919 3322 flurium
936 3265 1064 3322 Petrinee
1081 3281 1170 3336 usque
1188 3263 1223 3320 ad
1242 3263 1356 3318 flurium
1375 3263 1539 3335 Belypotok‚
1565 3269 1593 3318 et

352 3355 477 3411 escendit
494 3373 544 3428 per
561 3372 691 3427 magnum
709 3357 783 3411 viem
800 3355 943 3424 antiquom
960 3354 988 3408 in
1006 3353 1210 3423 Demesingran
1229 3352 1278 3419 (eie
1286 3351 1311 3420 1),
1332 3349 1398 3408 inde
1422 3351 1451 3405 in
1468 3355 1592 3406 montem

353 3449 381 3500 et
397 3444 427 3500 in
444 3444 524 3512 viem,
543 3461 615 3516 qnae
633 3443 690 3500 exit
707 3443 742 3500 de
760 3443 856 3515 Blyna,
875 3441 988 3496 inferius
1007 3441 1035 3496 in
1053 3441 1206 3512 Precopam
1219 3437 1322 3494 etinde
1342 3438 1442 3494 subtus
1460 3437 1592 3508 Strizichy

352 3529 429 3586 redit
445 3531 473 3585 in
492 3531 644 3587 Oocbinam
667 3536 696 3586 et
719 3547 805 3602 snpra
826 3535 948 3584 montem
973 3529 1001 3582 in
1019 3528 1109 3584 vicino
1132 3544 1203 3598 quee
1225 3525 1302 3581 ducit
1319 3525 1347 3580 in
1365 3525 1470 3594 Barna,
1498 3524 1591 3596 ibique

352 3619 541 3675 terminentur.
568 3619 714 3674 Praeterea
731 3617 808 3673 dedit
825 3623 926 3673 terram
944 3615 1104 3688 Kneeepola
1122 3613 1204 3670 salvis
1223 3613 1334 3686 populis
1352 3611 1455 3668 ibidem
1474 3613 1592 3668 existen·

353 3705 428 3761 tibus
451 3723 514 3761 cum
541 3706 669 3777 portione
686 3703 769 3776 Vooy
791 3709 819 3758 et
840 3703 1024 3775 generationis
1048 3701 1144 3774 ipsius,
1173 3717 1223 3755 nec
1247 3717 1303 3756 non
1328 3699 1447 3755 filiorum
1474 3699 1590 3770 Alpetri,

353 3799 462 3866 praeter
488 3793 610 3849 chnam.
635 3790 725 3848 iidem
743 3791 867 3864 hospites
891 3793 1000 3846 solvent
1023 3789 1167 3844 annuatim
1190 3787 1254 3843 duci
1280 3803 1330 3859 pro
1348 3787 1464 3844 collecte
1481 3791 1592 3842 centum

354 3897 463 3954 pensas,
491 3885 519 3935 et
542 3897 593 3952 pro
616 3879 721 3936 tributo
744 3877 796 3934 sori
819 3877 932 3949 triginta
955 3893 1064 3949 penses,
1090 3876 1213 3931 similiter
1236 3873 1310 3930 dicta
1334 3881 1407 3930 terra
1430 3873 1592 3946 Kneeepols

354 3973 466 4024 contum
484 3983 593 4040 penses.
612 3966 656 4022 Ad
666 3966 719 4022 hec
736 3970 935 4023 consenserunt
953 3981 1049 4020 omnes
1067 3963 1228 4034 icbagiones
1242 3961 1334 4017 ducis:
1351 3961 1485 4018 Nicolaus
1504 3959 1592 4018 banus

354 4073 388 4111 ec
396 4056 527 4126 magister
538 4055 755 4122 towarnicorum
770 4053 929 4110 Demetrius
942 4053 1073 4123 magister
1082 4051 1281 4123 depiierrornm
1289 4057 1415 4106 etcomes
1425 4049 1460 4106 de
1470 4049 1590 4119 Budrug,

355 4143 495 4199 Amoldus
512 4159 605 4198 comes
622 4141 658 4198 de
676 4141 807 4213 symigio,
827 4141 964 4196 Martinus
981 4155 1074 4196 comes
1092 4139 1128 4195 de
1141 4139 1208 4194 Zela
1226 4143 1254 4194 et
1271 4137 1325 4193 alii.
1344 4137 1450 4194 Datum
1468 4155 1518 4209 per
1535 4153 1591 4192 ms·

353 4233 470 4304 gistrum
488 4231 564 4302 ipis,
584 4231 772 4303 praepositum
790 4236 818 4286 ot
835 4230 915 4286 aulae
932 4229 1025 4302 regiae
1042 4235 1070 4285 et
1086 4227 1165 4284 ducis
1183 4225 1384 4283 cancellarium.

405 4320 455 4375 me
472 4319 670 4389 1111111911
690 4317 820 4375 01111111
837 4317 950 4374 archivo
968 4317 1110 4373 Paetinam
1128 4313 1239 4372 1111111.
1258 4317 1292 4368 Ν.
1310 4315 1343 4368 s.
1362 4313 1396 4368 A.
1416 4311 1496 4370 Fuso.
1517 4317 1592 4368 1531.
1701 4329 1717 4346 .

354 4409 388 4462 M
406 4411 513 4550 ι0000.
532 4495 670 4561 Dubium,
688 4497 768 4547 1240.
797 4491 893 4548 meter
910 4491 1034 4548 Jeccbns
1052 4492 1087 4548 de
1105 4497 1198 4549 monte
1216 4490 1310 4561 reguli,
1335 4489 1466 4560 magister
1482 4487 1594 4544 humilis

355 4585 502 4641 domorum
519 4581 616 4654 templi
634 4599 683 4654 per
701 4581 877 4652 Hungariem
895 4585 923 4636 et
941 4579 1108 4647 Slaronism,
1135 4579 1285 4636 memoriae
1309 4573 1492 4644 commendat,
1517 4575 1593 4647 quod

355 4671 467 4728 Tedeue
484 4669 558 4726 iilius
576 4669 654 4725 Mled
672 4667 816 4725 consessus
834 4669 871 4724 sit
888 4667 913 4724 ei
930 4667 993 4723 vive
1010 4683 1084 4734 voce,
1107 4683 1137 4724 se
1161 4665 1317 4722 vendidisse
1335 4663 1474 4736 quendem
1493 4669 1595 4720 terram
