3464 5382
355 412 416 476 128
846 435 867 476 1.
890 421 1087 494 rennuerit,

350 597 521 654 transeundo
539 597 687 654 reflectitur
710 599 740 654 in
764 599 809 656 via
832 597 868 655 ad
892 615 994 670 aquam
1017 597 1161 667 Bedinice3
1185 599 1250 656 inde
1268 599 1296 654 in
1315 615 1418 670 equam
1435 599 1522 668 Lona,
1541 599 1591 655 ubi

351 691 540 830 wippa
557 789 571 828 e
588 773 668 844 reperi
694 773 824 830 61111111
850 773 962 829 arctico
989 773 1132 829 Pastinum
1160 775 1308 830 1111111111
1335 777 1369 832 N.
1396 773 1430 830 R.
1458 775 1493 829 A
1512 777 1591 844 1101,

352 861 389 916 Ν.
409 865 446 914 10
463 867 489 915 et
506 877 540 915 ea
557 866 733 930 transumpto
751 863 836 916 Betae
847 862 919 930 repis
936 861 970 917 de
987 861 1054 917 doto
1072 861 1220 918 Wereueba
1234 867 1265 916 11
1283 859 1416 917 kalendas
1435 861 1591 917 Decembris

352 951 431 1004 1212.
443 948 542 1015 Feles.-
555 947 618 1004 011.
631 947 700 1018 dipl.
714 949 743 1004 Τ.
754 951 773 1002 1
775 947 804 1004 V.
817 949 868 1004 col.
879 951 902 1004 1.
913 965 941 1018 p.
953 951 1013 1004 255.
1024 947 1203 1018 Kukuijeoii:
1216 949 1310 1004 Barba
1321 949 1441 1004 Hroata.
1452 950 1483 1002 Ρ.
1497 952 1592 1003 78-9.

404 1051 613 1108 ccccxxvi
632 1055 778 1127 Trepnrii,
796 1058 838 1110 13.
858 1053 966 1109 kalend
980 1053 1122 1125 (1111111111)
1140 1057 1216 1108 1212.
1235 1053 1425 1109 Existentibus
1444 1053 1592 1124 Treguano

352 1141 485 1213 episcopo
497 1143 660 1212 traguriensi
673 1141 833 1214 Sitepeone)
846 1143 955 1209 comite,
969 1141 1062 1196 (larini
1075 1141 1182 1197 Gasotti
1191 1147 1296 1198 rectore
1308 1147 1336 1197 et
1348 1141 1445 1197 iudice.
1460 1139 1561 1198 Cerne.
1570 1183 1592 1197 ..

351 1229 530 1298 recognoscit,
549 1245 579 1285 11
603 1247 620 1286 a
644 1230 732 1286 Paulo
756 1230 813 1286 filio
836 1228 976 1300 Dragislai
999 1230 1136 1302 recepisse
1160 1245 1353 1300 perperos...
1372 1246 1424 1300 pro
1448 1235 1521 1284 terra
1539 1246 1592 1284 sua

253 1389 257 1398 Ι
352 1315 431 1371 iuxta
448 1321 550 1371 temam
568 1333 589 1372 s.
606 1315 744 1372 Johannls
762 1315 797 1372 de
816 1317 908 1388 platea
922 1315 1070 1386 jacentem,
1088 1321 1116 1371 et
1133 1333 1195 1370 eam
1208 1313 1364 1371 vendidisse
1377 1317 1405 1370 in
1418 1321 1592 1388 perpetuum.

352 1405 463 1459 Testes:
481 1403 614 1459 Dobrana
632 1403 827 1470 subdiaconus,
846 1403 972 1458 Marinus
996 1403 1119 1470 clericus,
1137 1401 1263 1457 Marinus
1281 1402 1401 1459 Prodani
1420 1409 1447 1459 et
1464 1403 1593 1472 Janicba,

353 1491 427 1546 filius
445 1491 563 1548 Cassoti.
582 1491 704 1546 Zanieba
721 1491 894 1546 examinator
917 1507 1030 1546 manum
1054 1491 1136 1560 misit,
1154 1489 1298 1546 Johannes
1316 1491 1496 1562 traguriensis
1515 1501 1594 1548 ncta·

352 1579 410 1634 rius
428 1585 456 1634 et
473 1595 496 1634 s.
513 1579 655 1634 Laurentii
673 1579 822 1634 sanciens
841 1578 968 1648 signavit.

404 1667 453 1723 Ex
470 1667 582 1723 arabico
599 1667 763 1722 monialium
780 1683 802 1721 a.
821 1667 938 1736 Mariae,
955 1665 1085 1721 dederas.

406 1771 630 1828 ccccxxvn.
649 1772 781 1828 111212.
806 1771 874 1827 Bela
896 1770 940 1826 IV
958 1788 1008 1826 rex
1025 1770 1208 1842 privilegialee
1234 1770 1339 1826 litteras
1364 1771 1468 1828 civitati
1486 1771 1594 1842 Nonae,

354 1859 602 1916 reambulationem
614 1857 738 1915 eiusdem
750 1875 800 1930 per
811 1859 830 1914 J
831 1858 988 1914 oachimum
1000 1857 1103 1914 banum
1111 1859 1143 1928 (1)
1155 1857 1258 1914 factam
1270 1857 1440 1926 exhibentes,
1454 1859 1595 1928 elargitur.

406 1947 504 2016 Feles:
525 1947 589 2004 (111.
609 1947 678 2016 dipl.
698 1949 790 2016 Hunc
812 1946 875 2002 VII.
894 1950 946 2002 ool.
966 1949 992 2016 l,
1007 1963 1037 2016 p.
1058 1949 1098 2000 91.

406 2051 647 2108 ccccxxvm.
665 2053 701 2107 A.
725 2055 805 2106 1242.
827 2051 895 2108 Bela
917 2051 962 2106 IV
979 2067 1028 2106 rex
1052 2050 1209 2122 hospitibus
1236 2051 1272 2108 de
1289 2050 1450 2108 Vorosdino
1467 2052 1596 2108 concedit

353 2139 502 2207 libertates,
527 2140 599 2196 sicot
622 2139 735 2196 easdem
758 2139 843 2194 frater
866 2140 926 2194 eins
951 2139 1121 2196 colomanus
1144 2156 1193 2196 rex
1217 2145 1245 2194 et
1262 2138 1321 2194 dux
1341 2139 1427 2196 totius
1446 2138 1596 2196 Slavoniae

355 2231 530 2284 concesserat
555 2227 591 2284 lit
609 2225 736 2299 quidem:
760 2226 836 2298 quod
860 2243 954 2283 comes
978 2233 1027 2282 eut
1051 2227 1161 2282 curialis
1184 2243 1277 2283 eomes
1301 2225 1336 2282 de
1359 2225 1520 2284 Vorosdino
1537 2245 1595 2284 non

355 2315 458 2370 habeat
474 2320 640 2387 potestatem
663 2316 742 2386 ipsos
765 2313 912 2383 iudicandi,
935 2313 984 2370 sed
1008 2314 1061 2386 ipsi
1088 2315 1159 2370 inter
1182 2331 1212 2370 ee
1233 2313 1356 2386 judicem
1380 2314 1492 2385 eligant,
1511 2333 1596 2386 quem

356 2400 539 2458 Richtardom
565 2403 656 2458 solent
681 2401 829 2474 appellare,
849 2402 896 2472 qui
916 2406 1009 2458 1111111
1033 2402 1092 2472 regi
1110 2401 1329 2474 praesentandus
1348 2407 1377 2458 et
1393 2402 1430 2458 ab
1447 2419 1481 2460 eo
1498 2404 1597 2460 contin

356 2489 475 2545 manduc
493 2491 551 2546 erit.
571 2488 680 2544 Oeneae
697 2493 808 2546 exortas
831 2490 903 2546 inter
919 2491 993 2546 cives
1008 2488 1117 2560 judicat
1137 2489 1233 2561 judex,
1251 2505 1352 2546 causas
1370 2506 1435 2546 vero
1453 2491 1598 2561 sanguinis

355 2575 478 2634 iudicare
495 2583 604 2634 tenetur
627 2593 691 2632 cum
714 2577 814 2632 comite
831 2577 875 2632 vel
899 2576 995 2632 curiali
1012 2577 1120 2632 consite.
1138 2577 1183 2632 De
1197 2576 1329 2648 judiciis.
1343 2617 1350 2634 .
1364 2615 1391 2634 ..
1410 2577 1483 2634 duae
1501 2583 1597 2649 partes

355 2665 456 2733 comiti,
475 2666 560 2722 tercia
582 2664 705 2722 ribtardo
729 2665 910 2736 persolvatur.
932 2663 1079 2722 Tributum
1101 2665 1210 2720 nudum
1234 2663 1347 2720 solvunt
1371 2665 1452 2733 cives,
1471 2665 1525 2720 nisi
1542 2667 1590 2737 qui
1700 2707 1701 2714 ,

357 2751 464 2808 vadunt
481 2753 509 2808 in
522 2752 706 2810 Tbeutcniam
717 2769 782 2808 cum
798 2753 992 2820 mercimoniis,
1004 2758 1073 2810 tunc
1084 2751 1120 2808 de
1131 2751 1255 2824 quolibet
1266 2768 1348 2808 curru
1362 2757 1476 2808 onerato
1489 2753 1599 2809 solvent
1700 2765 1701 2810 ς

356 2845 412 2896 tres
430 2839 566 2908 denarios,
584 2840 620 2896 de
637 2840 754 2911 singulis
778 2841 857 2911 equis
884 2839 1029 2896 venalibus
1052 2840 1124 2896 duos
1148 2839 1284 2906 denarios,
1308 2839 1344 2896 de
1366 2838 1477 2896 duobus
1504 2839 1596 2896 bobus
1700 2837 1701 2850 ¹

357 2944 445 2983 unum
462 2927 664 2983 denarium...
683 2943 734 2999 pro
759 2928 849 2999 sigillo
873 2927 1035 2984 atributerio
1059 2927 1198 2994 habendo,
1222 2927 1368 2982 dimidium
1391 2926 1545 2984 denarium.
1563 2929 1598 2983 In

358 3023 443 3088 portu
461 3033 526 3072 vero
543 3015 654 3072 Dravas
672 3015 707 3072 de
725 3015 850 3088 quolibet
873 3033 955 3072 curru
980 3020 1094 3072 11111111
1113 3031 1200 3070 unum
1217 3013 1376 3082 denarium
1393 3016 1460 3072 item
1477 3015 1513 3072 ds
1530 3032 1599 3086 qua-

358 3104 425 3159 libet
442 3104 517 3159 curia
541 3103 684 3158 annuatim
708 3102 853 3158 dimidium
875 3103 1027 3158 denarium.
1052 3102 1125 3157 Nori
1148 3101 1271 3158 1111111
1294 3119 1344 3174 per
1364 3103 1513 3158 triennium
1531 3102 1599 3158 nibil

358 3192 475 3248 solvant
493 3189 623 3247 Haerede
640 3206 738 3246 carens
756 3191 842 3246 bbere
859 3189 990 3262 disponat
1007 3189 1042 3246 de
1060 3189 1190 3246 omnibus
1207 3189 1265 3244 suis
1291 3189 1378 3244 bonis.
1396 3189 1598 3261 Unusquisque

357 3279 393 3336 de
420 3279 485 3334 villa
510 3278 637 3334 recedere
664 3278 749 3334 libere
777 3283 877 3350 potest,
905 3277 1022 3334 venditis
1050 3277 1179 3332 omnibus
1206 3278 1264 3334 suis
1290 3276 1478 3332 immobilibus
1505 3277 1597 3332 rebus.

357 3367 460 3422 Nullus
478 3367 546 3422 baro
563 3367 642 3436 regni
669 3383 753 3438 super
774 3368 852 3438 ipsos
876 3365 1008 3422 violenter
1035 3365 1203 3422 descendere
1230 3364 1323 3422 audet
1347 3364 1453 3420 Datum
1475 3381 1524 3436 per
1540 3383 1599 3420 me·

357 3455 474 3525 gistrum
491 3453 672 3510 Benedictum
688 3453 879 3527 praepositum
896 3453 1046 3509 Albensem
1064 3458 1092 3508 et
1109 3453 1303 3509 cancellarium
1321 3451 1450 3508 aulicum.

410 3541 503 3596 Extat
520 3543 552 3596 in
579 3547 756 3610 transumpto
783 3542 856 3611 repis
882 3540 1019 3610 Stephani
1045 3541 1078 3596 de
1102 3556 1178 3596 111111
1202 3539 1597 3596 127211111111111111111

360 3628 576 3685 aaruedineaeie.
595 3631 675 3686 Fore.
694 3629 799 3686 11111.
821 3633 846 3684 8.

412 3732 622 3789 ccccxxix.
646 3735 816 3806 1118111111,
835 3736 912 3789 1242.
935 3733 1003 3788 Belo
1020 3732 1064 3788 IV
1087 3750 1136 3789 rex
1155 3733 1190 3789 ad
1209 3732 1441 3804 supplicationem
1458 3731 1595 3786 lobannis

360 3820 469 3876 abbatis
488 3818 523 3876 de
539 3821 661 3893 Toplica,
680 3827 712 3876 ut
728 3820 894 3877 divisionem
911 3827 1000 3876 terrae
1024 3821 1106 3876 castri
1123 3820 1159 3876 de
1178 3819 1274 3875 Guora
1290 3821 1362 3874 inter
1379 3820 1472 3890 ipsum
1491 3818 1526 3873 ab
1544 3835 1601 3874 una

360 3913 439 3980 parte
457 3913 485 3962 et
503 3905 648 3965 Glinenees
666 3908 703 3964 ab
721 3909 815 3976 altera,
834 3908 936 3964 laetam
954 3925 1003 3980 per
1025 3909 1153 3964 comitem
1172 3908 1308 3973 Marcum,
1326 3906 1415 3962 lilium
1432 3906 1599 3976 Borocbuni,

359 3994 529 4050 destinatum
546 3994 581 4050 ad
599 3995 652 4052 hoc
670 4014 687 4052 a
704 3995 831 4053 Dionisio
850 3995 932 4063 bano,
945 3993 1120 4066 presentibus
1138 3995 1237 4050 clerico
1249 3994 1381 4064 magistro
1393 3993 1532 4063 Nicolino,
1545 4011 1602 4065 qua
1698 4037 1699 4052 .

360 4081 495 4154 pristaldo
512 4083 596 4153 regio,
613 4099 664 4138 nec
682 4101 737 4140 non
757 4083 869 4138 bomine
895 4083 1010 4155 capituli
1033 4082 1219 4152 aagrabiensie
1239 4085 1267 4138 et
1283 4081 1395 4138 bomine
1413 4082 1601 4154 praeceptoris

359 4169 579 4240 Templariorum
596 4168 632 4225 de
650 4169 745 4226 Goura
763 4178 791 4227 et
808 4171 967 4228 hominibus
984 4171 1125 4243 hospitum
1143 4169 1178 4226 de
1197 4170 1288 4226 Perna
1305 4175 1333 4224 et
1350 4169 1469 4237 Petrina,
1482 4185 1518 4224 ne
1530 4169 1600 4225 ulte

360 4258 418 4312 rins
436 4274 486 4328 per
503 4256 649 4314 Glinenees
667 4258 783 4314 ecclesia
800 4259 890 4330 possit
907 4259 1055 4326 molestari,
1073 4258 1170 4313 litteris
1189 4257 1247 4313 suis
1259 4257 1419 4328 dignaretur
1437 4257 1601 4325 confirmari,

360 4361 486 4400 annuens
512 4345 641 4417 precibus
674 4345 783 4401 abbatis
815 4346 979 4404 divisionem
1006 4351 1095 4400 ratam
1121 4351 1149 4401 et
1175 4351 1317 4418 acceptam
1344 4345 1449 4400 habuit
1478 4344 1601 4400 Nomina

361 4433 570 4504 possessionum
594 4441 658 4490 sunt
680 4435 762 4490 haee:
788 4433 911 4490 Orathka
935 4434 1007 4489 ultra
1032 4433 1141 4501 Sanam,
1161 4433 1225 4488 villa
1247 4432 1385 4490 Schucbia
1403 4433 1471 4488 citra
1489 4432 1601 4500 Seram,

361 4519 481 4590 Labugn
497 4521 563 4576 villa
580 4521 729 4593 Teredycb‚
755 4525 783 4577 et
805 4521 883 4576 loeus
910 4521 958 4576 ubi
983 4521 1081 4591 Lagus
1105 4519 1179 4576 cadit
1201 4519 1229 4574 in
1248 4520 1330 4588 Sava,
1354 4527 1412 4576 tam
1430 4521 1498 4576 citra
1516 4537 1601 4590 quam

361 4609 449 4672 111111
465 4611 539 4662 terra
562 4609 641 4664 villae
664 4607 841 4664 Bratlrovicbi
865 4608 932 4663 citra
948 4607 1050 4663 Seram
1072 4613 1101 4664 et
1118 4608 1198 4670 ultra,
1217 4606 1282 4662 villa
1299 4607 1515 4675 Rakolechiche,
1534 4607 1599 4663 villa

362 4694 523 4761 Trebochel,
541 4695 604 4752 villa
621 4695 757 4767 Pysehan,
776 4695 840 4751 villa
858 4695 1016 4765 Heberkov‚
1035 4695 1102 4751 villa
1119 4693 1270 4764 Paecbena,
1287 4694 1351 4750 villa
1369 4693 1448 4762 Reth,
1462 4711 1534 4765 quae
1546 4693 1599 4748 fuit
