<?xml version="1.0" encoding="UTF-8"?>
<!DOCTYPE html PUBLIC "-//W3C//DTD XHTML 1.0 Transitional//EN"
    "http://www.w3.org/TR/xhtml1/DTD/xhtml1-transitional.dtd">
<html xmlns="http://www.w3.org/1999/xhtml" xml:lang="en" lang="en">
 <head>
  <title>
</title>
<meta http-equiv="Content-Type" content="text/html;charset=utf-8" />
  <meta name='ocr-system' content='tesseract 3.04.00' />
  <meta name='ocr-capabilities' content='ocr_page ocr_carea ocr_par ocr_line ocrx_word'/>
</head>
<body>
  <div class='ocr_page' id='page_1' title='image "./regestadocument00sakcgoog_0235.png"; bbox 0 0 3488 5380; ppageno 0'>
   <div class='ocr_carea' id='block_1_1' title="bbox 700 369 1389 438">
    <p class='ocr_par' dir='ltr' id='par_1_1' title="bbox 700 369 1389 438">
     <span class='ocr_line' id='line_1_1' title="bbox 700 369 1389 438; baseline -0.006 0"><span class='ocrx_word' id='word_1_1' title='bbox 700 396 844 438; x_wconf 75' lang='lat' dir='ltr'><strong>aaronem.</strong></span> <span class='ocrx_word' id='word_1_2' title='bbox 1327 369 1389 436; x_wconf 74' lang='grc'><strong>229</strong></span> 
     </span>
    </p>
   </div>
   <div class='ocr_carea' id='block_1_2' title="bbox 146 559 1395 4655">
    <p class='ocr_par' dir='ltr' id='par_1_2' title="bbox 146 559 1395 4655">
     <span class='ocr_line' id='line_1_2' title="bbox 147 559 1392 634; baseline -0.002 -16"><span class='ocrx_word' id='word_1_3' title='bbox 147 565 221 634; x_wconf 79' lang='lat' dir='ltr'><strong>regis</strong></span> <span class='ocrx_word' id='word_1_4' title='bbox 240 564 376 618; x_wconf 84' lang='lat' dir='ltr'><strong>alienatas</strong></span> <span class='ocrx_word' id='word_1_5' title='bbox 394 562 552 632; x_wconf 82' lang='lat' dir='ltr'><strong>vindicaret,</strong></span> <span class='ocrx_word' id='word_1_6' title='bbox 571 561 682 618; x_wconf 87' lang='lat' dir='ltr'><strong>tandem</strong></span> <span class='ocrx_word' id='word_1_7' title='bbox 702 561 828 616; x_wconf 77' lang='lat' dir='ltr'><strong>Andreae</strong></span> <span class='ocrx_word' id='word_1_8' title='bbox 846 577 940 616; x_wconf 89' lang='lat' dir='ltr'><strong>comes</strong></span> <span class='ocrx_word' id='word_1_9' title='bbox 958 559 1153 617; x_wconf 86' lang='lat' dir='ltr'><strong>Varasdiensis</strong></span> <span class='ocrx_word' id='word_1_10' title='bbox 1181 567 1209 616; x_wconf 90' lang='lat' dir='ltr'><strong>et</strong></span> <span class='ocrx_word' id='word_1_11' title='bbox 1233 577 1328 616; x_wconf 88' lang='lat' dir='ltr'><strong>omnes</strong></span> <span class='ocrx_word' id='word_1_12' title='bbox 1349 560 1392 630; x_wconf 86' lang='lat' dir='ltr'><strong>jo·</strong></span> 
     </span>
     <span class='ocr_line' id='line_1_3' title="bbox 151 647 1389 722; baseline -0.002 -17"><span class='ocrx_word' id='word_1_13' title='bbox 151 651 288 722; x_wconf 79' lang='lat' dir='ltr'><strong>hagiones</strong></span> <span class='ocrx_word' id='word_1_14' title='bbox 306 651 388 706; x_wconf 88' lang='lat' dir='ltr'><strong>castri</strong></span> <span class='ocrx_word' id='word_1_15' title='bbox 407 650 511 706; x_wconf 86' lang='lat' dir='ltr'><strong>scilicet</strong></span> <span class='ocrx_word' id='word_1_16' title='bbox 529 649 669 704; x_wconf 87' lang='lat' dir='ltr'><strong>Martinus</strong></span> <span class='ocrx_word' id='word_1_17' title='bbox 688 647 813 720; x_wconf 89' lang='lat' dir='ltr'><strong>Volpoth</strong></span> <span class='ocrx_word' id='word_1_18' title='bbox 835 649 910 704; x_wconf 89' lang='lat' dir='ltr'><strong>filius</strong></span> <span class='ocrx_word' id='word_1_19' title='bbox 934 647 1064 712; x_wconf 82' lang='lat' dir='ltr'><strong>Jeaduse,</strong></span> <span class='ocrx_word' id='word_1_20' title='bbox 1087 648 1193 703; x_wconf 87' lang='lat' dir='ltr'><strong>Paulus</strong></span> <span class='ocrx_word' id='word_1_21' title='bbox 1218 647 1291 703; x_wconf 86' lang='lat' dir='ltr'><strong>tilius</strong></span> <span class='ocrx_word' id='word_1_22' title='bbox 1317 648 1389 702; x_wconf 92' lang='lat' dir='ltr'><strong>Pose</strong></span> 
     </span>
     <span class='ocr_line' id='line_1_4' title="bbox 147 735 1392 804; baseline -0.005 -10"><span class='ocrx_word' id='word_1_23' title='bbox 147 737 314 794; x_wconf 88' lang='lat' dir='ltr'><strong>Joachimus</strong></span> <span class='ocrx_word' id='word_1_24' title='bbox 334 738 408 792; x_wconf 87' lang='lat' dir='ltr'><strong>tilius</strong></span> <span class='ocrx_word' id='word_1_25' title='bbox 426 737 564 804; x_wconf 89' lang='lat' dir='ltr'><strong>Orancha,</strong></span> <span class='ocrx_word' id='word_1_26' title='bbox 583 736 761 804; x_wconf 84' lang='lat' dir='ltr'><strong>Fulchumar,</strong></span> <span class='ocrx_word' id='word_1_27' title='bbox 786 735 904 792; x_wconf 79' lang='lat' dir='ltr'><strong>Samasla</strong></span> <span class='ocrx_word' id='word_1_28' title='bbox 929 735 1003 790; x_wconf 86' lang='lat' dir='ltr'><strong>filius</strong></span> <span class='ocrx_word' id='word_1_29' title='bbox 1024 735 1155 802; x_wconf 76' lang='lat' dir='ltr'><strong>Thema,</strong></span> <span class='ocrx_word' id='word_1_30' title='bbox 1180 735 1296 790; x_wconf 85' lang='lat' dir='ltr'><strong>Rincbia</strong></span> <span class='ocrx_word' id='word_1_31' title='bbox 1319 735 1392 789; x_wconf 83' lang='lat' dir='ltr'><strong>lilius</strong></span> 
     </span>
     <span class='ocr_line' id='line_1_5' title="bbox 147 822 1392 892; baseline -0.002 -12"><span class='ocrx_word' id='word_1_32' title='bbox 147 825 231 892; x_wconf 83' lang='lat' dir='ltr'><strong>Rink,</strong></span> <span class='ocrx_word' id='word_1_33' title='bbox 250 824 353 880; x_wconf 82' lang='lat' dir='ltr'><strong>Vlchilr</strong></span> <span class='ocrx_word' id='word_1_34' title='bbox 372 825 446 880; x_wconf 89' lang='lat' dir='ltr'><strong>filios</strong></span> <span class='ocrx_word' id='word_1_35' title='bbox 464 825 538 892; x_wconf 88' lang='lat' dir='ltr'><strong>Isau,</strong></span> <span class='ocrx_word' id='word_1_36' title='bbox 557 824 691 879; x_wconf 83' lang='lat' dir='ltr'><strong>Volcoalo</strong></span> <span class='ocrx_word' id='word_1_37' title='bbox 711 823 787 878; x_wconf 86' lang='lat' dir='ltr'><strong>filius</strong></span> <span class='ocrx_word' id='word_1_38' title='bbox 800 823 927 890; x_wconf 85' lang='lat' dir='ltr'><strong>Srobina,</strong></span> <span class='ocrx_word' id='word_1_39' title='bbox 941 823 1098 878; x_wconf 85' lang='lat' dir='ltr'><strong>Demetrius</strong></span> <span class='ocrx_word' id='word_1_40' title='bbox 1111 822 1185 878; x_wconf 83' lang='lat' dir='ltr'><strong>filius</strong></span> <span class='ocrx_word' id='word_1_41' title='bbox 1198 823 1267 890; x_wconf 82' lang='lat' dir='ltr'><strong>ejue,</strong></span> <span class='ocrx_word' id='word_1_42' title='bbox 1282 823 1392 890; x_wconf 84' lang='lat' dir='ltr'><strong>Atuzlo,</strong></span> 
     </span>
     <span class='ocr_line' id='line_1_6' title="bbox 147 910 1394 982; baseline -0.004 -14"><span class='ocrx_word' id='word_1_43' title='bbox 147 915 222 969; x_wconf 88' lang='lat' dir='ltr'><strong>iilius</strong></span> <span class='ocrx_word' id='word_1_44' title='bbox 251 916 321 979; x_wconf 80' lang='lat' dir='ltr'><strong>Ata,</strong></span> <span class='ocrx_word' id='word_1_45' title='bbox 349 913 487 968; x_wconf 85' lang='lat' dir='ltr'><strong>Martinus</strong></span> <span class='ocrx_word' id='word_1_46' title='bbox 514 913 588 966; x_wconf 83' lang='lat' dir='ltr'><strong>iilius</strong></span> <span class='ocrx_word' id='word_1_47' title='bbox 612 911 708 979; x_wconf 85' lang='lat' dir='ltr'><strong>Zulclr,</strong></span> <span class='ocrx_word' id='word_1_48' title='bbox 732 911 822 968; x_wconf 85' lang='lat' dir='ltr'><strong>vocati</strong></span> <span class='ocrx_word' id='word_1_49' title='bbox 843 911 1008 982; x_wconf 80' lang='lat' dir='ltr'><strong>jobagionee</strong></span> <span class='ocrx_word' id='word_1_50' title='bbox 1032 911 1115 966; x_wconf 80' lang='lat' dir='ltr'><strong>castri</strong></span> <span class='ocrx_word' id='word_1_51' title='bbox 1140 910 1338 976; x_wconf 83' lang='lat' dir='ltr'><strong>varaedienais;</strong></span> <span class='ocrx_word' id='word_1_52' title='bbox 1366 915 1394 964; x_wconf 85' lang='lat' dir='ltr'><strong>et</strong></span> 
     </span>
     <span class='ocr_line' id='line_1_7' title="bbox 148 995 1393 1072; baseline -0.005 -16"><span class='ocrx_word' id='word_1_53' title='bbox 148 1001 316 1069; x_wconf 78' lang='lat' dir='ltr'><strong>Benedictus</strong></span> <span class='ocrx_word' id='word_1_54' title='bbox 341 999 476 1072; x_wconf 77' lang='lat' dir='ltr'><strong>volpella,</strong></span> <span class='ocrx_word' id='word_1_55' title='bbox 499 1000 639 1066; x_wconf 83' lang='lat' dir='ltr'><strong>Salamon,</strong></span> <span class='ocrx_word' id='word_1_56' title='bbox 665 998 789 1070; x_wconf 82' lang='lat' dir='ltr'><strong>Stephon</strong></span> <span class='ocrx_word' id='word_1_57' title='bbox 813 998 888 1053; x_wconf 86' lang='lat' dir='ltr'><strong>filius</strong></span> <span class='ocrx_word' id='word_1_58' title='bbox 914 998 1036 1065; x_wconf 83' lang='lat' dir='ltr'><strong>Rochus,</strong></span> <span class='ocrx_word' id='word_1_59' title='bbox 1061 996 1139 1052; x_wconf 83' lang='lat' dir='ltr'><strong>Benl</strong></span> <span class='ocrx_word' id='word_1_60' title='bbox 1164 1003 1193 1052; x_wconf 90' lang='lat' dir='ltr'><strong>et</strong></span> <span class='ocrx_word' id='word_1_61' title='bbox 1214 998 1281 1052; x_wconf 88' lang='lat' dir='ltr'><strong>Isan</strong></span> <span class='ocrx_word' id='word_1_62' title='bbox 1310 995 1393 1050; x_wconf 84' lang='lat' dir='ltr'><strong>irater</strong></span> 
     </span>
     <span class='ocr_line' id='line_1_8' title="bbox 147 1083 1393 1160; baseline -0.006 -16"><span class='ocrx_word' id='word_1_63' title='bbox 147 1090 218 1160; x_wconf 86' lang='lat' dir='ltr'><strong>ejus,</strong></span> <span class='ocrx_word' id='word_1_64' title='bbox 236 1088 307 1143; x_wconf 83' lang='lat' dir='ltr'><strong>Ivan</strong></span> <span class='ocrx_word' id='word_1_65' title='bbox 325 1087 400 1142; x_wconf 81' lang='lat' dir='ltr'><strong>filius</strong></span> <span class='ocrx_word' id='word_1_66' title='bbox 418 1087 549 1144; x_wconf 80' lang='lat' dir='ltr'><strong>Onesalai</strong></span> <span class='ocrx_word' id='word_1_67' title='bbox 565 1086 732 1158; x_wconf 78' lang='lat' dir='ltr'><strong>jobagionea</strong></span> <span class='ocrx_word' id='word_1_68' title='bbox 754 1087 836 1141; x_wconf 86' lang='lat' dir='ltr'><strong>castri</strong></span> <span class='ocrx_word' id='word_1_69' title='bbox 860 1085 895 1141; x_wconf 88' lang='lat' dir='ltr'><strong>de</strong></span> <span class='ocrx_word' id='word_1_70' title='bbox 917 1085 1043 1156; x_wconf 59' lang='lat' dir='ltr'><strong>Zagora,</strong></span> <span class='ocrx_word' id='word_1_71' title='bbox 1068 1089 1155 1140; x_wconf 84' lang='lat' dir='ltr'><strong>terras</strong></span> <span class='ocrx_word' id='word_1_72' title='bbox 1180 1084 1300 1138; x_wconf 87' lang='lat' dir='ltr'><strong>liliorum</strong></span> <span class='ocrx_word' id='word_1_73' title='bbox 1325 1083 1393 1138; x_wconf 82' lang='lat' dir='ltr'><strong>Sellr</strong></span> 
     </span>
     <span class='ocr_line' id='line_1_9' title="bbox 147 1171 1393 1242; baseline -0.003 -10"><span class='ocrx_word' id='word_1_74' title='bbox 147 1177 255 1232; x_wconf 90' lang='lat' dir='ltr'><strong>scilicet</strong></span> <span class='ocrx_word' id='word_1_75' title='bbox 273 1175 399 1242; x_wconf 86' lang='lat' dir='ltr'><strong>Brauich,</strong></span> <span class='ocrx_word' id='word_1_76' title='bbox 427 1174 495 1230; x_wconf 82' lang='lat' dir='ltr'><strong>Selk</strong></span> <span class='ocrx_word' id='word_1_77' title='bbox 522 1181 550 1230; x_wconf 86' lang='lat' dir='ltr'><strong>et</strong></span> <span class='ocrx_word' id='word_1_78' title='bbox 573 1174 637 1229; x_wconf 87' lang='lat' dir='ltr'><strong>Elia</strong></span> <span class='ocrx_word' id='word_1_79' title='bbox 661 1173 710 1228; x_wconf 90' lang='lat' dir='ltr'><strong>filii</strong></span> <span class='ocrx_word' id='word_1_80' title='bbox 735 1174 837 1229; x_wconf 84' lang='lat' dir='ltr'><strong>Ivanco</strong></span> <span class='ocrx_word' id='word_1_81' title='bbox 861 1174 973 1230; x_wconf 91' lang='lat' dir='ltr'><strong>nomine</strong></span> <span class='ocrx_word' id='word_1_82' title='bbox 996 1173 1078 1228; x_wconf 84' lang='lat' dir='ltr'><strong>castri</strong></span> <span class='ocrx_word' id='word_1_83' title='bbox 1103 1179 1160 1228; x_wconf 90' lang='lat' dir='ltr'><strong>tam</strong></span> <span class='ocrx_word' id='word_1_84' title='bbox 1187 1173 1215 1226; x_wconf 94' lang='lat' dir='ltr'><strong>in</strong></span> <span class='ocrx_word' id='word_1_85' title='bbox 1234 1171 1393 1228; x_wconf 85' lang='lat' dir='ltr'><strong>Vernadino</strong></span> 
     </span>
     <span class='ocr_line' id='line_1_10' title="bbox 147 1259 1392 1334; baseline -0.005 -16"><span class='ocrx_word' id='word_1_86' title='bbox 147 1280 234 1334; x_wconf 87' lang='lat' dir='ltr'><strong>quam</strong></span> <span class='ocrx_word' id='word_1_87' title='bbox 253 1264 281 1317; x_wconf 93' lang='lat' dir='ltr'><strong>in</strong></span> <span class='ocrx_word' id='word_1_88' title='bbox 300 1263 418 1334; x_wconf 81' lang='lat' dir='ltr'><strong>Zagoria</strong></span> <span class='ocrx_word' id='word_1_89' title='bbox 436 1261 685 1318; x_wconf 82' lang='lat' dir='ltr'><strong>reambulaverunt</strong></span> <span class='ocrx_word' id='word_1_90' title='bbox 705 1262 769 1328; x_wconf 82' lang='lat' dir='ltr'><strong>Qua</strong></span> <span class='ocrx_word' id='word_1_91' title='bbox 787 1262 933 1317; x_wconf 79' lang='lat' dir='ltr'><strong>occasione</strong></span> <span class='ocrx_word' id='word_1_92' title='bbox 952 1261 1078 1316; x_wconf 78' lang='lat' dir='ltr'><strong>Andreas</strong></span> <span class='ocrx_word' id='word_1_93' title='bbox 1096 1277 1190 1316; x_wconf 89' lang='lat' dir='ltr'><strong>comes</strong></span> <span class='ocrx_word' id='word_1_94' title='bbox 1207 1259 1392 1316; x_wconf 78' lang='lat' dir='ltr'><strong>sarasdiensia</strong></span> 
     </span>
     <span class='ocr_line' id='line_1_11' title="bbox 149 1346 1392 1420; baseline -0.004 -14"><span class='ocrx_word' id='word_1_95' title='bbox 149 1367 214 1406; x_wconf 88' lang='lat' dir='ltr'><strong>enm</strong></span> <span class='ocrx_word' id='word_1_96' title='bbox 234 1349 364 1405; x_wconf 89' lang='lat' dir='ltr'><strong>omnibus</strong></span> <span class='ocrx_word' id='word_1_97' title='bbox 378 1349 579 1420; x_wconf 87' lang='lat' dir='ltr'><strong>j0bagionibus</strong></span> <span class='ocrx_word' id='word_1_98' title='bbox 603 1350 684 1404; x_wconf 80' lang='lat' dir='ltr'><strong>castri</strong></span> <span class='ocrx_word' id='word_1_99' title='bbox 709 1349 843 1420; x_wconf 87' lang='lat' dir='ltr'><strong>quasdam</strong></span> <span class='ocrx_word' id='word_1_100' title='bbox 867 1355 955 1405; x_wconf 86' lang='lat' dir='ltr'><strong>terras</strong></span> <span class='ocrx_word' id='word_1_101' title='bbox 974 1365 990 1404; x_wconf 90' lang='lat' dir='ltr'><strong>a</strong></span> <span class='ocrx_word' id='word_1_102' title='bbox 1008 1349 1073 1403; x_wconf 87' lang='lat' dir='ltr'><strong>filiis</strong></span> <span class='ocrx_word' id='word_1_103' title='bbox 1091 1349 1158 1405; x_wconf 83' lang='lat' dir='ltr'><strong>Selk</strong></span> <span class='ocrx_word' id='word_1_104' title='bbox 1176 1353 1339 1419; x_wconf 87' lang='lat' dir='ltr'><strong>receperunt</strong></span> <span class='ocrx_word' id='word_1_105' title='bbox 1357 1346 1392 1402; x_wconf 90' lang='lat' dir='ltr'><strong>ad</strong></span> 
     </span>
     <span class='ocr_line' id='line_1_12' title="bbox 150 1435 1393 1508; baseline -0.002 -15"><span class='ocrx_word' id='word_1_106' title='bbox 150 1443 283 1506; x_wconf 88' lang='lat' dir='ltr'><strong>castrum,</strong></span> <span class='ocrx_word' id='word_1_107' title='bbox 301 1454 371 1508; x_wconf 87' lang='lat' dir='ltr'><strong>quas</strong></span> <span class='ocrx_word' id='word_1_108' title='bbox 389 1437 529 1492; x_wconf 81' lang='lat' dir='ltr'><strong>sciverunt</strong></span> <span class='ocrx_word' id='word_1_109' title='bbox 546 1452 607 1491; x_wconf 88' lang='lat' dir='ltr'><strong>esse</strong></span> <span class='ocrx_word' id='word_1_110' title='bbox 626 1437 716 1505; x_wconf 82' lang='lat' dir='ltr'><strong>castri,</strong></span> <span class='ocrx_word' id='word_1_111' title='bbox 742 1437 811 1492; x_wconf 82' lang='lat' dir='ltr'><strong>alias</strong></span> <span class='ocrx_word' id='word_1_112' title='bbox 835 1436 1041 1506; x_wconf 77' lang='lat' dir='ltr'><strong>haereditarias,</strong></span> <span class='ocrx_word' id='word_1_113' title='bbox 1065 1437 1204 1507; x_wconf 81' lang='lat' dir='ltr'><strong>emptitias</strong></span> <span class='ocrx_word' id='word_1_114' title='bbox 1228 1440 1256 1490; x_wconf 90' lang='lat' dir='ltr'><strong>et</strong></span> <span class='ocrx_word' id='word_1_115' title='bbox 1279 1435 1393 1491; x_wconf 88' lang='lat' dir='ltr'><strong>donata·</strong></span> 
     </span>
     <span class='ocr_line' id='line_1_13' title="bbox 147 1521 1392 1596; baseline -0.003 -16"><span class='ocrx_word' id='word_1_116' title='bbox 147 1527 232 1580; x_wconf 85' lang='lat' dir='ltr'><strong>tariae</strong></span> <span class='ocrx_word' id='word_1_117' title='bbox 250 1524 432 1595; x_wconf 86' lang='lat' dir='ltr'><strong>relinquendo</strong></span> <span class='ocrx_word' id='word_1_118' title='bbox 452 1541 537 1596; x_wconf 87' lang='lat' dir='ltr'><strong>penes</strong></span> <span class='ocrx_word' id='word_1_119' title='bbox 556 1541 613 1580; x_wconf 88' lang='lat' dir='ltr'><strong>eos.</strong></span> <span class='ocrx_word' id='word_1_120' title='bbox 632 1525 769 1592; x_wconf 79' lang='lat' dir='ltr'><strong>Quocirca</strong></span> <span class='ocrx_word' id='word_1_121' title='bbox 787 1525 861 1580; x_wconf 85' lang='lat' dir='ltr'><strong>misit</strong></span> <span class='ocrx_word' id='word_1_122' title='bbox 879 1524 952 1580; x_wconf 91' lang='lat' dir='ltr'><strong>idem</strong></span> <span class='ocrx_word' id='word_1_123' title='bbox 971 1524 1061 1578; x_wconf 90' lang='lat' dir='ltr'><strong>banus</strong></span> <span class='ocrx_word' id='word_1_124' title='bbox 1088 1523 1214 1578; x_wconf 88' lang='lat' dir='ltr'><strong>homines</strong></span> <span class='ocrx_word' id='word_1_125' title='bbox 1242 1537 1309 1576; x_wconf 87' lang='lat' dir='ltr'><strong>suos</strong></span> <span class='ocrx_word' id='word_1_126' title='bbox 1327 1521 1392 1576; x_wconf 84' lang='lat' dir='ltr'><strong>Ale·</strong></span> 
     </span>
     <span class='ocr_line' id='line_1_14' title="bbox 149 1610 1390 1679; baseline -0.003 -13"><span class='ocrx_word' id='word_1_127' title='bbox 149 1613 226 1669; x_wconf 84' lang='lat' dir='ltr'><strong>xium</strong></span> <span class='ocrx_word' id='word_1_128' title='bbox 246 1618 275 1668; x_wconf 90' lang='lat' dir='ltr'><strong>et</strong></span> <span class='ocrx_word' id='word_1_129' title='bbox 292 1613 475 1679; x_wconf 77' lang='lat' dir='ltr'><strong>Hemonam,</strong></span> <span class='ocrx_word' id='word_1_130' title='bbox 495 1629 551 1666; x_wconf 89' lang='lat' dir='ltr'><strong>una</strong></span> <span class='ocrx_word' id='word_1_131' title='bbox 568 1629 633 1667; x_wconf 92' lang='lat' dir='ltr'><strong>cum</strong></span> <span class='ocrx_word' id='word_1_132' title='bbox 649 1612 760 1667; x_wconf 91' lang='lat' dir='ltr'><strong>homine</strong></span> <span class='ocrx_word' id='word_1_133' title='bbox 780 1613 908 1667; x_wconf 82' lang='lat' dir='ltr'><strong>Andreae</strong></span> <span class='ocrx_word' id='word_1_134' title='bbox 925 1613 1033 1668; x_wconf 81' lang='lat' dir='ltr'><strong>comitis</strong></span> <span class='ocrx_word' id='word_1_135' title='bbox 1052 1610 1264 1676; x_wconf 80' lang='lat' dir='ltr'><strong>varaadinensis‚</strong></span> <span class='ocrx_word' id='word_1_136' title='bbox 1283 1615 1390 1664; x_wconf 88' lang='lat' dir='ltr'><strong>etcum</strong></span> 
     </span>
     <span class='ocr_line' id='line_1_15' title="bbox 146 1692 1391 1771; baseline -0.004 -16"><span class='ocrx_word' id='word_1_137' title='bbox 146 1699 349 1771; x_wconf 79' lang='lat' dir='ltr'><strong>J&#39;obagionibue</strong></span> <span class='ocrx_word' id='word_1_138' title='bbox 366 1700 449 1754; x_wconf 82' lang='lat' dir='ltr'><strong>castri</strong></span> <span class='ocrx_word' id='word_1_139' title='bbox 474 1699 509 1754; x_wconf 92' lang='lat' dir='ltr'><strong>ad</strong></span> <span class='ocrx_word' id='word_1_140' title='bbox 534 1705 620 1753; x_wconf 88' lang='lat' dir='ltr'><strong>terras</strong></span> <span class='ocrx_word' id='word_1_141' title='bbox 643 1699 763 1755; x_wconf 89' lang='lat' dir='ltr'><strong>filiorum</strong></span> <span class='ocrx_word' id='word_1_142' title='bbox 788 1699 856 1756; x_wconf 81' lang='lat' dir='ltr'><strong>Selk</strong></span> <span class='ocrx_word' id='word_1_143' title='bbox 880 1715 952 1771; x_wconf 85' lang='lat' dir='ltr'><strong>quae</strong></span> <span class='ocrx_word' id='word_1_144' title='bbox 966 1692 1017 1754; x_wconf 80' lang='lat' dir='ltr'><strong>&#39;eia</strong></span> <span class='ocrx_word' id='word_1_145' title='bbox 1042 1700 1071 1754; x_wconf 92' lang='lat' dir='ltr'><strong>in</strong></span> <span class='ocrx_word' id='word_1_146' title='bbox 1099 1715 1167 1769; x_wconf 89' lang='lat' dir='ltr'><strong>pace</strong></span> <span class='ocrx_word' id='word_1_147' title='bbox 1194 1702 1391 1762; x_wconf 84' lang='lat' dir='ltr'><strong>remanserunt,</strong></span> 
     </span>
     <span class='ocr_line' id='line_1_16' title="bbox 148 1783 1391 1859; baseline -0.005 -18"><span class='ocrx_word' id='word_1_148' title='bbox 148 1803 268 1857; x_wconf 84' lang='lat' dir='ltr'><strong>quarum</strong></span> <span class='ocrx_word' id='word_1_149' title='bbox 286 1793 421 1841; x_wconf 86' lang='lat' dir='ltr'><strong>terrarum</strong></span> <span class='ocrx_word' id='word_1_150' title='bbox 440 1791 528 1841; x_wconf 85' lang='lat' dir='ltr'><strong>metas</strong></span> <span class='ocrx_word' id='word_1_151' title='bbox 547 1786 574 1840; x_wconf 93' lang='lat' dir='ltr'><strong>in</strong></span> <span class='ocrx_word' id='word_1_152' title='bbox 594 1787 703 1858; x_wconf 89' lang='lat' dir='ltr'><strong>scriptis</strong></span> <span class='ocrx_word' id='word_1_153' title='bbox 723 1793 911 1859; x_wconf 85' lang='lat' dir='ltr'><strong>portaverunt.</strong></span> <span class='ocrx_word' id='word_1_154' title='bbox 929 1787 1023 1842; x_wconf 88' lang='lat' dir='ltr'><strong>Prima</strong></span> <span class='ocrx_word' id='word_1_155' title='bbox 1047 1786 1130 1856; x_wconf 81' lang='lat' dir='ltr'><strong>igitur</strong></span> <span class='ocrx_word' id='word_1_156' title='bbox 1154 1786 1181 1839; x_wconf 93' lang='lat' dir='ltr'><strong>in</strong></span> <span class='ocrx_word' id='word_1_157' title='bbox 1206 1785 1326 1855; x_wconf 79' lang='lat' dir='ltr'><strong>Zagoria</strong></span> <span class='ocrx_word' id='word_1_158' title='bbox 1352 1783 1391 1836; x_wconf 90' lang='lat' dir='ltr'><strong>in-</strong></span> 
     </span>
     <span class='ocr_line' id='line_1_17' title="bbox 147 1870 1392 1945; baseline -0.004 -16"><span class='ocrx_word' id='word_1_159' title='bbox 147 1874 216 1945; x_wconf 80' lang='lat' dir='ltr'><strong>cipit</strong></span> <span class='ocrx_word' id='word_1_160' title='bbox 234 1873 271 1927; x_wconf 89' lang='lat' dir='ltr'><strong>ab</strong></span> <span class='ocrx_word' id='word_1_161' title='bbox 288 1874 419 1944; x_wconf 88' lang='lat' dir='ltr'><strong>aquilone</strong></span> <span class='ocrx_word' id='word_1_162' title='bbox 438 1873 472 1928; x_wconf 87' lang='lat' dir='ltr'><strong>de</strong></span> <span class='ocrx_word' id='word_1_163' title='bbox 491 1873 575 1930; x_wconf 76' lang='lat' dir='ltr'><strong>fluuio</strong></span> <span class='ocrx_word' id='word_1_164' title='bbox 594 1873 748 1945; x_wconf 81' lang='lat' dir='ltr'><strong>Hugvieza,</strong></span> <span class='ocrx_word' id='word_1_165' title='bbox 766 1875 831 1930; x_wconf 91' lang='lat' dir='ltr'><strong>inde</strong></span> <span class='ocrx_word' id='word_1_166' title='bbox 851 1874 939 1930; x_wconf 88' lang='lat' dir='ltr'><strong>tendit</strong></span> <span class='ocrx_word' id='word_1_167' title='bbox 950 1874 985 1929; x_wconf 89' lang='lat' dir='ltr'><strong>ad</strong></span> <span class='ocrx_word' id='word_1_168' title='bbox 999 1890 1129 1944; x_wconf 84' lang='lat' dir='ltr'><strong>magnam</strong></span> <span class='ocrx_word' id='word_1_169' title='bbox 1143 1873 1214 1927; x_wconf 86' lang='lat' dir='ltr'><strong>viam</strong></span> <span class='ocrx_word' id='word_1_170' title='bbox 1228 1879 1255 1926; x_wconf 90' lang='lat' dir='ltr'><strong>et</strong></span> <span class='ocrx_word' id='word_1_171' title='bbox 1268 1870 1392 1926; x_wconf 87' lang='lat' dir='ltr'><strong>escendit</strong></span> 
     </span>
     <span class='ocr_line' id='line_1_18' title="bbox 150 1958 1390 2032; baseline -0.004 -16"><span class='ocrx_word' id='word_1_172' title='bbox 150 1967 285 2030; x_wconf 87' lang='lat' dir='ltr'><strong>montem,</strong></span> <span class='ocrx_word' id='word_1_173' title='bbox 304 1961 340 2016; x_wconf 92' lang='lat' dir='ltr'><strong>ab</strong></span> <span class='ocrx_word' id='word_1_174' title='bbox 359 1962 463 2017; x_wconf 85' lang='lat' dir='ltr'><strong>oriente</strong></span> <span class='ocrx_word' id='word_1_175' title='bbox 481 1967 547 2016; x_wconf 90' lang='lat' dir='ltr'><strong>sunt</strong></span> <span class='ocrx_word' id='word_1_176' title='bbox 565 1967 653 2015; x_wconf 87' lang='lat' dir='ltr'><strong>terrae</strong></span> <span class='ocrx_word' id='word_1_177' title='bbox 674 1961 801 2032; x_wconf 84' lang='lat' dir='ltr'><strong>Gregorii</strong></span> <span class='ocrx_word' id='word_1_178' title='bbox 819 1961 869 2016; x_wconf 89' lang='lat' dir='ltr'><strong>filii</strong></span> <span class='ocrx_word' id='word_1_179' title='bbox 892 1962 1040 2030; x_wconf 86' lang='lat' dir='ltr'><strong>Abramae,</strong></span> <span class='ocrx_word' id='word_1_180' title='bbox 1058 1961 1094 2015; x_wconf 87' lang='lat' dir='ltr'><strong>ab</strong></span> <span class='ocrx_word' id='word_1_181' title='bbox 1113 1959 1254 2016; x_wconf 83' lang='lat' dir='ltr'><strong>occidente</strong></span> <span class='ocrx_word' id='word_1_182' title='bbox 1272 1958 1390 2012; x_wconf 86' lang='lat' dir='ltr'><strong>filiorum</strong></span> 
     </span>
     <span class='ocr_line' id='line_1_19' title="bbox 147 2047 1390 2120; baseline -0.002 -16"><span class='ocrx_word' id='word_1_183' title='bbox 147 2047 225 2104; x_wconf 77' lang='lat' dir='ltr'><strong>Sella.</strong></span> <span class='ocrx_word' id='word_1_184' title='bbox 245 2047 347 2104; x_wconf 86' lang='lat' dir='ltr'><strong>Eundo</strong></span> <span class='ocrx_word' id='word_1_185' title='bbox 365 2065 416 2120; x_wconf 88' lang='lat' dir='ltr'><strong>per</strong></span> <span class='ocrx_word' id='word_1_186' title='bbox 434 2049 524 2104; x_wconf 85' lang='lat' dir='ltr'><strong>varias</strong></span> <span class='ocrx_word' id='word_1_187' title='bbox 542 2053 631 2104; x_wconf 87' lang='lat' dir='ltr'><strong>metas</strong></span> <span class='ocrx_word' id='word_1_188' title='bbox 656 2050 729 2104; x_wconf 83' lang='lat' dir='ltr'><strong>vonit</strong></span> <span class='ocrx_word' id='word_1_189' title='bbox 753 2051 789 2106; x_wconf 91' lang='lat' dir='ltr'><strong>ab</strong></span> <span class='ocrx_word' id='word_1_190' title='bbox 813 2051 917 2106; x_wconf 89' lang='lat' dir='ltr'><strong>oriente</strong></span> <span class='ocrx_word' id='word_1_191' title='bbox 942 2051 979 2106; x_wconf 89' lang='lat' dir='ltr'><strong>ad</strong></span> <span class='ocrx_word' id='word_1_192' title='bbox 1002 2059 1104 2105; x_wconf 87' lang='lat' dir='ltr'><strong>terram</strong></span> <span class='ocrx_word' id='word_1_193' title='bbox 1128 2049 1251 2106; x_wconf 84' lang='lat' dir='ltr'><strong>Farcaeii</strong></span> <span class='ocrx_word' id='word_1_194' title='bbox 1276 2049 1390 2104; x_wconf 86' lang='lat' dir='ltr'><strong>comitia.</strong></span> 
     </span>
     <span class='ocr_line' id='line_1_20' title="bbox 148 2136 1390 2194; baseline -0.002 -3"><span class='ocrx_word' id='word_1_195' title='bbox 148 2137 340 2191; x_wconf 86' lang='lat' dir='ltr'><strong>Commetstur</strong></span> <span class='ocrx_word' id='word_1_196' title='bbox 357 2137 440 2191; x_wconf 88' lang='lat' dir='ltr'><strong>etiam</strong></span> <span class='ocrx_word' id='word_1_197' title='bbox 459 2143 547 2191; x_wconf 86' lang='lat' dir='ltr'><strong>terrae</strong></span> <span class='ocrx_word' id='word_1_198' title='bbox 566 2136 698 2191; x_wconf 85' lang='lat' dir='ltr'><strong>ecclesiae</strong></span> <span class='ocrx_word' id='word_1_199' title='bbox 725 2137 754 2192; x_wconf 81' lang='lat' dir='ltr'><strong>S.</strong></span> <span class='ocrx_word' id='word_1_200' title='bbox 782 2137 927 2193; x_wconf 86' lang='lat' dir='ltr'><strong>Michaelis</strong></span> <span class='ocrx_word' id='word_1_201' title='bbox 950 2145 977 2193; x_wconf 87' lang='lat' dir='ltr'><strong>et</strong></span> <span class='ocrx_word' id='word_1_202' title='bbox 1001 2139 1124 2194; x_wconf 87' lang='lat' dir='ltr'><strong>Thomae</strong></span> <span class='ocrx_word' id='word_1_203' title='bbox 1149 2137 1197 2191; x_wconf 90' lang='lat' dir='ltr'><strong>filii</strong></span> <span class='ocrx_word' id='word_1_204' title='bbox 1222 2137 1306 2192; x_wconf 85' lang='lat' dir='ltr'><strong>Tunc</strong></span> <span class='ocrx_word' id='word_1_205' title='bbox 1337 2137 1390 2190; x_wconf 88' lang='lat' dir='ltr'><strong>Per</strong></span> 
     </span>
     <span class='ocr_line' id='line_1_21' title="bbox 147 2223 1389 2297; baseline -0.002 -19"><span class='ocrx_word' id='word_1_206' title='bbox 147 2223 238 2278; x_wconf 84' lang='lat' dir='ltr'><strong>varias</strong></span> <span class='ocrx_word' id='word_1_207' title='bbox 257 2228 345 2278; x_wconf 85' lang='lat' dir='ltr'><strong>metas</strong></span> <span class='ocrx_word' id='word_1_208' title='bbox 363 2231 465 2278; x_wconf 82' lang='lat' dir='ltr'><strong>terreas</strong></span> <span class='ocrx_word' id='word_1_209' title='bbox 486 2229 514 2277; x_wconf 87' lang='lat' dir='ltr'><strong>ot</strong></span> <span class='ocrx_word' id='word_1_210' title='bbox 531 2223 661 2278; x_wconf 89' lang='lat' dir='ltr'><strong>arboreas</strong></span> <span class='ocrx_word' id='word_1_211' title='bbox 674 2224 750 2278; x_wconf 87' lang='lat' dir='ltr'><strong>vadit</strong></span> <span class='ocrx_word' id='word_1_212' title='bbox 767 2223 803 2278; x_wconf 90' lang='lat' dir='ltr'><strong>ad</strong></span> <span class='ocrx_word' id='word_1_213' title='bbox 823 2231 937 2296; x_wconf 87' lang='lat' dir='ltr'><strong>partem,</strong></span> <span class='ocrx_word' id='word_1_214' title='bbox 954 2241 1026 2296; x_wconf 87' lang='lat' dir='ltr'><strong>quae</strong></span> <span class='ocrx_word' id='word_1_215' title='bbox 1037 2226 1163 2296; x_wconf 78' lang='lat' dir='ltr'><strong>‘pertinet</strong></span> <span class='ocrx_word' id='word_1_216' title='bbox 1175 2224 1286 2297; x_wconf 86' lang='lat' dir='ltr'><strong>populis</strong></span> <span class='ocrx_word' id='word_1_217' title='bbox 1305 2223 1389 2278; x_wconf 80' lang='lat' dir='ltr'><strong>castri</strong></span> 
     </span>
     <span class='ocr_line' id='line_1_22' title="bbox 147 2309 1392 2384; baseline -0.001 -18"><span class='ocrx_word' id='word_1_218' title='bbox 147 2309 183 2366; x_wconf 89' lang='lat' dir='ltr'><strong>de</strong></span> <span class='ocrx_word' id='word_1_219' title='bbox 208 2311 360 2378; x_wconf 84' lang='lat' dir='ltr'><strong>Sevencha,</strong></span> <span class='ocrx_word' id='word_1_220' title='bbox 380 2310 506 2366; x_wconf 86' lang='lat' dir='ltr'><strong>ascendit</strong></span> <span class='ocrx_word' id='word_1_221' title='bbox 523 2312 705 2366; x_wconf 89' lang='lat' dir='ltr'><strong>monticulum</strong></span> <span class='ocrx_word' id='word_1_222' title='bbox 723 2319 752 2366; x_wconf 86' lang='lat' dir='ltr'><strong>et</strong></span> <span class='ocrx_word' id='word_1_223' title='bbox 769 2314 918 2384; x_wconf 89' lang='lat' dir='ltr'><strong>pertransit</strong></span> <span class='ocrx_word' id='word_1_224' title='bbox 930 2314 1002 2368; x_wconf 89' lang='lat' dir='ltr'><strong>viam</strong></span> <span class='ocrx_word' id='word_1_225' title='bbox 1018 2313 1157 2368; x_wconf 80' lang='lat' dir='ltr'><strong>Sounicha</strong></span> <span class='ocrx_word' id='word_1_226' title='bbox 1176 2329 1225 2383; x_wconf 86' lang='lat' dir='ltr'><strong>per</strong></span> <span class='ocrx_word' id='word_1_227' title='bbox 1242 2310 1323 2366; x_wconf 87' lang='lat' dir='ltr'><strong>Berk.</strong></span> <span class='ocrx_word' id='word_1_228' title='bbox 1340 2311 1392 2365; x_wconf 92' lang='lat' dir='ltr'><strong>Po·</strong></span> 
     </span>
     <span class='ocr_line' id='line_1_23' title="bbox 147 2397 1390 2472; baseline -0.002 -19"><span class='ocrx_word' id='word_1_229' title='bbox 147 2399 281 2470; x_wconf 90' lang='lat' dir='ltr'><strong>pulornm</strong></span> <span class='ocrx_word' id='word_1_230' title='bbox 292 2399 373 2454; x_wconf 85' lang='lat' dir='ltr'><strong>castri</strong></span> <span class='ocrx_word' id='word_1_231' title='bbox 383 2397 528 2455; x_wconf 81' lang='lat' dir='ltr'><strong>Sevencha</strong></span> <span class='ocrx_word' id='word_1_232' title='bbox 541 2403 583 2453; x_wconf 88' lang='lat' dir='ltr'><strong>est</strong></span> <span class='ocrx_word' id='word_1_233' title='bbox 592 2399 678 2453; x_wconf 84' lang='lat' dir='ltr'><strong>Peius</strong></span> <span class='ocrx_word' id='word_1_234' title='bbox 690 2407 898 2467; x_wconf 83' lang='lat' dir='ltr'><strong>commetmeus,</strong></span> <span class='ocrx_word' id='word_1_235' title='bbox 918 2401 984 2455; x_wconf 88' lang='lat' dir='ltr'><strong>item</strong></span> <span class='ocrx_word' id='word_1_236' title='bbox 995 2399 1164 2472; x_wconf 86' lang='lat' dir='ltr'><strong>pervenitad</strong></span> <span class='ocrx_word' id='word_1_237' title='bbox 1175 2415 1305 2469; x_wconf 86' lang='lat' dir='ltr'><strong>magnam</strong></span> <span class='ocrx_word' id='word_1_238' title='bbox 1318 2398 1390 2451; x_wconf 87' lang='lat' dir='ltr'><strong>viam</strong></span> 
     </span>
     <span class='ocr_line' id='line_1_24' title="bbox 147 2486 1391 2557; baseline -0.002 -17"><span class='ocrx_word' id='word_1_239' title='bbox 147 2487 213 2542; x_wconf 90' lang='lat' dir='ltr'><strong>inde</strong></span> <span class='ocrx_word' id='word_1_240' title='bbox 223 2486 298 2542; x_wconf 81' lang='lat' dir='ltr'><strong>vadit</strong></span> <span class='ocrx_word' id='word_1_241' title='bbox 310 2487 337 2540; x_wconf 90' lang='lat' dir='ltr'><strong>in</strong></span> <span class='ocrx_word' id='word_1_242' title='bbox 350 2488 480 2557; x_wconf 86' lang='lat' dir='ltr'><strong>aquilone</strong></span> <span class='ocrx_word' id='word_1_243' title='bbox 490 2487 525 2542; x_wconf 91' lang='lat' dir='ltr'><strong>ad</strong></span> <span class='ocrx_word' id='word_1_244' title='bbox 535 2493 656 2542; x_wconf 87' lang='lat' dir='ltr'><strong>montem</strong></span> <span class='ocrx_word' id='word_1_245' title='bbox 670 2487 717 2556; x_wconf 88' lang='lat' dir='ltr'><strong>qui</strong></span> <span class='ocrx_word' id='word_1_246' title='bbox 727 2493 839 2542; x_wconf 87' lang='lat' dir='ltr'><strong>vocatur</strong></span> <span class='ocrx_word' id='word_1_247' title='bbox 848 2487 941 2542; x_wconf 87' lang='lat' dir='ltr'><strong>Locus</strong></span> <span class='ocrx_word' id='word_1_248' title='bbox 950 2487 1077 2555; x_wconf 86' lang='lat' dir='ltr'><strong>civitatis,</strong></span> <span class='ocrx_word' id='word_1_249' title='bbox 1091 2487 1137 2542; x_wconf 91' lang='lat' dir='ltr'><strong>nbi</strong></span> <span class='ocrx_word' id='word_1_250' title='bbox 1152 2487 1245 2541; x_wconf 86' lang='lat' dir='ltr'><strong>finitur</strong></span> <span class='ocrx_word' id='word_1_251' title='bbox 1257 2489 1330 2539; x_wconf 86' lang='lat' dir='ltr'><strong>meta</strong></span> <span class='ocrx_word' id='word_1_252' title='bbox 1339 2489 1391 2538; x_wconf 88' lang='lat' dir='ltr'><strong>ter·</strong></span> 
     </span>
     <span class='ocr_line' id='line_1_25' title="bbox 147 2573 1391 2642; baseline -0.003 -14"><span class='ocrx_word' id='word_1_253' title='bbox 147 2591 241 2630; x_wconf 87' lang='lat' dir='ltr'><strong>rarum</strong></span> <span class='ocrx_word' id='word_1_254' title='bbox 256 2575 341 2628; x_wconf 81' lang='lat' dir='ltr'><strong>Peius</strong></span> <span class='ocrx_word' id='word_1_255' title='bbox 354 2579 382 2629; x_wconf 87' lang='lat' dir='ltr'><strong>et</strong></span> <span class='ocrx_word' id='word_1_256' title='bbox 393 2581 436 2628; x_wconf 89' lang='lat' dir='ltr'><strong>est</strong></span> <span class='ocrx_word' id='word_1_257' title='bbox 449 2579 657 2629; x_wconf 86' lang='lat' dir='ltr'><strong>commetaneus</strong></span> <span class='ocrx_word' id='word_1_258' title='bbox 666 2573 782 2629; x_wconf 87' lang='lat' dir='ltr'><strong>Wlaslo.</strong></span> <span class='ocrx_word' id='word_1_259' title='bbox 795 2575 848 2628; x_wconf 91' lang='lat' dir='ltr'><strong>Per</strong></span> <span class='ocrx_word' id='word_1_260' title='bbox 861 2575 949 2630; x_wconf 88' lang='lat' dir='ltr'><strong>varias</strong></span> <span class='ocrx_word' id='word_1_261' title='bbox 961 2581 1048 2630; x_wconf 84' lang='lat' dir='ltr'><strong>metas</strong></span> <span class='ocrx_word' id='word_1_262' title='bbox 1061 2575 1204 2630; x_wconf 84' lang='lat' dir='ltr'><strong>descendit</strong></span> <span class='ocrx_word' id='word_1_263' title='bbox 1216 2575 1250 2628; x_wconf 88' lang='lat' dir='ltr'><strong>ad</strong></span> <span class='ocrx_word' id='word_1_264' title='bbox 1261 2588 1391 2642; x_wconf 84' lang='lat' dir='ltr'><strong>magnam</strong></span> 
     </span>
     <span class='ocr_line' id='line_1_26' title="bbox 148 2658 1391 2732; baseline -0.003 -16"><span class='ocrx_word' id='word_1_265' title='bbox 148 2663 222 2717; x_wconf 83' lang='lat' dir='ltr'><strong>viam</strong></span> <span class='ocrx_word' id='word_1_266' title='bbox 242 2661 379 2732; x_wconf 77' lang='lat' dir='ltr'><strong>Hugussa</strong></span> <span class='ocrx_word' id='word_1_267' title='bbox 397 2661 433 2718; x_wconf 88' lang='lat' dir='ltr'><strong>ad</strong></span> <span class='ocrx_word' id='word_1_268' title='bbox 453 2667 559 2732; x_wconf 85' lang='lat' dir='ltr'><strong>partem</strong></span> <span class='ocrx_word' id='word_1_269' title='bbox 578 2660 794 2716; x_wconf 78' lang='lat' dir='ltr'><strong>meridionalem.</strong></span> <span class='ocrx_word' id='word_1_270' title='bbox 813 2663 908 2717; x_wconf 85' lang='lat' dir='ltr'><strong>Metae</strong></span> <span class='ocrx_word' id='word_1_271' title='bbox 935 2667 1070 2716; x_wconf 87' lang='lat' dir='ltr'><strong>terrarum</strong></span> <span class='ocrx_word' id='word_1_272' title='bbox 1094 2662 1241 2718; x_wconf 78' lang='lat' dir='ltr'><strong>comitatus</strong></span> <span class='ocrx_word' id='word_1_273' title='bbox 1260 2658 1391 2714; x_wconf 81' lang='lat' dir='ltr'><strong>Varaedi-</strong></span> 
     </span>
     <span class='ocr_line' id='line_1_27' title="bbox 148 2747 1391 2822; baseline -0.003 -18"><span class='ocrx_word' id='word_1_274' title='bbox 148 2751 223 2804; x_wconf 86' lang='lat' dir='ltr'><strong>ensis</strong></span> <span class='ocrx_word' id='word_1_275' title='bbox 242 2749 379 2822; x_wconf 90' lang='lat' dir='ltr'><strong>incipiunt</strong></span> <span class='ocrx_word' id='word_1_276' title='bbox 396 2749 433 2805; x_wconf 85' lang='lat' dir='ltr'><strong>sb</strong></span> <span class='ocrx_word' id='word_1_277' title='bbox 451 2749 549 2804; x_wconf 86' lang='lat' dir='ltr'><strong>arbore</strong></span> <span class='ocrx_word' id='word_1_278' title='bbox 576 2749 695 2818; x_wconf 86' lang='lat' dir='ltr'><strong>geroian,</strong></span> <span class='ocrx_word' id='word_1_279' title='bbox 714 2749 750 2803; x_wconf 87' lang='lat' dir='ltr'><strong>ab</strong></span> <span class='ocrx_word' id='word_1_280' title='bbox 769 2749 910 2805; x_wconf 87' lang='lat' dir='ltr'><strong>occidente</strong></span> <span class='ocrx_word' id='word_1_281' title='bbox 933 2755 1021 2804; x_wconf 87' lang='lat' dir='ltr'><strong>terrae</strong></span> <span class='ocrx_word' id='word_1_282' title='bbox 1045 2749 1093 2804; x_wconf 87' lang='lat' dir='ltr'><strong>lilii</strong></span> <span class='ocrx_word' id='word_1_283' title='bbox 1112 2749 1200 2805; x_wconf 84' lang='lat' dir='ltr'><strong>Isaac.</strong></span> <span class='ocrx_word' id='word_1_284' title='bbox 1225 2749 1277 2804; x_wconf 88' lang='lat' dir='ltr'><strong>Per</strong></span> <span class='ocrx_word' id='word_1_285' title='bbox 1302 2747 1391 2802; x_wconf 81' lang='lat' dir='ltr'><strong>verice</strong></span> 
     </span>
     <span class='ocr_line' id='line_1_28' title="bbox 148 2834 1393 2908; baseline -0.002 -17"><span class='ocrx_word' id='word_1_286' title='bbox 148 2842 237 2891; x_wconf 81' lang='lat' dir='ltr'><strong>metas</strong></span> <span class='ocrx_word' id='word_1_287' title='bbox 256 2843 359 2891; x_wconf 82' lang='lat' dir='ltr'><strong>terreas</strong></span> <span class='ocrx_word' id='word_1_288' title='bbox 378 2843 405 2891; x_wconf 86' lang='lat' dir='ltr'><strong>et</strong></span> <span class='ocrx_word' id='word_1_289' title='bbox 423 2835 553 2891; x_wconf 84' lang='lat' dir='ltr'><strong>arboreae</strong></span> <span class='ocrx_word' id='word_1_290' title='bbox 572 2835 648 2892; x_wconf 81' lang='lat' dir='ltr'><strong>vadit</strong></span> <span class='ocrx_word' id='word_1_291' title='bbox 664 2835 692 2890; x_wconf 91' lang='lat' dir='ltr'><strong>in</strong></span> <span class='ocrx_word' id='word_1_292' title='bbox 711 2853 841 2908; x_wconf 87' lang='lat' dir='ltr'><strong>campum</strong></span> <span class='ocrx_word' id='word_1_293' title='bbox 861 2842 889 2891; x_wconf 88' lang='lat' dir='ltr'><strong>et</strong></span> <span class='ocrx_word' id='word_1_294' title='bbox 906 2838 977 2892; x_wconf 85' lang='lat' dir='ltr'><strong>inter</strong></span> <span class='ocrx_word' id='word_1_295' title='bbox 989 2854 1119 2908; x_wconf 88' lang='lat' dir='ltr'><strong>magnam</strong></span> <span class='ocrx_word' id='word_1_296' title='bbox 1132 2838 1205 2892; x_wconf 84' lang='lat' dir='ltr'><strong>viam</strong></span> <span class='ocrx_word' id='word_1_297' title='bbox 1221 2852 1294 2906; x_wconf 85' lang='lat' dir='ltr'><strong>quae</strong></span> <span class='ocrx_word' id='word_1_298' title='bbox 1305 2834 1393 2890; x_wconf 89' lang='lat' dir='ltr'><strong>tendit</strong></span> 
     </span>
     <span class='ocr_line' id='line_1_29' title="bbox 147 2923 1394 2992; baseline -0.003 -12"><span class='ocrx_word' id='word_1_299' title='bbox 147 2923 183 2980; x_wconf 87' lang='lat' dir='ltr'><strong>ad</strong></span> <span class='ocrx_word' id='word_1_300' title='bbox 205 2923 333 2990; x_wconf 88' lang='lat' dir='ltr'><strong>Vorosd;</strong></span> <span class='ocrx_word' id='word_1_301' title='bbox 351 2930 447 2980; x_wconf 85' lang='lat' dir='ltr'><strong>contra</strong></span> <span class='ocrx_word' id='word_1_302' title='bbox 465 2923 635 2979; x_wconf 87' lang='lat' dir='ltr'><strong>occidentem</strong></span> <span class='ocrx_word' id='word_1_303' title='bbox 655 2924 728 2978; x_wconf 84' lang='lat' dir='ltr'><strong>venit</strong></span> <span class='ocrx_word' id='word_1_304' title='bbox 746 2923 781 2978; x_wconf 88' lang='lat' dir='ltr'><strong>ad</strong></span> <span class='ocrx_word' id='word_1_305' title='bbox 799 2929 900 2980; x_wconf 84' lang='lat' dir='ltr'><strong>terram</strong></span> <span class='ocrx_word' id='word_1_306' title='bbox 917 2924 968 2978; x_wconf 86' lang='lat' dir='ltr'><strong>filii</strong></span> <span class='ocrx_word' id='word_1_307' title='bbox 987 2925 1059 2992; x_wconf 88' lang='lat' dir='ltr'><strong>isac,</strong></span> <span class='ocrx_word' id='word_1_308' title='bbox 1077 2929 1105 2979; x_wconf 88' lang='lat' dir='ltr'><strong>et</strong></span> <span class='ocrx_word' id='word_1_309' title='bbox 1126 2931 1169 2980; x_wconf 83' lang='lat' dir='ltr'><strong>eet</strong></span> <span class='ocrx_word' id='word_1_310' title='bbox 1187 2929 1394 2978; x_wconf 87' lang='lat' dir='ltr'><strong>commetaneua</strong></span> 
     </span>
     <span class='ocr_line' id='line_1_30' title="bbox 149 3009 1393 3084; baseline -0.002 -18"><span class='ocrx_word' id='word_1_311' title='bbox 149 3012 275 3078; x_wconf 90' lang='lat' dir='ltr'><strong>chhuc,</strong></span> <span class='ocrx_word' id='word_1_312' title='bbox 295 3017 321 3066; x_wconf 87' lang='lat' dir='ltr'><strong>et</strong></span> <span class='ocrx_word' id='word_1_313' title='bbox 340 3028 389 3082; x_wconf 84' lang='lat' dir='ltr'><strong>per</strong></span> <span class='ocrx_word' id='word_1_314' title='bbox 407 3027 535 3082; x_wconf 89' lang='lat' dir='ltr'><strong>campum</strong></span> <span class='ocrx_word' id='word_1_315' title='bbox 554 3011 655 3066; x_wconf 85' lang='lat' dir='ltr'><strong>civium</strong></span> <span class='ocrx_word' id='word_1_316' title='bbox 674 3011 751 3066; x_wconf 86' lang='lat' dir='ltr'><strong>iuxta</strong></span> <span class='ocrx_word' id='word_1_317' title='bbox 771 3009 881 3066; x_wconf 89' lang='lat' dir='ltr'><strong>Voroed</strong></span> <span class='ocrx_word' id='word_1_318' title='bbox 900 3011 1043 3084; x_wconf 90' lang='lat' dir='ltr'><strong>usquead</strong></span> <span class='ocrx_word' id='word_1_319' title='bbox 1062 3011 1206 3066; x_wconf 82' lang='lat' dir='ltr'><strong>fundatam</strong></span> <span class='ocrx_word' id='word_1_320' title='bbox 1219 3011 1292 3065; x_wconf 85' lang='lat' dir='ltr'><strong>viam</strong></span> <span class='ocrx_word' id='word_1_321' title='bbox 1304 3017 1332 3064; x_wconf 90' lang='lat' dir='ltr'><strong>et</strong></span> <span class='ocrx_word' id='word_1_322' title='bbox 1344 3027 1393 3081; x_wconf 91' lang='lat' dir='ltr'><strong>per</strong></span> 
     </span>
     <span class='ocr_line' id='line_1_31' title="bbox 149 3097 1394 3169; baseline -0.002 -15"><span class='ocrx_word' id='word_1_323' title='bbox 149 3103 252 3154; x_wconf 85' lang='lat' dir='ltr'><strong>terram</strong></span> <span class='ocrx_word' id='word_1_324' title='bbox 270 3097 352 3153; x_wconf 85' lang='lat' dir='ltr'><strong>Isaac</strong></span> <span class='ocrx_word' id='word_1_325' title='bbox 369 3098 404 3152; x_wconf 88' lang='lat' dir='ltr'><strong>ad</strong></span> <span class='ocrx_word' id='word_1_326' title='bbox 424 3105 527 3153; x_wconf 88' lang='lat' dir='ltr'><strong>terram</strong></span> <span class='ocrx_word' id='word_1_327' title='bbox 555 3098 674 3152; x_wconf 86' lang='lat' dir='ltr'><strong>filiorum</strong></span> <span class='ocrx_word' id='word_1_328' title='bbox 698 3097 864 3164; x_wconf 90' lang='lat' dir='ltr'><strong>Lodomerii,</strong></span> <span class='ocrx_word' id='word_1_329' title='bbox 890 3103 917 3152; x_wconf 88' lang='lat' dir='ltr'><strong>et</strong></span> <span class='ocrx_word' id='word_1_330' title='bbox 934 3116 984 3169; x_wconf 88' lang='lat' dir='ltr'><strong>per</strong></span> <span class='ocrx_word' id='word_1_331' title='bbox 1001 3099 1103 3154; x_wconf 85' lang='lat' dir='ltr'><strong>dictam</strong></span> <span class='ocrx_word' id='word_1_332' title='bbox 1125 3099 1198 3154; x_wconf 79' lang='lat' dir='ltr'><strong>viam</strong></span> <span class='ocrx_word' id='word_1_333' title='bbox 1222 3105 1319 3153; x_wconf 84' lang='lat' dir='ltr'><strong>contra</strong></span> <span class='ocrx_word' id='word_1_334' title='bbox 1343 3098 1394 3152; x_wconf 87' lang='lat' dir='ltr'><strong>ori·</strong></span> 
     </span>
     <span class='ocr_line' id='line_1_32' title="bbox 149 3183 1392 3255; baseline 0 -15"><span class='ocrx_word' id='word_1_335' title='bbox 149 3197 251 3241; x_wconf 85' lang='lat' dir='ltr'><strong>entem.</strong></span> <span class='ocrx_word' id='word_1_336' title='bbox 270 3183 340 3240; x_wconf 89' lang='lat' dir='ltr'><strong>Inde</strong></span> <span class='ocrx_word' id='word_1_337' title='bbox 358 3185 415 3240; x_wconf 84' lang='lat' dir='ltr'><strong>exit</strong></span> <span class='ocrx_word' id='word_1_338' title='bbox 433 3183 468 3238; x_wconf 91' lang='lat' dir='ltr'><strong>de</strong></span> <span class='ocrx_word' id='word_1_339' title='bbox 487 3186 540 3255; x_wconf 87' lang='lat' dir='ltr'><strong>via,</strong></span> <span class='ocrx_word' id='word_1_340' title='bbox 558 3184 635 3240; x_wconf 81' lang='lat' dir='ltr'><strong>vadit</strong></span> <span class='ocrx_word' id='word_1_341' title='bbox 659 3191 755 3240; x_wconf 88' lang='lat' dir='ltr'><strong>contra</strong></span> <span class='ocrx_word' id='word_1_342' title='bbox 779 3185 920 3240; x_wconf 90' lang='lat' dir='ltr'><strong>meridiem</strong></span> <span class='ocrx_word' id='word_1_343' title='bbox 946 3192 973 3240; x_wconf 87' lang='lat' dir='ltr'><strong>ct</strong></span> <span class='ocrx_word' id='word_1_344' title='bbox 997 3187 1211 3241; x_wconf 85' lang='lat' dir='ltr'><strong>conterminatur</strong></span> <span class='ocrx_word' id='word_1_345' title='bbox 1236 3193 1324 3240; x_wconf 88' lang='lat' dir='ltr'><strong>terrae</strong></span> <span class='ocrx_word' id='word_1_346' title='bbox 1349 3203 1392 3240; x_wconf 85' lang='lat' dir='ltr'><strong>ca·</strong></span> 
     </span>
     <span class='ocr_line' id='line_1_33' title="bbox 149 3271 1394 3346; baseline 0.002 -20"><span class='ocrx_word' id='word_1_347' title='bbox 149 3271 257 3340; x_wconf 74' lang='lat' dir='ltr'><strong>emensi,</strong></span> <span class='ocrx_word' id='word_1_348' title='bbox 283 3273 366 3326; x_wconf 86' lang='lat' dir='ltr'><strong>intrat</strong></span> <span class='ocrx_word' id='word_1_349' title='bbox 384 3271 412 3326; x_wconf 90' lang='lat' dir='ltr'><strong>in</strong></span> <span class='ocrx_word' id='word_1_350' title='bbox 432 3271 531 3326; x_wconf 86' lang='lat' dir='ltr'><strong>vallem</strong></span> <span class='ocrx_word' id='word_1_351' title='bbox 549 3280 577 3328; x_wconf 87' lang='lat' dir='ltr'><strong>et</strong></span> <span class='ocrx_word' id='word_1_352' title='bbox 595 3274 623 3326; x_wconf 91' lang='lat' dir='ltr'><strong>in</strong></span> <span class='ocrx_word' id='word_1_353' title='bbox 642 3273 746 3328; x_wconf 86' lang='lat' dir='ltr'><strong>oriente</strong></span> <span class='ocrx_word' id='word_1_354' title='bbox 771 3274 799 3328; x_wconf 94' lang='lat' dir='ltr'><strong>in</strong></span> <span class='ocrx_word' id='word_1_355' title='bbox 824 3273 963 3346; x_wconf 87' lang='lat' dir='ltr'><strong>quandam</strong></span> <span class='ocrx_word' id='word_1_356' title='bbox 988 3275 1117 3329; x_wconf 88' lang='lat' dir='ltr'><strong>lacunam</strong></span> <span class='ocrx_word' id='word_1_357' title='bbox 1140 3291 1212 3344; x_wconf 89' lang='lat' dir='ltr'><strong>quae</strong></span> <span class='ocrx_word' id='word_1_358' title='bbox 1231 3273 1315 3344; x_wconf 82' lang='lat' dir='ltr'><strong>vulgo</strong></span> <span class='ocrx_word' id='word_1_359' title='bbox 1335 3273 1394 3328; x_wconf 85' lang='lat' dir='ltr'><strong>Me·</strong></span> 
     </span>
     <span class='ocr_line' id='line_1_34' title="bbox 147 3357 1392 3432; baseline 0.001 -19"><span class='ocrx_word' id='word_1_360' title='bbox 147 3359 229 3414; x_wconf 84' lang='lat' dir='ltr'><strong>lacha</strong></span> <span class='ocrx_word' id='word_1_361' title='bbox 257 3357 364 3414; x_wconf 87' lang='lat' dir='ltr'><strong>dicitur.</strong></span> <span class='ocrx_word' id='word_1_362' title='bbox 392 3358 464 3413; x_wconf 87' lang='lat' dir='ltr'><strong>Item</strong></span> <span class='ocrx_word' id='word_1_363' title='bbox 485 3361 542 3414; x_wconf 84' lang='lat' dir='ltr'><strong>exit</strong></span> <span class='ocrx_word' id='word_1_364' title='bbox 570 3359 605 3414; x_wconf 88' lang='lat' dir='ltr'><strong>de</strong></span> <span class='ocrx_word' id='word_1_365' title='bbox 632 3359 677 3414; x_wconf 82' lang='lat' dir='ltr'><strong>via</strong></span> <span class='ocrx_word' id='word_1_366' title='bbox 705 3377 754 3431; x_wconf 88' lang='lat' dir='ltr'><strong>per</strong></span> <span class='ocrx_word' id='word_1_367' title='bbox 780 3361 905 3432; x_wconf 85' lang='lat' dir='ltr'><strong>amplum</strong></span> <span class='ocrx_word' id='word_1_368' title='bbox 933 3362 1055 3432; x_wconf 84' lang='lat' dir='ltr'><strong>spatium</strong></span> <span class='ocrx_word' id='word_1_369' title='bbox 1082 3368 1109 3416; x_wconf 85' lang='lat' dir='ltr'><strong>et</strong></span> <span class='ocrx_word' id='word_1_370' title='bbox 1136 3363 1220 3416; x_wconf 89' lang='lat' dir='ltr'><strong>intrat</strong></span> <span class='ocrx_word' id='word_1_371' title='bbox 1247 3361 1275 3414; x_wconf 91' lang='lat' dir='ltr'><strong>in</strong></span> <span class='ocrx_word' id='word_1_372' title='bbox 1303 3360 1392 3414; x_wconf 87' lang='lat' dir='ltr'><strong>lutum</strong></span> 
     </span>
     <span class='ocr_line' id='line_1_35' title="bbox 147 3446 1395 3520; baseline 0.002 -20"><span class='ocrx_word' id='word_1_373' title='bbox 147 3447 262 3501; x_wconf 90' lang='lat' dir='ltr'><strong>nomine</strong></span> <span class='ocrx_word' id='word_1_374' title='bbox 281 3446 387 3516; x_wconf 81' lang='lat' dir='ltr'><strong>vulgari</strong></span> <span class='ocrx_word' id='word_1_375' title='bbox 407 3447 532 3516; x_wconf 69' lang='lat' dir='ltr'><strong>Milichie,</strong></span> <span class='ocrx_word' id='word_1_376' title='bbox 554 3453 581 3502; x_wconf 85' lang='lat' dir='ltr'><strong>et</strong></span> <span class='ocrx_word' id='word_1_377' title='bbox 599 3464 648 3518; x_wconf 90' lang='lat' dir='ltr'><strong>per</strong></span> <span class='ocrx_word' id='word_1_378' title='bbox 668 3449 757 3503; x_wconf 84' lang='lat' dir='ltr'><strong>varias</strong></span> <span class='ocrx_word' id='word_1_379' title='bbox 775 3453 863 3503; x_wconf 88' lang='lat' dir='ltr'><strong>metas</strong></span> <span class='ocrx_word' id='word_1_380' title='bbox 889 3448 923 3502; x_wconf 92' lang='lat' dir='ltr'><strong>ad</strong></span> <span class='ocrx_word' id='word_1_381' title='bbox 950 3447 1059 3518; x_wconf 89' lang='lat' dir='ltr'><strong>dumos,</strong></span> <span class='ocrx_word' id='word_1_382' title='bbox 1084 3449 1132 3520; x_wconf 90' lang='lat' dir='ltr'><strong>qui</strong></span> <span class='ocrx_word' id='word_1_383' title='bbox 1151 3449 1234 3519; x_wconf 88' lang='lat' dir='ltr'><strong>vulgo</strong></span> <span class='ocrx_word' id='word_1_384' title='bbox 1258 3447 1395 3519; x_wconf 85' lang='lat' dir='ltr'><strong>Requetie</strong></span> 
     </span>
     <span class='ocr_line' id='line_1_36' title="bbox 148 3533 1394 3606; baseline 0 -18"><span class='ocrx_word' id='word_1_385' title='bbox 148 3537 290 3600; x_wconf 80' lang='lat' dir='ltr'><strong>vocantur,</strong></span> <span class='ocrx_word' id='word_1_386' title='bbox 311 3550 400 3603; x_wconf 90' lang='lat' dir='ltr'><strong>usque</strong></span> <span class='ocrx_word' id='word_1_387' title='bbox 419 3533 454 3588; x_wconf 85' lang='lat' dir='ltr'><strong>ad</strong></span> <span class='ocrx_word' id='word_1_388' title='bbox 474 3533 617 3589; x_wconf 84' lang='lat' dir='ltr'><strong>fundatam</strong></span> <span class='ocrx_word' id='word_1_389' title='bbox 629 3535 707 3597; x_wconf 80' lang='lat' dir='ltr'><strong>viam,</strong></span> <span class='ocrx_word' id='word_1_390' title='bbox 730 3541 757 3589; x_wconf 88' lang='lat' dir='ltr'><strong>et</strong></span> <span class='ocrx_word' id='word_1_391' title='bbox 775 3536 896 3590; x_wconf 85' lang='lat' dir='ltr'><strong>interum</strong></span> <span class='ocrx_word' id='word_1_392' title='bbox 915 3552 964 3606; x_wconf 93' lang='lat' dir='ltr'><strong>per</strong></span> <span class='ocrx_word' id='word_1_393' title='bbox 982 3537 1072 3591; x_wconf 86' lang='lat' dir='ltr'><strong>varias</strong></span> <span class='ocrx_word' id='word_1_394' title='bbox 1085 3543 1172 3590; x_wconf 86' lang='lat' dir='ltr'><strong>metas</strong></span> <span class='ocrx_word' id='word_1_395' title='bbox 1185 3537 1296 3606; x_wconf 84' lang='lat' dir='ltr'><strong>attingit</strong></span> <span class='ocrx_word' id='word_1_396' title='bbox 1307 3541 1394 3591; x_wconf 83' lang='lat' dir='ltr'><strong>terrae</strong></span> 
     </span>
     <span class='ocr_line' id='line_1_37' title="bbox 148 3620 1393 3694; baseline 0.002 -20"><span class='ocrx_word' id='word_1_397' title='bbox 148 3621 269 3676; x_wconf 90' lang='lat' dir='ltr'><strong>filiorum</strong></span> <span class='ocrx_word' id='word_1_398' title='bbox 290 3620 449 3676; x_wconf 87' lang='lat' dir='ltr'><strong>Lodomerii</strong></span> <span class='ocrx_word' id='word_1_399' title='bbox 468 3627 495 3676; x_wconf 86' lang='lat' dir='ltr'><strong>et</strong></span> <span class='ocrx_word' id='word_1_400' title='bbox 514 3627 613 3677; x_wconf 87' lang='lat' dir='ltr'><strong>terram</strong></span> <span class='ocrx_word' id='word_1_401' title='bbox 633 3622 748 3678; x_wconf 77' lang='lat' dir='ltr'><strong>Alcetas</strong></span> <span class='ocrx_word' id='word_1_402' title='bbox 767 3627 795 3677; x_wconf 87' lang='lat' dir='ltr'><strong>et</strong></span> <span class='ocrx_word' id='word_1_403' title='bbox 814 3621 889 3678; x_wconf 84' lang='lat' dir='ltr'><strong>vadit</strong></span> <span class='ocrx_word' id='word_1_404' title='bbox 906 3623 942 3678; x_wconf 91' lang='lat' dir='ltr'><strong>ad</strong></span> <span class='ocrx_word' id='word_1_405' title='bbox 961 3624 1033 3678; x_wconf 83' lang='lat' dir='ltr'><strong>viam</strong></span> <span class='ocrx_word' id='word_1_406' title='bbox 1052 3641 1182 3694; x_wconf 75' lang='lat' dir='ltr'><strong>magnam</strong></span> <span class='ocrx_word' id='word_1_407' title='bbox 1201 3631 1228 3679; x_wconf 89' lang='lat' dir='ltr'><strong>et</strong></span> <span class='ocrx_word' id='word_1_408' title='bbox 1247 3625 1319 3677; x_wconf 85' lang='lat' dir='ltr'><strong>viam</strong></span> <span class='ocrx_word' id='word_1_409' title='bbox 1332 3624 1393 3678; x_wconf 88' lang='lat' dir='ltr'><strong>sun-</strong></span> 
     </span>
     <span class='ocr_line' id='line_1_38' title="bbox 148 3707 1394 3783; baseline 0.002 -21"><span class='ocrx_word' id='word_1_410' title='bbox 148 3707 255 3776; x_wconf 89' lang='lat' dir='ltr'><strong>datam,</strong></span> <span class='ocrx_word' id='word_1_411' title='bbox 274 3713 302 3762; x_wconf 88' lang='lat' dir='ltr'><strong>et</strong></span> <span class='ocrx_word' id='word_1_412' title='bbox 321 3724 369 3779; x_wconf 88' lang='lat' dir='ltr'><strong>per</strong></span> <span class='ocrx_word' id='word_1_413' title='bbox 388 3709 460 3762; x_wconf 84' lang='lat' dir='ltr'><strong>viam</strong></span> <span class='ocrx_word' id='word_1_414' title='bbox 479 3716 507 3764; x_wconf 83' lang='lat' dir='ltr'><strong>et</strong></span> <span class='ocrx_word' id='word_1_415' title='bbox 525 3709 632 3776; x_wconf 85' lang='lat' dir='ltr'><strong>vallem,</strong></span> <span class='ocrx_word' id='word_1_416' title='bbox 652 3717 680 3764; x_wconf 87' lang='lat' dir='ltr'><strong>et</strong></span> <span class='ocrx_word' id='word_1_417' title='bbox 697 3709 812 3766; x_wconf 81' lang='lat' dir='ltr'><strong>densam</strong></span> <span class='ocrx_word' id='word_1_418' title='bbox 832 3711 937 3782; x_wconf 78' lang='lat' dir='ltr'><strong>sylvam</strong></span> <span class='ocrx_word' id='word_1_419' title='bbox 962 3712 1075 3766; x_wconf 84' lang='lat' dir='ltr'><strong>mixtam</strong></span> <span class='ocrx_word' id='word_1_420' title='bbox 1101 3712 1188 3782; x_wconf 86' lang='lat' dir='ltr'><strong>spinis</strong></span> <span class='ocrx_word' id='word_1_421' title='bbox 1211 3712 1336 3783; x_wconf 79' lang='lat' dir='ltr'><strong>persenit</strong></span> <span class='ocrx_word' id='word_1_422' title='bbox 1358 3711 1394 3765; x_wconf 91' lang='lat' dir='ltr'><strong>ad</strong></span> 
     </span>
     <span class='ocr_line' id='line_1_39' title="bbox 149 3794 1395 3854; baseline 0.002 -5"><span class='ocrx_word' id='word_1_423' title='bbox 149 3794 265 3849; x_wconf 81' lang='lat' dir='ltr'><strong>fluvium</strong></span> <span class='ocrx_word' id='word_1_424' title='bbox 293 3795 395 3851; x_wconf 86' lang='lat' dir='ltr'><strong>Zbelev</strong></span> <span class='ocrx_word' id='word_1_425' title='bbox 414 3801 441 3850; x_wconf 86' lang='lat' dir='ltr'><strong>et</strong></span> <span class='ocrx_word' id='word_1_426' title='bbox 459 3795 603 3852; x_wconf 70' lang='lat' dir='ltr'><strong>deficiente</strong></span> <span class='ocrx_word' id='word_1_427' title='bbox 622 3802 695 3851; x_wconf 86' lang='lat' dir='ltr'><strong>terra</strong></span> <span class='ocrx_word' id='word_1_428' title='bbox 714 3798 830 3852; x_wconf 83' lang='lat' dir='ltr'><strong>Otoalav</strong></span> <span class='ocrx_word' id='word_1_429' title='bbox 857 3804 899 3853; x_wconf 89' lang='lat' dir='ltr'><strong>eat</strong></span> <span class='ocrx_word' id='word_1_430' title='bbox 927 3805 1133 3854; x_wconf 86' lang='lat' dir='ltr'><strong>cummeianeus</strong></span> <span class='ocrx_word' id='word_1_431' title='bbox 1161 3800 1298 3854; x_wconf 83' lang='lat' dir='ltr'><strong>llartinus</strong></span> <span class='ocrx_word' id='word_1_432' title='bbox 1322 3798 1395 3852; x_wconf 87' lang='lat' dir='ltr'><strong>filius</strong></span> 
     </span>
     <span class='ocr_line' id='line_1_40' title="bbox 149 3882 1394 3952; baseline 0 -13"><span class='ocrx_word' id='word_1_433' title='bbox 149 3882 247 3939; x_wconf 85' lang='lat' dir='ltr'><strong>Sulich</strong></span> <span class='ocrx_word' id='word_1_434' title='bbox 266 3883 432 3938; x_wconf 83' lang='lat' dir='ltr'><strong>cumfratre</strong></span> <span class='ocrx_word' id='word_1_435' title='bbox 451 3889 478 3938; x_wconf 86' lang='lat' dir='ltr'><strong>et</strong></span> <span class='ocrx_word' id='word_1_436' title='bbox 495 3884 612 3938; x_wconf 81' lang='lat' dir='ltr'><strong>Atoslav</strong></span> <span class='ocrx_word' id='word_1_437' title='bbox 633 3901 697 3939; x_wconf 90' lang='lat' dir='ltr'><strong>cum</strong></span> <span class='ocrx_word' id='word_1_438' title='bbox 716 3885 807 3952; x_wconf 84' lang='lat' dir='ltr'><strong>fratre,</strong></span> <span class='ocrx_word' id='word_1_439' title='bbox 827 3885 926 3940; x_wconf 90' lang='lat' dir='ltr'><strong>deinde</strong></span> <span class='ocrx_word' id='word_1_440' title='bbox 945 3891 1017 3941; x_wconf 85' lang='lat' dir='ltr'><strong>terra</strong></span> <span class='ocrx_word' id='word_1_441' title='bbox 1042 3887 1122 3941; x_wconf 90' lang='lat' dir='ltr'><strong>Pauli</strong></span> <span class='ocrx_word' id='word_1_442' title='bbox 1147 3886 1195 3941; x_wconf 88' lang='lat' dir='ltr'><strong>filii</strong></span> <span class='ocrx_word' id='word_1_443' title='bbox 1213 3888 1314 3942; x_wconf 89' lang='lat' dir='ltr'><strong>Pousa.</strong></span> <span class='ocrx_word' id='word_1_444' title='bbox 1342 3886 1394 3940; x_wconf 89' lang='lat' dir='ltr'><strong>Per</strong></span> 
     </span>
     <span class='ocr_line' id='line_1_41' title="bbox 151 3969 1394 4044; baseline 0.001 -19"><span class='ocrx_word' id='word_1_445' title='bbox 151 3973 244 4025; x_wconf 84' lang='lat' dir='ltr'><strong>variae</strong></span> <span class='ocrx_word' id='word_1_446' title='bbox 262 3977 350 4024; x_wconf 88' lang='lat' dir='ltr'><strong>metas</strong></span> <span class='ocrx_word' id='word_1_447' title='bbox 370 3970 464 4025; x_wconf 85' lang='lat' dir='ltr'><strong>exiens</strong></span> <span class='ocrx_word' id='word_1_448' title='bbox 484 3969 518 4024; x_wconf 90' lang='lat' dir='ltr'><strong>de</strong></span> <span class='ocrx_word' id='word_1_449' title='bbox 537 3970 606 4024; x_wconf 87' lang='lat' dir='ltr'><strong>silva</strong></span> <span class='ocrx_word' id='word_1_450' title='bbox 625 3972 700 4026; x_wconf 88' lang='lat' dir='ltr'><strong>vadit</strong></span> <span class='ocrx_word' id='word_1_451' title='bbox 717 3971 753 4026; x_wconf 92' lang='lat' dir='ltr'><strong>ad</strong></span> <span class='ocrx_word' id='word_1_452' title='bbox 772 3973 845 4026; x_wconf 82' lang='lat' dir='ltr'><strong>viam</strong></span> <span class='ocrx_word' id='word_1_453' title='bbox 862 3989 917 4044; x_wconf 91' lang='lat' dir='ltr'><strong>que</strong></span> <span class='ocrx_word' id='word_1_454' title='bbox 936 3973 1024 4029; x_wconf 84' lang='lat' dir='ltr'><strong>tendit</strong></span> <span class='ocrx_word' id='word_1_455' title='bbox 1047 3973 1082 4029; x_wconf 92' lang='lat' dir='ltr'><strong>ad</strong></span> <span class='ocrx_word' id='word_1_456' title='bbox 1102 3973 1221 4030; x_wconf 86' lang='lat' dir='ltr'><strong>Woroad</strong></span> <span class='ocrx_word' id='word_1_457' title='bbox 1240 3973 1275 4027; x_wconf 84' lang='lat' dir='ltr'><strong>ed</strong></span> <span class='ocrx_word' id='word_1_458' title='bbox 1294 3979 1394 4028; x_wconf 88' lang='lat' dir='ltr'><strong>terram</strong></span> 
     </span>
     <span class='ocr_line' id='line_1_42' title="bbox 147 4056 1393 4131; baseline 0.002 -20"><span class='ocrx_word' id='word_1_459' title='bbox 147 4057 215 4112; x_wconf 87' lang='lat' dir='ltr'><strong>dicti</strong></span> <span class='ocrx_word' id='word_1_460' title='bbox 233 4056 363 4112; x_wconf 83' lang='lat' dir='ltr'><strong>Prouchi</strong></span> <span class='ocrx_word' id='word_1_461' title='bbox 383 4063 410 4112; x_wconf 91' lang='lat' dir='ltr'><strong>et</strong></span> <span class='ocrx_word' id='word_1_462' title='bbox 429 4057 464 4112; x_wconf 87' lang='lat' dir='ltr'><strong>ad</strong></span> <span class='ocrx_word' id='word_1_463' title='bbox 483 4058 577 4113; x_wconf 87' lang='lat' dir='ltr'><strong>locum</strong></span> <span class='ocrx_word' id='word_1_464' title='bbox 595 4058 742 4128; x_wconf 76' lang='lat' dir='ltr'><strong>quusdam</strong></span> <span class='ocrx_word' id='word_1_465' title='bbox 760 4077 849 4129; x_wconf 86' lang='lat' dir='ltr'><strong>aquae</strong></span> <span class='ocrx_word' id='word_1_466' title='bbox 865 4061 1011 4116; x_wconf 88' lang='lat' dir='ltr'><strong>defluentis</strong></span> <span class='ocrx_word' id='word_1_467' title='bbox 1030 4062 1058 4116; x_wconf 92' lang='lat' dir='ltr'><strong>in</strong></span> <span class='ocrx_word' id='word_1_468' title='bbox 1078 4063 1199 4115; x_wconf 85' lang='lat' dir='ltr'><strong>Dravam</strong></span> <span class='ocrx_word' id='word_1_469' title='bbox 1218 4067 1245 4116; x_wconf 87' lang='lat' dir='ltr'><strong>et</strong></span> <span class='ocrx_word' id='word_1_470' title='bbox 1263 4078 1312 4131; x_wconf 90' lang='lat' dir='ltr'><strong>per</strong></span> <span class='ocrx_word' id='word_1_471' title='bbox 1331 4077 1393 4130; x_wconf 87' lang='lat' dir='ltr'><strong>spa·</strong></span> 
     </span>
     <span class='ocr_line' id='line_1_43' title="bbox 149 4143 1393 4217; baseline 0.001 -17"><span class='ocrx_word' id='word_1_472' title='bbox 149 4145 220 4200; x_wconf 89' lang='lat' dir='ltr'><strong>tium</strong></span> <span class='ocrx_word' id='word_1_473' title='bbox 238 4143 313 4200; x_wconf 85' lang='lat' dir='ltr'><strong>cadit·</strong></span> <span class='ocrx_word' id='word_1_474' title='bbox 339 4151 415 4199; x_wconf 89' lang='lat' dir='ltr'><strong>meta</strong></span> <span class='ocrx_word' id='word_1_475' title='bbox 432 4145 460 4198; x_wconf 90' lang='lat' dir='ltr'><strong>in</strong></span> <span class='ocrx_word' id='word_1_476' title='bbox 479 4161 609 4214; x_wconf 84' lang='lat' dir='ltr'><strong>magnam</strong></span> <span class='ocrx_word' id='word_1_477' title='bbox 632 4147 763 4215; x_wconf 82' lang='lat' dir='ltr'><strong>Dravam,</strong></span> <span class='ocrx_word' id='word_1_478' title='bbox 781 4147 816 4202; x_wconf 91' lang='lat' dir='ltr'><strong>de</strong></span> <span class='ocrx_word' id='word_1_479' title='bbox 835 4165 891 4216; x_wconf 87' lang='lat' dir='ltr'><strong>qua</strong></span> <span class='ocrx_word' id='word_1_480' title='bbox 904 4150 932 4202; x_wconf 92' lang='lat' dir='ltr'><strong>in</strong></span> <span class='ocrx_word' id='word_1_481' title='bbox 952 4149 1051 4204; x_wconf 85' lang='lat' dir='ltr'><strong>vallem</strong></span> <span class='ocrx_word' id='word_1_482' title='bbox 1074 4149 1195 4202; x_wconf 87' lang='lat' dir='ltr'><strong>lutosam</strong></span> <span class='ocrx_word' id='word_1_483' title='bbox 1219 4165 1291 4217; x_wconf 89' lang='lat' dir='ltr'><strong>quae</strong></span> <span class='ocrx_word' id='word_1_484' title='bbox 1310 4147 1393 4216; x_wconf 82' lang='lat' dir='ltr'><strong>vulgo</strong></span> 
     </span>
     <span class='ocr_line' id='line_1_44' title="bbox 148 4231 1394 4304; baseline 0.001 -17"><span class='ocrx_word' id='word_1_485' title='bbox 148 4231 273 4302; x_wconf 82' lang='lat' dir='ltr'><strong>Sotpuze</strong></span> <span class='ocrx_word' id='word_1_486' title='bbox 293 4238 414 4300; x_wconf 84' lang='lat' dir='ltr'><strong>vocatur,</strong></span> <span class='ocrx_word' id='word_1_487' title='bbox 434 4232 481 4286; x_wconf 92' lang='lat' dir='ltr'><strong>ubi</strong></span> <span class='ocrx_word' id='word_1_488' title='bbox 501 4241 543 4287; x_wconf 88' lang='lat' dir='ltr'><strong>est</strong></span> <span class='ocrx_word' id='word_1_489' title='bbox 561 4239 768 4288; x_wconf 86' lang='lat' dir='ltr'><strong>commetaneua</strong></span> <span class='ocrx_word' id='word_1_490' title='bbox 788 4234 923 4290; x_wconf 80' lang='lat' dir='ltr'><strong>Vllroalav</strong></span> <span class='ocrx_word' id='word_1_491' title='bbox 948 4253 1011 4290; x_wconf 90' lang='lat' dir='ltr'><strong>cum</strong></span> <span class='ocrx_word' id='word_1_492' title='bbox 1037 4236 1093 4290; x_wconf 90' lang='lat' dir='ltr'><strong>filio</strong></span> <span class='ocrx_word' id='word_1_493' title='bbox 1116 4236 1268 4302; x_wconf 87' lang='lat' dir='ltr'><strong>Demetrio,</strong></span> <span class='ocrx_word' id='word_1_494' title='bbox 1293 4241 1321 4290; x_wconf 86' lang='lat' dir='ltr'><strong>et</strong></span> <span class='ocrx_word' id='word_1_495' title='bbox 1345 4251 1394 4304; x_wconf 89' lang='lat' dir='ltr'><strong>per</strong></span> 
     </span>
     <span class='ocr_line' id='line_1_45' title="bbox 150 4319 1394 4393; baseline 0.002 -20"><span class='ocrx_word' id='word_1_496' title='bbox 150 4320 251 4388; x_wconf 84' lang='lat' dir='ltr'><strong>longas</strong></span> <span class='ocrx_word' id='word_1_497' title='bbox 278 4323 367 4373; x_wconf 88' lang='lat' dir='ltr'><strong>metas</strong></span> <span class='ocrx_word' id='word_1_498' title='bbox 385 4321 460 4374; x_wconf 83' lang='lat' dir='ltr'><strong>venit</strong></span> <span class='ocrx_word' id='word_1_499' title='bbox 478 4319 514 4374; x_wconf 87' lang='lat' dir='ltr'><strong>ad</strong></span> <span class='ocrx_word' id='word_1_500' title='bbox 533 4321 677 4376; x_wconf 87' lang='lat' dir='ltr'><strong>eeclesiam</strong></span> <span class='ocrx_word' id='word_1_501' title='bbox 701 4321 730 4378; x_wconf 81' lang='lat' dir='ltr'><strong>S.</strong></span> <span class='ocrx_word' id='word_1_502' title='bbox 754 4323 939 4379; x_wconf 86' lang='lat' dir='ltr'><strong>Bartolomaei</strong></span> <span class='ocrx_word' id='word_1_503' title='bbox 963 4329 990 4378; x_wconf 85' lang='lat' dir='ltr'><strong>et</strong></span> <span class='ocrx_word' id='word_1_504' title='bbox 1013 4323 1148 4377; x_wconf 82' lang='lat' dir='ltr'><strong>transiens</strong></span> <span class='ocrx_word' id='word_1_505' title='bbox 1173 4339 1303 4393; x_wconf 83' lang='lat' dir='ltr'><strong>magnam</strong></span> <span class='ocrx_word' id='word_1_506' title='bbox 1322 4323 1394 4376; x_wconf 81' lang='lat' dir='ltr'><strong>viam</strong></span> 
     </span>
     <span class='ocr_line' id='line_1_46' title="bbox 151 4404 1394 4482; baseline 0.002 -23"><span class='ocrx_word' id='word_1_507' title='bbox 151 4405 240 4460; x_wconf 86' lang='lat' dir='ltr'><strong>tendit</strong></span> <span class='ocrx_word' id='word_1_508' title='bbox 257 4404 293 4460; x_wconf 90' lang='lat' dir='ltr'><strong>ad</strong></span> <span class='ocrx_word' id='word_1_509' title='bbox 313 4406 419 4473; x_wconf 84' lang='lat' dir='ltr'><strong>silvam,</strong></span> <span class='ocrx_word' id='word_1_510' title='bbox 439 4423 528 4476; x_wconf 89' lang='lat' dir='ltr'><strong>usque</strong></span> <span class='ocrx_word' id='word_1_511' title='bbox 547 4407 614 4462; x_wconf 91' lang='lat' dir='ltr'><strong>dum</strong></span> <span class='ocrx_word' id='word_1_512' title='bbox 632 4410 756 4479; x_wconf 81' lang='lat' dir='ltr'><strong>pervenit</strong></span> <span class='ocrx_word' id='word_1_513' title='bbox 783 4412 818 4464; x_wconf 89' lang='lat' dir='ltr'><strong>ad</strong></span> <span class='ocrx_word' id='word_1_514' title='bbox 844 4427 945 4480; x_wconf 89' lang='lat' dir='ltr'><strong>aquam</strong></span> <span class='ocrx_word' id='word_1_515' title='bbox 970 4409 1073 4466; x_wconf 82' lang='lat' dir='ltr'><strong>Zbelav</strong></span> <span class='ocrx_word' id='word_1_516' title='bbox 1099 4423 1126 4465; x_wconf 86' lang='lat' dir='ltr'><strong>et</strong></span> <span class='ocrx_word' id='word_1_517' title='bbox 1149 4411 1187 4464; x_wconf 93' lang='lat' dir='ltr'><strong>ibi</strong></span> <span class='ocrx_word' id='word_1_518' title='bbox 1206 4411 1233 4463; x_wconf 91' lang='lat' dir='ltr'><strong>in</strong></span> <span class='ocrx_word' id='word_1_519' title='bbox 1252 4411 1333 4482; x_wconf 84' lang='lat' dir='ltr'><strong>rippa</strong></span> <span class='ocrx_word' id='word_1_520' title='bbox 1352 4415 1394 4464; x_wconf 87' lang='lat' dir='ltr'><strong>est</strong></span> 
     </span>
     <span class='ocr_line' id='line_1_47' title="bbox 148 4493 1394 4568; baseline 0.005 -22"><span class='ocrx_word' id='word_1_521' title='bbox 148 4499 223 4548; x_wconf 83' lang='lat' dir='ltr'><strong>meta</strong></span> <span class='ocrx_word' id='word_1_522' title='bbox 239 4497 336 4562; x_wconf 85' lang='lat' dir='ltr'><strong>terrea,</strong></span> <span class='ocrx_word' id='word_1_523' title='bbox 355 4498 383 4548; x_wconf 89' lang='lat' dir='ltr'><strong>et</strong></span> <span class='ocrx_word' id='word_1_524' title='bbox 395 4493 479 4563; x_wconf 87' lang='lat' dir='ltr'><strong>juxta</strong></span> <span class='ocrx_word' id='word_1_525' title='bbox 497 4499 584 4548; x_wconf 86' lang='lat' dir='ltr'><strong>metas</strong></span> <span class='ocrx_word' id='word_1_526' title='bbox 602 4495 732 4550; x_wconf 86' lang='lat' dir='ltr'><strong>arboreas</strong></span> <span class='ocrx_word' id='word_1_527' title='bbox 750 4495 786 4550; x_wconf 88' lang='lat' dir='ltr'><strong>ad</strong></span> <span class='ocrx_word' id='word_1_528' title='bbox 805 4496 912 4568; x_wconf 90' lang='lat' dir='ltr'><strong>rippam</strong></span> <span class='ocrx_word' id='word_1_529' title='bbox 936 4514 1026 4567; x_wconf 89' lang='lat' dir='ltr'><strong>aquae</strong></span> <span class='ocrx_word' id='word_1_530' title='bbox 1050 4498 1213 4568; x_wconf 80' lang='lat' dir='ltr'><strong>Plutvyclra,</strong></span> <span class='ocrx_word' id='word_1_531' title='bbox 1237 4497 1275 4552; x_wconf 89' lang='lat' dir='ltr'><strong>ibi</strong></span> <span class='ocrx_word' id='word_1_532' title='bbox 1301 4498 1394 4553; x_wconf 88' lang='lat' dir='ltr'><strong>deficit</strong></span> 
     </span>
     <span class='ocr_line' id='line_1_48' title="bbox 149 4579 1393 4655; baseline 0.004 -20"><span class='ocrx_word' id='word_1_533' title='bbox 149 4585 223 4635; x_wconf 82' lang='lat' dir='ltr'><strong>terra</strong></span> <span class='ocrx_word' id='word_1_534' title='bbox 250 4579 398 4650; x_wconf 88' lang='lat' dir='ltr'><strong>choslay.</strong></span> <span class='ocrx_word' id='word_1_535' title='bbox 419 4581 462 4634; x_wconf 82' lang='lat' dir='ltr'><strong>Ex</strong></span> <span class='ocrx_word' id='word_1_536' title='bbox 480 4581 535 4636; x_wconf 87' lang='lat' dir='ltr'><strong>alia</strong></span> <span class='ocrx_word' id='word_1_537' title='bbox 554 4587 632 4652; x_wconf 88' lang='lat' dir='ltr'><strong>parte</strong></span> <span class='ocrx_word' id='word_1_538' title='bbox 651 4587 693 4636; x_wconf 87' lang='lat' dir='ltr'><strong>cst</strong></span> <span class='ocrx_word' id='word_1_539' title='bbox 710 4587 917 4639; x_wconf 86' lang='lat' dir='ltr'><strong>commetaneua</strong></span> <span class='ocrx_word' id='word_1_540' title='bbox 943 4584 1095 4655; x_wconf 80' lang='lat' dir='ltr'><strong>Gregorius</strong></span> <span class='ocrx_word' id='word_1_541' title='bbox 1114 4585 1148 4639; x_wconf 86' lang='lat' dir='ltr'><strong>de</strong></span> <span class='ocrx_word' id='word_1_542' title='bbox 1167 4585 1306 4640; x_wconf 84' lang='lat' dir='ltr'><strong>Seuinusa</strong></span> <span class='ocrx_word' id='word_1_543' title='bbox 1330 4603 1393 4640; x_wconf 91' lang='lat' dir='ltr'><strong>cum</strong></span> 
     </span>
    </p>
   </div>
   <div class='ocr_carea' id='block_1_3' title="bbox 0 0 1750 5380">
    <p class='ocr_par' dir='ltr' id='par_1_3' title="bbox 0 0 1750 5380">
     <span class='ocr_line' id='line_1_49' title="bbox 0 0 1750 5380; baseline 0 0"><span class='ocrx_word' id='word_1_544' title='bbox 0 0 1750 5380; x_wconf 95' lang='lat' dir='ltr'><strong> </strong></span> 
     </span>
    </p>
   </div>
  </div>
 </body>
</html>
