3464 5382
353 398 414 464 144
847 423 867 463 1.
891 409 1091 480 xunurnnvrd,

403 586 620 644 dccccxxv.
632 587 667 643 Δ.
677 591 753 644 1244.
768 586 928 659 Stephanus
937 587 1085 660 episcopus
1093 586 1280 660 ragrabiensis
1290 587 1423 659 notificat,
1436 589 1591 660 quodcum

350 677 501 747 Gregorius
514 675 587 730 iilius
599 675 755 731 Veoheslav
766 674 802 732 de
813 690 915 746 genere
927 675 1014 746 idere,
1030 675 1079 730 filii
1090 675 1219 732 Brocbua
1230 675 1265 732 de
1278 675 1425 741 Brocbins.
1439 675 1592 748 quemdam

349 765 498 830 hominem,
511 763 592 832 cujus
602 768 704 818 terram
717 762 850 818 violenter
862 767 1051 833 occupaverat,
1064 762 1117 817 sub
1127 763 1297 834 protentione
1306 761 1435 820 Andreae
1444 764 1589 836 quondam
1707 777 1708 788 ¹

349 851 457 908 comitis
474 851 512 907 de
529 849 605 906 Gora
620 851 699 921 rogia
716 851 880 906 auctoritate
897 850 1085 918 constitutum,
1108 850 1137 905 in
1156 851 1269 922 propria
1286 849 1370 908 domo
1388 867 1440 906 aua
1458 852 1590 909 combus-

349 939 438 1007 sisset,
457 954 490 993 ac
507 938 622 1008 insuper
639 937 780 993 hominem
797 937 871 1009 regis
888 936 1077 994 dehonestans
1095 937 1275 1006 verberasset,
1294 955 1346 1009 pro
1364 943 1460 996 tantae
1471 939 1591 997 infideli·

348 1027 414 1082 tstis
437 1041 553 1082 excesw
576 1031 651 1082 esset
673 1025 709 1082 ad
733 1030 850 1082 mortem
868 1023 1077 1093 condemnatus,
1102 1030 1130 1080 et
1146 1025 1248 1096 laqnao
1266 1041 1427 1098 suspensus,
1452 1043 1504 1083 neo
1530 1045 1588 1084 non

350 1119 379 1170 et
401 1112 539 1184 quaedam
562 1113 651 1184 ipsius
677 1118 752 1169 terra
772 1112 931 1168 Drenchina
949 1111 1090 1184 praedicto
1108 1111 1237 1167 Andreae
1254 1111 1348 1168 comiti
1365 1129 1383 1168 a
1401 1129 1467 1184 rege
1484 1115 1590 1171 collata

349 1200 454 1269 finisset,
478 1217 563 1273 qnam
586 1205 687 1256 terram
705 1199 779 1256 idem
797 1217 890 1257 comes
908 1199 1039 1255 fratribus
1056 1205 1085 1256 et
1102 1199 1159 1255 filio
1176 1199 1243 1254 dicti
1260 1199 1379 1255 infidelis
1396 1200 1587 1258 redimendam

350 1287 515 1359 exponebat,
539 1305 591 1344 nec
607 1287 692 1343 iidem
708 1287 843 1344 redimere
861 1287 1020 1357 valuissent,
1046 1285 1157 1342 tandem
1184 1287 1250 1341 emit
1279 1287 1354 1342 illam
1383 1287 1411 1344 S.
1439 1289 1591 1361 episcopus

350 1393 401 1447 pro
425 1377 477 1431 130
499 1375 598 1430 marcis
622 1373 797 1447 presentibus
821 1375 879 1430 filio
903 1375 1027 1431 eiusdem
1052 1379 1080 1430 et
1103 1373 1232 1430 omnibus
1255 1374 1388 1430 nauibus
1405 1380 1434 1431 et
1451 1378 1589 1447 cognatm,
1707 1371 1708 1376 ’

351 1462 518 1534 donavitque
537 1463 635 1518 Marco
652 1463 746 1520 comiti
764 1479 815 1535 pro
833 1462 962 1518 fidelibus
981 1461 1110 1518 semiciis.

401 1566 451 1622 Ec
468 1568 538 1622 actis
555 1581 569 1622 e
586 1567 665 1638 nepai
683 1567 795 1623 arctico
813 1568 955 1624 restam
973 1566 1152 1622 transmissis.
1171 1567 1205 1620 N.
1223 1565 1258 1623 R.
1277 1567 1311 1621 Δ.
1331 1569 1410 1623 Fuso.
1428 1571 1495 1623 1531
1508 1567 1547 1624 N.
1564 1573 1589 1626 4.

403 1757 636 1816 ooochxvi.
662 1757 698 1814 A.
716 1761 795 1813 1244.
823 1759 917 1829 Erney
940 1757 1047 1813 villicus
1065 1756 1230 1826 ibidericua,
1248 1758 1407 1830 Marcellus,
1424 1757 1537 1815 Lastisa
1555 1777 1590 1816 ac

350 1861 446 1902 omnes
473 1846 597 1918 hospites
625 1843 727 1900 liberae
750 1845 832 1901 villae
856 1844 892 1900 de
909 1843 1038 1900 Dobioha
1056 1843 1219 1915 significant,
1247 1845 1323 1916 quod
1342 1845 1511 1902 Colomanus
1529 1847 1591 1904 dux

349 1935 435 1989 totius
458 1933 607 1990 slavonice
626 1932 756 1989 Oroatiae
774 1938 802 1988 ct
820 1931 985 1998 Dalmatiae,
1010 1931 1058 2002 qui
1081 1931 1149 1986 dum
1172 1931 1271 1987 robore
1289 1933 1424 2004 privilegii
1441 1933 1482 1988 eis
1500 1933 1536 1989 ab
1555 1951 1591 1992 eo

349 2020 562 2076 irrevocabiliter
585 2019 707 2088 stabiliti,
731 2024 825 2076 essent
847 2018 959 2074 insimul
982 2018 1151 2088 congregati,
1174 2035 1222 2075 eos
1240 2020 1385 2090 rogaverit,
1404 2026 1436 2076 ut
1452 2021 1591 2092 religiosis

350 2109 413 2164 siris
436 2107 593 2164 haerendtia
616 2106 799 2164 concederent
824 2106 917 2162 locum
940 2107 969 2160 in
993 2106 1073 2162 terris
1097 2106 1155 2162 suis
1175 2123 1225 2178 pro
1243 2108 1456 2180 congregatione
1475 2113 1502 2164 et
1521 2109 1591 2164 resi·

350 2195 450 2263 dentis,
479 2195 518 2250 eis
545 2201 646 2252 terrom
672 2201 700 2250 et
726 2195 819 2252 locum
845 2193 1028 2262 contulerunt,
1053 2192 1102 2248 ubi
1121 2193 1212 2250 vivere
1238 2194 1355 2252 valeant
1383 2195 1471 2266 anns
1499 2202 1588 2252 terrae

350 2287 440 2338 metae
463 2281 516 2338 hae
541 2285 620 2336 sunt:
647 2280 692 2336 Ab
711 2282 815 2338 oriente
833 2297 917 2352 super
935 2287 1048 2352 pontem
1066 2279 1204 2352 Byobchs,
1222 2297 1325 2352 magna
1342 2282 1394 2352 via,
1413 2287 1441 2338 et
1458 2300 1508 2356 per
1527 2301 1592 2340 cam

350 2369 524 2426 ascendendo
538 2369 621 2440 juxta
640 2369 746 2440 sylvam
763 2368 861 2424 circuit
878 2367 1022 2423 ecclesiam
1040 2367 1070 2424 S.
1088 2367 1237 2436 Dominici,
1255 2369 1283 2424 in
1301 2386 1358 2440 qna
1370 2386 1436 2426 suas
1449 2371 1593 2428 orationes

350 2459 456 2514 solvere
479 2461 692 2524 consvcverunt;
720 2455 821 2512 abhinc
845 2471 929 2527 anper
952 2459 1083 2523 montem,
1110 2453 1158 2510 ubi
1179 2454 1274 2512 finitm
1291 2457 1377 2530 sylva,
1401 2462 1430 2514 ct
1447 2474 1497 2530 per
1515 2459 1590 2513 viam

350 2545 426 2601 vadit
449 2561 545 2601 versus
574 2543 743 2601 occidentem
761 2543 797 2599 ad
823 2542 1024 2614 longitudinem
1050 2543 1085 2598 24
1111 2543 1240 2599 ulnarum
1266 2545 1410 2616 ligaturae,
1437 2551 1466 2602 et
1492 2561 1592 2602 varana

350 2631 508 2704 aquilonem
526 2631 561 2688 sd
579 2637 664 2704 caput
681 2631 827 2704 cujusdam
844 2647 934 2702 aquae
953 2632 1130 2703 erumpentia,
1149 2648 1198 2704 per
1215 2647 1328 2688 cursum
1340 2648 1430 2703 aquae
1442 2635 1471 2688 in
1484 2632 1592 2689 fossam

351 2735 440 2791 usquo
458 2717 494 2774 ad
512 2735 611 2774 nemus
630 2717 758 2787 Oberetb,
776 2717 877 2774 dehinc
894 2719 972 2773 iuxta
989 2735 1088 2774 nemus
1106 2718 1140 2774 ad
1162 2723 1276 2792 pontem
1295 2718 1433 2790 Bychcha.

402 2827 438 2880 Ia
463 2825 648 2894 stomnmpto
671 2825 743 2894 repis
767 2823 903 2894 &epioni
926 2823 959 2880 de
982 2825 1016 2878 A.
1036 2827 1118 2881 1270.
1136 2825 1185 2878 Ec
1203 2829 1276 2880 cotes
1294 2823 1456 2880 monasterii
1474 2823 1588 2882 Dubios

350 2913 432 2968 Fano
450 2915 473 2967 1.
491 2928 528 2968 cr.
550 2915 573 2966 1.
592 2931 606 2968 e
623 2911 702 2983 repat
720 2911 833 2968 arctico
851 2910 993 2968 Pastinum
1012 2911 1189 2968 transmissis.

403 3101 656 3160 occovxxvn.
674 3103 709 3156 A„
727 3105 805 3158 1244.
823 3100 891 3157 lea
908 3099 967 3155 dux
985 3105 1013 3156 et
1030 3099 1119 3156 banna
1131 3101 1221 3157 tocius
1233 3099 1389 3169 alsvonne,
1408 3103 1590 3159 manifestum

351 3191 424 3260 iacit,
447 3190 523 3262 quod
546 3207 611 3246 oum
635 3189 775 3245 Adrianus
799 3193 901 3244 terram
924 3187 1064 3260 quandam
1087 3187 1122 3244 da
1141 3189 1199 3244 suis
1216 3189 1342 3260 cognatis
1361 3187 1396 3244 de
1413 3191 1591 3261 generatione

350 3279 460 3344 Grebia,
479 3279 607 3334 videlicet
623 3277 764 3347 Dragoila,
782 3275 898 3344 Braoha,
921 3275 1046 3347 Zulupoo
1064 3280 1092 3330 et
1109 3276 1195 3332 ldilco
1213 3282 1409 3348 comparasset,
1428 3277 1505 3349 ipsos
1524 3295 1590 3336 ven·

350 3367 454 3422 ditores
480 3381 574 3422 coram
597 3364 668 3420 duce
692 3370 720 3420 et
743 3363 816 3420 bono
841 3363 974 3430 mouerit,
999 3362 1047 3433 qui
1072 3362 1136 3417 siva
1158 3379 1225 3420 voce
1243 3363 1387 3419 veritatm
1404 3363 1469 3420 iacti
1488 3365 1590 3421 confir·

351 3459 475 3522 marunt3
502 3469 588 3525 qnare
614 3451 690 3506 misit
716 3452 855 3507 hominem
882 3465 965 3504 suum
991 3447 1027 3505 ad
1059 3453 1161 3505 terram
1194 3451 1419 3522 conspiciendam
1450 3455 1478 3508 et
1509 3454 1592 3510 metis

351 3538 543 3611 separandam.
569 3538 695 3606 Quarum
718 3543 854 3594 metarum
872 3537 961 3610 prima
978 3536 1073 3608 incipit
1091 3537 1170 3592 iuxta
1186 3537 1301 3593 fluvium
1318 3537 1472 3610 Lyncouch,
1491 3557 1588 3612 proce·

351 3625 442 3682 dendo
467 3643 516 3698 per
539 3627 613 3682 viam
637 3625 712 3681 vonit
736 3624 772 3680 ad
797 3624 946 3697 quemdam
967 3624 1095 3693 rivulum,
1119 3630 1147 3680 et
1164 3641 1214 3696 per
1232 3626 1322 3680 varias
1340 3631 1428 3681 metas
1448 3631 1590 3684 terraneos
1707 3637 1708 3656 ¹

350 3713 421 3770 redit
443 3714 480 3769 ad
503 3713 608 3770 dictum
631 3713 753 3768 fluvium.
777 3711 881 3768 Datum
905 3727 955 3784 per
972 3728 1071 3767 manus
1089 3713 1189 3768 notarii
1208 3711 1287 3784 ducis
1304 3719 1332 3769 et
1350 3713 1416 3768 bani
1434 3713 1584 3770 Benedicti.

406 3819 505 3874 Godec.
529 3818 598 3888 dipl.
620 3819 744 3888 patrios.
772 3819 801 3874 T.
828 3818 883 3872 ΙΙΙ.
898 3833 928 3888 p.
947 3821 971 3873 7.
990 3822 1016 3874 ct
1036 3817 1066 3873 T.
1089 3817 1151 3873 VII.
1167 3835 1196 3888 p.
1217 3823 1258 3889 31,
1278 3819 1590 3877 marchicomitem

351 3906 461 3962 moedi
478 3907 509 3961 ia
529 3906 656 3975 Golpdca.

403 4079 668 4137 coconxxvm.
688 4081 722 4136 A.
740 4083 817 4134 1241.
836 4079 903 4134 nen
921 4077 972 4134 1v.
991 4095 1040 4133 rex
1057 4078 1163 4136 confert
1181 4079 1305 4136 conseo
1323 4079 1380 4137 nno
1399 4079 1537 4136 numen
1554 4081 1591 4138 ne
1707 4055 1708 4102 ³

350 4175 432 4240 gente
450 4166 622 4224 Teutonioali
640 4185 691 4240 pro
709 4167 837 4224 fidelibus
856 4167 972 4222 servitiis
990 4171 1076 4221 marsa
1089 4166 1238 4238 Prodawyn
1250 4173 1278 4222 st
1289 4167 1401 4224 Bonoso
1416 4165 1453 4222 ad
1465 4173 1589 4224 castrum

352 4255 515 4326 simogienae
537 4255 705 4326 pertinentes
729 4260 758 4311 ct
778 4260 879 4310 terram
901 4253 1057 4310 Glanatuch
1084 4259 1112 4309 et
1135 4254 1298 4310 Barathinth
1323 4254 1358 4310 ad
1382 4253 1479 4310 decem
1497 4261 1590 4312 matrs

352 4349 496 4415 exceptam
508 4341 544 4398 de
557 4349 629 4398 terra
640 4343 722 4399 castri
734 4343 770 4398 de
779 4342 887 4412 Vord(?
898 4341 1039 4411 Vorosdt)
1058 4357 1174 4396 vacuam
1183 4359 1247 4398 curn
1256 4341 1413 4398 marturinis
1427 4342 1587 4399 eomndem.

351 4431 444 4486 Melae
461 4431 561 4486 harum
578 4437 712 4486 terrarum
731 4435 796 4487 snnt
812 4428 968 4502 incipiendo
989 4429 1025 4484 ab
1044 4429 1141 4485 arbore
1158 4429 1228 4486 ilicis
1246 4429 1282 4486 ad
1300 4429 1414 4486 fluvium
1427 4429 1589 4500 Zemerdek,
1707 4433 1708 4444 ¹

353 4515 451 4573 deinde
469 4533 555 4590 pones
573 4516 696 4573 diversas
714 4517 827 4574 arbores
846 4516 881 4572 sd
900 4533 985 4572 unam
1002 4517 1082 4585 viam,
1102 4522 1130 4573 et
1146 4515 1182 4573 ad
1201 4523 1320 4574 vetemm
1338 4517 1410 4573 viam
1428 4515 1464 4574 sd
1482 4523 1590 4590 partem
1707 4571 1708 4576 ,

352 4604 464 4661 orientis
489 4607 560 4662 inter
583 4609 671 4661 terras
694 4605 795 4661 Jacobi
820 4611 847 4662 et
870 4603 990 4671 Nicolai,
1013 4603 1048 4658 de
1066 4603 1164 4660 dextra
1181 4611 1261 4677 parte
1279 4603 1416 4670 Gorrardi,
1434 4604 1535 4661 deinde
1553 4605 1587 4661 ad
1707 4603 1708 4660 Ϊ

351 4692 458 4763 nigram
482 4693 633 4761 Malakam,
658 4697 685 4749 et
709 4709 759 4764 por
777 4693 866 4748 varias
883 4695 973 4746 metas
993 4689 1124 4748 arboreas
1142 4692 1199 4748 exit
1216 4690 1251 4748 de
1268 4689 1421 4748 Kamartba
1439 4697 1467 4748 ot
1484 4691 1520 4748 de
1538 4692 1588 4749 Sa·
