3464 5382
338 387 399 447 112
839 405 861 446 1.
886 393 1083 463 sururssvrd,

336 568 372 624 sd
391 569 559 623 solutionem
576 570 612 624 50
629 566 782 624 solidorum
804 567 982 622 denariorum
1006 569 1172 638 spalatensis
1197 569 1239 624 rel
1264 576 1378 625 venetae
1403 579 1586 626 monetarum.

336 657 439 710 Actum
458 653 649 725 praesentibus
668 654 756 710 electo
774 653 916 724 episcope,
934 653 1068 722 magistro
1087 653 1121 708 G.
1131 653 1241 708 arbensi
1260 655 1356 722 electo,
1376 655 1409 709 G.
1429 656 1585 726 primicerio

336 747 365 797 st
381 741 478 811 Drsgo
496 741 637 807 canonice,
656 751 684 794 et
701 740 763 794 aliis
780 739 887 794 clericis
912 739 957 794 De
975 738 1105 796 Sibenico
1123 745 1218 796 autem
1245 741 1319 798 dieto
1337 743 1585 814 archipresbytero,

336 828 438 884 abbate
456 844 477 881 s.
491 827 609 894 Nicolni‚
627 826 742 892 Tolano,
761 826 872 882 Joeune
890 826 984 896 Ogari,
1002 827 1086 880 Petro
1102 834 1130 882 et
1151 826 1257 883 Slavtio
1277 828 1469 900 praesbyteris,
1489 829 1585 885 Grise-

336 931 411 986 gcno
435 921 463 970 et
486 914 634 968 Drimintio
658 921 687 968 et
704 913 765 968 aliis
783 931 869 984 quam
894 912 1019 985 pluribus
1037 913 1143 968 clericis
1162 919 1190 968 et
1207 914 1292 980 laicis,
1320 915 1497 986 Dragovano,
1523 917 1586 971 Ma·

336 1001 439 1068 ricbns,
458 999 584 1055 Bcsdaro
602 999 693 1056 iudice
711 1006 740 1056 et
757 998 894 1070 Gregorio
912 1000 971 1056 filie
988 999 1132 1055 Ulcinnae.

389 1087 518 1142 Fcrlcts':
537 1087 619 1156 Illyr.
637 1103 708 1142 socr.
730 1086 759 1142 Τ.
778 1085 829 1140 IV.
846 1102 874 1154 p.
894 1089 952 1140 451.

389 1207 660 1264 cocsxxxvm.
679 1209 714 1262 Δ
732 1210 810 1262 1240.
830 1209 854 1260 8.
868 1207 1020 1276 februarii.
1048 1205 1239 1262 Oolomanuus
1266 1225 1315 1262 rex
1343 1208 1537 1264 Ruthenorum
1556 1217 1584 1264 et

336 1297 394 1352 dux
414 1297 498 1352 totius
517 1295 664 1351 Slaroniae
683 1293 813 1360 notificat,
839 1292 915 1364 quod
933 1293 1083 1364 respiciens
1100 1294 1263 1348 excellentis
1286 1295 1384 1349 merita
1402 1295 1445 1348 sui
1463 1293 1580 1366 dapiferi

336 1383 460 1452 magistri
479 1381 612 1438 Demetrii
630 1379 666 1436 de
684 1397 784 1451 genere
803 1380 873 1448 Aba,
892 1380 940 1450 qui
958 1397 975 1434 a
993 1379 1127 1450 pueritiae
1146 1396 1214 1434 suae
1227 1380 1397 1451 temporibus
1415 1381 1445 1434 in
1463 1382 1581 1436 servitiis

337 1469 465 1525 fidelibus
484 1475 511 1522 et
529 1467 623 1522 ardrris
651 1467 722 1538 patri
750 1483 802 1520 suo
820 1473 849 1521 et
866 1481 986 1522 coronae
1004 1464 1141 1531 exhibitis,
1168 1466 1260 1520 clarus
1278 1467 1384 1532 enituit,
1403 1482 1486 1536 quem
1505 1475 1583 1537 pater

336 1571 404 1610 suus
423 1553 561 1624 (Andreas
579 1557 638 1620 rex)
657 1569 673 1607 a
691 1553 843 1608 tenerrimis
871 1551 1003 1606 infantiae
1030 1551 1091 1620 ejus
1118 1551 1285 1618 (Celomani)
1312 1553 1450 1621 vagitibus
1469 1558 1583 1624 propter

335 1641 506 1696 laudabilem
523 1656 631 1694 morum
650 1639 739 1709 ipsius
758 1638 922 1707 elegantiam
934 1638 962 1691 in
972 1637 1146 1692 didasculum
1166 1639 1205 1692 illi
1222 1639 1353 1708 praefecit
1365 1645 1392 1693 et
1404 1640 1583 1707 magistrum

336 1733 446 1782 etcum
464 1727 541 1781 illurn
561 1731 639 1796 pater
651 1725 711 1780 eius
726 1723 852 1778 Andreas
870 1739 928 1790 rex,
947 1724 1060 1778 obtento
1079 1741 1114 1779 ex
1131 1724 1303 1794 indulgentis
1321 1723 1582 1795 sedisapostolicae

336 1813 502 1879 diademate,
529 1814 557 1866 in
585 1827 679 1882 regem
698 1809 821 1864 Galicise
839 1809 950 1864 fecisset
967 1812 1100 1877 coronari,
1132 1811 1286 1880 praefatum
1304 1811 1478 1866 Demetrium
1495 1813 1581 1882 magi·

337 1907 425 1954 strum
444 1905 586 1968 tamquam
614 1896 723 1951 fidelem
750 1896 973 1967 expertissimum
991 1897 1019 1950 in
1038 1895 1193 1967 dapiferum
1212 1897 1236 1951 ei
1254 1897 1379 1962 instituit
1410 1904 1438 1951 et
1464 1899 1492 1952 in
1510 1897 1580 1952 alios

338 1985 488 2040 barouatus
507 1985 625 2039 maiores
643 1983 779 2039 extollens
797 1983 822 2037 ei
840 1981 957 2037 dulciter
975 1982 1039 2037 fecit
1063 1982 1226 2048 adhaerere;
1254 1983 1302 2051 qui
1329 1983 1412 2037 etiarn
1432 1991 1581 2054 postquam

337 2070 415 2126 infidi
441 2071 543 2125 Ruteni
567 2071 733 2124 unanimiter
759 2071 787 2124 in
815 2069 902 2140 patris
925 2068 1132 2138 depressionem
1151 2075 1178 2122 et
1196 2069 1257 2139 ejus
1276 2069 1442 2138 (colomani)
1469 2071 1581 2140 captivi·

336 2165 422 2216 tatem
449 2174 499 2212 seu
526 2163 643 2212 mortem
670 2158 883 2226 conspirassent,
911 2161 939 2210 et
956 2155 1024 2209 baec
1042 2155 1181 2210 multoties
1203 2161 1377 2222 attentarent,
1405 2156 1581 2227 saepedictus

336 2263 372 2300 m.
392 2243 551 2298 Demetrius
569 2247 665 2298 eontra
682 2241 835 2297 infidelium
853 2242 926 2296 acies
945 2243 1015 2296 inter
1033 2258 1100 2296 suos
1118 2241 1227 2297 sodales
1255 2243 1367 2297 viriliter
1385 2260 1417 2297 ac
1436 2244 1581 2298 crudeliter

337 2331 498 2403 potentique
517 2345 601 2383 manu
620 2328 777 2398 frequenter
795 2328 937 2394 dimicans,
963 2327 1031 2382 nulli
1050 2327 1188 2381 secundus
1207 2329 1306 2398 patuit,
1334 2335 1361 2382 et
1379 2329 1454 2398 quod
1473 2329 1582 2385 famosa

336 2435 380 2474 res
399 2423 441 2472 eet
460 2433 509 2487 per
521 2415 697 2484 Hungariam
716 2415 819 2469 nullius
838 2431 923 2484 egens
945 2415 1129 2484 inquisitionis
1147 2413 1217 2468 inter
1235 2415 1347 2469 meritos
1366 2415 1420 2470 fide
1439 2423 1466 2471 et
1484 2419 1581 2473 merito

335 2511 379 2560 est
397 2503 547 2558 iustissime
565 2508 756 2572 computatus;
784 2501 833 2570 qui
859 2501 943 2554 etiarn
970 2516 1052 2570 quam
1072 2499 1174 2570 pluries
1193 2498 1228 2554 de
1252 2517 1336 2555 mauu
1355 2504 1451 2558 mortis
1469 2505 1497 2558 in
1516 2521 1580 2558 con·

335 2591 454 2645 flictibus
483 2605 533 2660 pro
560 2587 607 2642 illo
634 2588 720 2642 tocies
738 2587 870 2650 evaserim
898 2587 921 2640 si
939 2587 1053 2641 recitare
1071 2587 1212 2654 vellemus,
1240 2593 1351 2659 tempus
1381 2591 1457 2659 prius
1487 2599 1581 2661 posset

335 2677 460 2742 deficere,
480 2691 565 2746 quam
585 2674 708 2728 facultas.
737 2673 781 2728 Ex
799 2690 884 2743 quam
903 2673 1028 2744 pluribus
1054 2674 1135 2728 factis
1161 2673 1299 2744 quaedam
1317 2683 1519 2730 enumerentur.
1546 2677 1581 2732 In

336 2762 458 2833 quodam
476 2761 605 2817 conflictu
623 2777 687 2816 cum
704 2759 822 2815 Rutenis
839 2766 896 2814 tam
915 2761 975 2830 ipse
999 2777 1083 2830 quam
1112 2761 1209 2816 fratres
1229 2761 1273 2815 sui
1292 2761 1399 2816 Mikula
1418 2762 1508 2818 bonae
1526 2781 1581 2818 me·

336 2851 439 2905 moriae
458 2857 485 2906 et
503 2849 649 2904 Ladislaus
667 2847 797 2918 captivati
816 2863 880 2901 cum
898 2847 1006 2915 magnis
1024 2847 1184 2901 vulneribus
1202 2847 1249 2901 diu
1268 2848 1295 2900 in
1314 2847 1482 2903 Lcdcmeria
1499 2849 1580 2904 infer-

335 2937 387 2991 rati
405 2944 432 2991 et
450 2936 511 2990 aliis
530 2936 626 3006 poenis
644 2935 748 2990 anxiati
768 2949 817 3005 per
835 2933 954 3004 plurima
971 2939 1098 3004 tempora
1122 2939 1187 2987 sunt
1205 2933 1307 2988 detenti
1326 2941 1354 2988 et
1372 2937 1500 2989 atrociter
1520 2953 1581 2992 eru·

336 3023 411 3086 cisti,
448 3023 527 3076 cuius
557 3022 640 3076 etiam
670 3021 753 3076 frater
783 3021 907 3075 uterinus
938 3021 1049 3074 nomine
1078 3019 1161 3074 Abba
1190 3037 1252 3074 cum
1280 3020 1338 3074 suis
1366 3023 1579 3091 consanguineis

335 3109 442 3164 ‘fboma
459 3109 516 3162 filio
534 3108 625 3162 Janue
643 3113 671 3161 et
688 3108 797 3162 Jcanne
816 3113 844 3161 et
861 3105 937 3162 Juda
955 3106 1012 3160 filio
1030 3105 1155 3174 Othonis,
1175 3106 1282 3160 Mathia
1300 3107 1357 3162 filio
1376 3107 1432 3162 Vid
1452 3115 1479 3163 et
1497 3109 1578 3179 Moys

336 3195 392 3250 filio
410 3196 479 3252 Pete
497 3194 599 3249 ibidem
618 3194 728 3258 interiit,
746 3211 796 3248 nec
814 3211 870 3248 non
889 3193 936 3246 alii
955 3193 1055 3263 plures,
1074 3192 1135 3246 aliis
1153 3194 1236 3247 etiam
1255 3193 1361 3249 vicibus
1379 3195 1459 3249 multi
1471 3195 1506 3250 de
1520 3196 1578 3250 eius

336 3281 478 3337 sodalibus
498 3281 570 3336 bello
588 3281 757 3334 interierunt.
779 3281 890 3334 Damna
907 3296 1007 3345 rerum,
1026 3295 1169 3349 equorum,
1189 3297 1327 3336 armorum
1346 3287 1374 3336 ct
1391 3298 1577 3352 expensarum

335 3385 420 3438 quam
438 3368 558 3420 maxima
586 3383 736 3437 perpessus
768 3367 801 3420 In
820 3372 862 3420 tot
888 3367 973 3436 igitur
996 3367 1170 3420 servitiorum
1194 3369 1488 3437 recompensationem,
1517 3369 1581 3424 licet

335 3455 428 3509 minus
446 3453 567 3523 dignam,
582 3453 699 3508 contulit
718 3453 743 3506 ei
761 3459 862 3508 terram
879 3453 992 3507 Neechs
1010 3453 1140 3521 (Nasica),
1159 3455 1365 3524 possessionem
1385 3453 1487 3524 Gjulae
1505 3455 1579 3523 bani,

335 3558 420 3612 quam
448 3545 511 3611 post
537 3539 725 3610 captivitatem
752 3537 876 3609 ejusdem
903 3539 971 3594 bani
997 3539 1032 3594 ad
1058 3557 1140 3594 usum
1165 3541 1293 3610 propriae
1313 3556 1380 3594 susc
1399 3542 1578 3596 excellentiae

336 3633 483 3698 receperat,
511 3643 546 3681 ex
564 3641 732 3680 eonsensum
750 3625 841 3679 fratris
860 3627 902 3680 sui
921 3626 1005 3680 Belae
1023 3628 1103 3696 regis,
1125 3643 1189 3681 cum
1207 3626 1336 3680 omnibus
1361 3627 1532 3697 pertinentiis
1551 3633 1579 3682 et

335 3713 501 3768 marturinis.
520 3713 634 3767 intimat
652 3713 744 3778 etiam,
763 3712 838 3782 quod
856 3713 949 3767 nullus
975 3713 1063 3767 banus
1082 3730 1166 3784 super
1184 3711 1353 3784 praedictam
1372 3715 1578 3785 possessionem

336 3798 502 3856 descendere
520 3805 688 3870 praesumat,
716 3816 767 3852 nec
785 3799 884 3868 aliquis
902 3797 986 3853 iudex
1006 3805 1111 3870 populo
1138 3800 1176 3855 ibi
1198 3801 1328 3855 existenti
1346 3808 1455 3871 praeter
1472 3801 1577 3856 barrum

337 3888 424 3960 possit
439 3885 576 3956 judicare;
595 3885 631 3939 ab
650 3885 779 3940 omnibus
797 3887 879 3940 etiam
897 3887 1018 3942 collectis
1037 3893 1065 3941 et
1082 3886 1272 3942 exactionibus
1285 3887 1312 3940 in
1325 3903 1410 3956 regno
1430 3887 1578 3942 Slavonise

336 3973 539 4043 emergentibus
558 3974 699 4042 possessio
717 3973 764 4026 illa
783 3971 819 4026 sit
836 3971 929 4028 libera.
953 3971 1059 4028 Datum
1077 3991 1126 4043 per
1145 3989 1244 4028 manus
1269 3973 1394 4043 magistri
1413 3975 1482 4045 hle
1501 3989 1579 4045 prae·

338 4062 419 4134 positi
437 4059 631 4130 ragrabiensis.

389 4147 486 4214 Fejer:
507 4146 572 4201 (lod.
591 4145 660 4214 dipl.
679 4145 714 4200 lt.
731 4147 767 4198 H.
788 4143 816 4199 T.
836 4143 888 4199 IV.
907 4143 958 4199 col.
977 4147 998 4200 Ι.
1015 4161 1044 4214 p.
1063 4149 1124 4200 203.

389 4285 628 4341 ccccxxxix.
656 4283 788 4355 ngusii,
815 4287 894 4340 1240.
914 4287 956 4340 22.
974 4285 1079 4338 martii.
1109 4285 1267 4339 Matthaeus
1295 4285 1430 4340 Ninoslav
1457 4302 1576 4355 magnus

337 4373 425 4427 banus
444 4373 553 4426 Bosnae
572 4371 684 4426 veniens
703 4370 857 4440 Ragusium
869 4385 934 4424 curn
946 4371 1003 4425 suis
1017 4371 1176 4441 proceribus
1194 4371 1289 4426 Jurisa
1301 4371 1427 4440 vejroda,
1447 4371 1577 4442 Redonja

336 4459 437 4530 teprr'ja
461 4465 489 4512 et
511 4459 595 4512 fratre
619 4458 679 4514 eius
704 4457 841 4523 Simeone,
868 4455 996 4510 Mirohna
1020 4457 1212 4528 pincernarum
1239 4458 1372 4528 magistro
1398 4459 1579 4527 (nexsprrrrsr)

336 4544 431 4599 Zabas
449 4543 581 4608 Prodsso,
606 4542 731 4613 Prijeads
749 4542 849 4608 Stiuas,
868 4541 972 4598 Slavko
990 4542 1101 4610 Pollis,
1120 4543 1285 4598 Gradislaro
1303 4543 1412 4611 Turbid,
1441 4546 1578 4615 promittit

336 4631 453 4686 Nicolao
465 4631 580 4685 'soniste
592 4629 685 4685 comiti
697 4629 821 4700 Ragsrsii‚
840 4629 968 4684 omnibus
984 4629 1124 4685 nobilibus
1136 4638 1164 4686 et
1176 4631 1226 4686 toti
1242 4632 1403 4686 comunitati
1415 4631 1577 4702 Ragusinae

1430 4919 1724 5294 fl
