3464 5382
649 444 793 485 naerens.
1282 430 1341 491 139

109 603 191 662 berdo
210 623 243 663 ac
263 609 341 664 iuxta
353 613 440 664 metas
455 607 666 665 cruciferorum.
685 608 878 666 Onerovobrdo
897 615 1078 666 commetitur
1095 627 1159 667 oum
1175 611 1259 669 fluvio
1279 613 1344 670 Glo-

106 695 244 766 gornioaa,
272 712 335 751 cum
362 701 435 752 terra
461 695 665 751 cruciferorum
692 701 721 752 et
748 714 797 768 per
822 703 932 753 montes
956 697 1108 754 ascendens
1127 703 1155 755 et
1172 699 1344 756 descendens

107 799 168 836 cum
186 799 288 851 magna
307 783 359 850 ria,
377 787 405 837 et
422 798 471 854 per
489 783 579 837 vanas
598 787 687 838 metas
706 785 779 839 venit
796 784 832 840 ad
845 791 967 840 montem
986 785 1229 856 Oremenagorica;
1242 787 1343 844 deinde

107 867 470 940 adflariumGlogovnica,
489 869 583 925 stubi
605 869 738 940 Oriquina
762 871 838 927 vadit
863 872 892 926 in
918 872 1036 928 eundem
1059 873 1181 929 flurium.
1209 874 1344 930 Nomina·

106 961 151 1011 tur
168 957 220 1024 ria,
238 973 310 1028 quae
328 957 403 1012 venit
420 956 455 1012 de
473 957 538 1012 villa
550 955 763 1025 cruciferorum,
776 973 848 1028 quae
860 958 1017 1016 Suaeisma
1028 959 1135 1028 dicitur,
1146 961 1182 1016 ad
1195 963 1341 1033 antiquum

107 1043 247 1098 cumulum
265 1049 355 1100 terrae
373 1045 422 1114 qui
439 1045 566 1100 Ettowen
585 1045 716 1116 Oecewey
739 1044 847 1100 dicitur.
872 1045 994 1102 Litterae
1011 1048 1133 1104 munitae
1152 1065 1236 1104 aurea
1254 1048 1340 1106 bulla.

159 1131 283 1200 Simplex
309 1131 391 1200 copia
419 1132 589 1200 transumpti
616 1134 736 1202 capitali
762 1133 950 1204 repreliensia
967 1133 1001 1190 as
1018 1151 1045 1190 a.
1065 1137 1141 1189 1416.
1159 1137 1191 1190 in
1209 1153 1269 1192 mec
1287 1137 1343 1192 col·

107 1219 227 1286 kalone,
253 1219 315 1274 vids
338 1219 455 1274 Wsnasl:
485 1219 550 1275 cod.
570 1219 683 1290 diplom.
702 1221 809 1290 Arpad.
834 1219 896 1276 VII.
914 1223 976 1276 152.
995 1223 1084 1276 Metus
1111 1227 1201 1278 seras
1235 1224 1344 1279 Urbosa

107 1321 254 1360 ommsasce.

158 1409 333 1466 ccccm.
351 1411 493 1482 venetiis,
513 1416 530 1464 6
556 1411 678 1482 Aapaati
695 1415 773 1465 1244.
791 1411 915 1467 Jacobue
927 1411 1070 1484 Teupolus
1088 1413 1146 1468 dux
1159 1412 1343 1470 venetiarum

106 1498 156 1554 init
174 1497 273 1554 foedus
290 1499 367 1570 pacis
386 1507 414 1554 et
431 1499 567 1554 amicitiae
584 1516 647 1554 cum
664 1499 732 1554 Bela
749 1499 793 1554 IV
811 1516 883 1569 rege,
903 1499 1067 1571 promittens
1081 1501 1248 1571 juramento,
1268 1501 1344 1572 quod

107 1586 199 1642 omnia
217 1586 339 1657 capitula
362 1586 473 1642 nomine
497 1587 580 1642 etiam
604 1587 758 1642 eommunis
782 1586 964 1642 Venetiamm
989 1587 1082 1642 siricio
1100 1587 1246 1644 observare
1266 1589 1344 1656 velit3

106 1671 181 1744 quod
199 1690 255 1728 non
274 1673 311 1728 sit
336 1680 497 1745 recepturus
521 1674 647 1730 inimicos
670 1667 715 1729 vel
736 1673 862 1730 infideles
886 1675 974 1744 regim
998 1691 1049 1730 neo
1072 1675 1186 1746 aliquod
1211 1676 1345 1731 auxilium

107 1767 155 1815 aut
172 1761 318 1816 consilium
336 1762 376 1816 eis
394 1761 527 1828 daturus;
545 1762 611 1817 item
630 1779 694 1818 cum
717 1762 866 1832 requisitus
884 1761 967 1816 fuerit
986 1779 1002 1816 a
1019 1761 1094 1818 dioto
1112 1779 1176 1833 rege
1194 1761 1237 1819 rei
1254 1763 1342 1834 ipsius

107 1848 321 1915 successoribus,
340 1849 482 1920 impendet
499 1849 644 1904 consilium
662 1853 691 1904 et
707 1847 841 1903 auxilium
854 1853 949 1904 contm
961 1850 1019 1904 eius
1031 1850 1157 1905 inimicos
1169 1855 1197 1905 et
1209 1849 1341 1918 infideles,

106 1935 227 1990 maxime
250 1935 318 1990 citra
341 1935 495 2003 maritima;
519 1936 625 1992 nullam
649 1935 900 1992 confederationem
923 1941 973 1992 aut
999 1942 1112 2008 pactum
1138 1937 1219 1993 saciet
1245 1943 1341 1994 contra

106 2021 211 2077 dictum
234 2038 336 2092 regem,
362 2039 412 2078 neo
436 2023 495 2078 lieri
519 2024 665 2095 permittet,
689 2023 852 2078 nominatim
875 2039 940 2078 oum
962 2023 1076 2079 domina
1099 2023 1230 2093 Bactriae,
1255 2041 1341 2080 uxore

106 2108 248 2180 quondam
266 2109 395 2165 Andreae
418 2111 491 2180 regis
518 2115 546 2166 et
572 2111 632 2166 eius
659 2111 724 2178 filio,
748 2126 799 2166 nec
817 2111 929 2166 nuntios
949 2111 1076 2182 ipsorum
1093 2112 1256 2182 receptabit3
1274 2113 1340 2166 item

106 2198 177 2254 duas
197 2203 289 2269 partes
307 2197 407 2254 oribitti
425 2204 522 2270 portae
540 2197 575 2254 ad
593 2198 709 2255 Jadram
726 2200 866 2270 permittet
887 2215 981 2268 regem
999 2199 1103 2254 eteius
1122 2213 1295 2254 successores
1313 2203 1341 2254 et

107 2301 173 2340 suos
192 2283 317 2340 homines
334 2286 446 2342 nomine
468 2287 541 2356 regie
565 2289 705 2358 percipere
730 2285 836 2358 absque
859 2285 1065 2356 inquietatione,
1083 2286 1155 2342 sient
1172 2285 1209 2340 ab
1227 2286 1340 2357 antiquo

108 2377 297 2426 antecessores
315 2371 403 2442 ipsius
420 2373 493 2442 regie
511 2378 539 2428 et
554 2373 614 2444 ipse
632 2377 782 2428 tenumunt
799 2377 827 2428 et
846 2377 1036 2444 perceperunt.

159 2458 277 2524 lpabic‘:
294 2460 368 2514 Mors.
387 2459 462 2516 Slus.
481 2461 577 2515 maid.
596 2463 618 2524 1,
640 2465 683 2514 66.

160 2563 353 2618 cccoan.
380 2566 489 2636 Budas,
514 2569 557 2620 26.
577 2567 697 2635 Aapasti
721 2569 799 2620 1244.
818 2565 885 2621 Bela
902 2565 946 2620 IV
963 2581 1012 2620 rex
1031 2563 1066 2620 ad
1086 2565 1250 2636 petitionem
1269 2564 1348 2620 Sam-

107 2654 184 2710 sonie
212 2652 336 2724 episcopi
363 2653 493 2708 nonensis
520 2657 548 2708 et
574 2653 675 2708 civium
701 2653 818 2708 civitatis
845 2652 977 2708 nonensis
1004 2653 1149 2708 confirmat
1173 2651 1347 2722 privilegium

107 2741 237 2796 Andreae
255 2739 286 2794 11
303 2740 376 2810 regis
394 2740 584 2796 communitati
602 2739 702 2796 Nonae
720 2757 744 2794 a
764 2741 832 2796 1205
850 2757 1020 2808 concessum,
1039 2745 1067 2794 et
1084 2739 1121 2794 ad
1140 2739 1233 2796 omnia
1250 2739 1348 2794 Dioni·

107 2829 180 2884 eiam
198 2826 297 2882 ducem
316 2828 401 2882 totius
424 2826 572 2884 Slavoniae
595 2827 664 2898 ipsis
691 2827 798 2882 civibus
821 2826 857 2882 ad
884 2827 1047 2898 ampliorem
1071 2825 1228 2882 firmitatem
1246 2826 1273 2880 in
1294 2825 1349 2898 pri-

108 2915 231 2972 staldum
248 2915 372 2986 deputat.

160 3002 257 3069 stir:
280 3002 343 3056 Ood.
363 3001 432 3072 dipl.
450 3001 546 3072 Hunp.
567 3003 596 3056 Τ.
619 3001 681 3056 VII.
699 3001 750 3056 ool.
771 3003 794 3054 5.
811 3017 840 3070 p.
859 3005 923 3057 267.

161 3105 369 3162 CCCOLXIII.
387 3107 421 3161 A
441 3109 519 3162 1244.
548 3109 591 3160 25.
610 3106 781 3176 Septembris.
799 3106 866 3160 Bela
884 3105 926 3162 IV
945 3121 993 3160 rex
1011 3104 1142 3171 notificat,
1161 3101 1238 3174 quod
1254 3119 1348 3160 comes

106 3195 232 3251 Jacobua
252 3193 349 3250 Obusk
369 3193 504 3264 (Ochuck)
530 3210 594 3248 oum
617 3193 700 3250 fratre
725 3194 825 3250 comite
852 3192 1001 3248 Ambrosio
1019 3209 1036 3247 a
1054 3197 1179 3262 tempore
1197 3191 1348 3246 iuventutis

106 3284 233 3354 ipsorum
251 3281 276 3336 ei
294 3280 474 3336 adhaerentes
492 3279 580 3336 multa
603 3280 722 3350 insignia
746 3281 857 3335 servitia
882 3277 1072 3350 impenderint,
1091 3279 1211 3334 maxime
1229 3294 1263 3334 eo
1281 3283 1349 3334 tem-

107 3388 183 3442 pore,
203 3385 260 3440 quo
278 3367 384 3423 Tartari
402 3385 518 3439 regnum
535 3367 671 3422 hostiliter
689 3367 886 3435 subintrarimt,
904 3366 933 3420 in
952 3365 1128 3437 expeditione
1144 3365 1240 3420 habita
1251 3371 1349 3420 conca

107 3457 226 3513 eandem
245 3461 364 3527 gentem,
382 3455 557 3512 landabiliter
575 3455 752 3522 dimicantem
771 3453 947 3525 postmodum
965 3455 1085 3525 propriis
1106 3452 1238 3524 expensis
1257 3468 1347 3523 usque

106 3545 247 3600 maritima
271 3544 365 3612 secuti,
389 3543 472 3614 regiis
495 3543 636 3614 obsequiis
660 3541 763 3612 ubique
784 3541 888 3612 jugiter
906 3540 1086 3608 inhaerentes,
1111 3557 1195 3612 porro
1220 3538 1349 3609 augendo
1440 3543 1441 3546 ’

107 3633 202 3688 adhuc
221 3632 357 3688 bonorum
376 3637 489 3687 actuum
507 3631 636 3688 exercitia
654 3631 683 3685 in
701 3645 859 3700 congressu,
879 3645 962 3700 quem
980 3634 1076 3684 contra
1092 3628 1206 3683 eosdem
1217 3627 1349 3681 Tartesos

108 3721 224 3792 saepius
242 3718 347 3786 babuit,
365 3719 393 3772 in
412 3735 467 3790 quo
485 3718 609 3774 Jacobue
627 3718 712 3772 frater
737 3715 862 3772 eiusdem
880 3716 1019 3770 Ambrosii
1036 3721 1080 3770 est
1097 3714 1264 3780 interiectus,
1283 3714 1349 3770 Am-

108 3808 222 3863 brosius
240 3823 305 3862 vero
324 3805 380 3862 fere
397 3805 532 3860 laetaliter
549 3805 723 3871 vulneratum
742 3803 871 3875 quocirca
889 3802 979 3858 eidem
992 3801 1140 3858 Ambrosio
1154 3806 1256 3856 terram
1268 3799 1350 3855 casui

108 3895 218 3963 Quaedi
235 3891 353 3949 Voislov
371 3899 497 3948 vocatam
515 3893 543 3948 in
561 3892 694 3948 comitatu
711 3893 747 3947 de
766 3893 874 3946 Barana
892 3889 985 3946 donat.

167 3981 289 4036 Weasel:
310 3982 373 4037 (lod.
392 3981 462 4050 dipl.
480 3980 588 4049 Arpocl.
607 3983 656 4034 XI.
676 3983 734 4034 331.

163 4086 368 4142 GCOOLXIV.
388 4086 472 4155 Apuli
489 4086 685 4142 monasteriam
703 4084 906 4140 determinem
923 4083 957 4138 de
968 4083 1076 4154 Bocan,
1090 4084 1115 4134 2.
1130 4079 1255 4136 Octobris
1271 4081 1350 4131 1244.

108 4176 180 4232 Bela
198 4173 241 4229 IV
260 4191 309 4229 rex
326 4173 469 4230 reflectens
493 4171 602 4238 servitia
620 4172 733 4242 Ugolini
754 4171 910 4226 arohielecti
928 4169 1102 4240 spalatensis,
1127 4183 1200 4238 quae
1218 4183 1235 4221 a
1252 4171 1349 4222 tenera

108 4264 204 4319 adhuc
223 4265 313 4316 aetate
337 4261 409 4331 regis
432 4261 533 4332 pariter
557 4266 585 4316 et
611 4277 662 4316 sua
681 4258 777 4327 eidem,
796 4258 916 4312 maxime
934 4257 1005 4312 circa
1023 4255 1168 4321 maritima,
1187 4252 1348 4320 exhibuerit,

109 4349 199 4407 donat
215 4349 269 4420 ipsi
287 4365 412 4404 necnon
430 4348 561 4403 ecciesiae
579 4347 729 4419 spalatensi
748 4351 835 4401 totam
853 4351 953 4400 terram
971 4344 1120 4414 iupanatus
1139 4339 1174 4396 ds
1192 4339 1297 4395 Zetina.

162 4437 291 4492 Farlati:
311 4435 554 4505 lllyr.soar.111,
574 4437 637 4489 268.

165 4539 354 4596 OCCCLXV.
372 4540 458 4610 Apud
476 4541 599 4611 Sepusd,
618 4545 642 4592 5.
663 4537 787 4596 Octobris
805 4540 884 4590 1244.
902 4536 969 4590 Bela
987 4533 1031 4590 IV
1056 4551 1104 4589 rex
1122 4531 1254 4598 notificat,
1273 4529 1349 4602 quod

109 4647 178 4685 cum
197 4645 289 4683 comes
308 4627 408 4694 Eadm,
427 4627 500 4682 filius
520 4627 601 4694 Petri,
615 4623 650 4682 de
663 4625 788 4698 partibus
800 4623 947 4680 Slavouiae
966 4621 1042 4693 priua
1054 4621 1126 4693 patri
1138 4635 1189 4674 suo
1202 4617 1351 4688 (Andreae)

111 4723 140 4772 et
159 4715 338 4788 postmodum
365 4714 417 4770 sibi
440 4731 473 4770 ac
497 4715 580 4769 stiam
606 4730 692 4784 regno
720 4729 771 4768 suo
790 4711 890 4768 eximia
916 4707 1056 4765 fidelitatis
1074 4723 1158 4779 opera
1175 4704 1349 4777 impenderit,
