3376 5350
331 387 396 452 414
847 385 1056 452 aununtiavit,

331 594 382 648 per
404 577 560 648 praedictos
584 583 746 632 executores
772 577 897 632 clausum
922 583 950 632 et
975 576 1114 648 sigilatum
1128 579 1215 633 tribus
1228 579 1322 650 sigilis,
1335 578 1452 634 dicendo
1471 587 1499 636 et
1519 599 1586 651 pro-

331 665 467 733 testando,
485 665 560 736 quod
579 665 687 735 placeat
699 665 724 719 d.
739 663 888 720 Francisoo
907 663 1025 720 scribere
1037 664 1128 720 facere
1140 673 1230 720 totum
1242 665 1320 733 illud,
1333 667 1408 737 quod
1421 670 1587 724 continetur

332 753 361 806 in
380 752 509 824 exemplo
527 753 677 824 praedicto,
696 751 772 824 quod
790 751 844 806 1111
862 753 1020 822 exemplum
1045 753 1192 808 citationis.
1211 753 1386 808 Venerabilis
1404 755 1429 809 d.
1452 756 1586 812 lacobus

333 839 542 895 archidiaconus
555 839 727 910 Spalatensie
738 839 924 910 praesentavit
935 839 960 894 d.
974 839 1109 910 Gregorio
1128 843 1260 912 episcopo
1275 843 1450 912 Tragurienai
1473 844 1586 898 litteras

333 927 421 982 tribus
439 927 538 997 sigillis
556 927 690 998 sigillitas,
709 927 832 982 Mareelo
851 927 934 998 episc.
953 927 1035 996 Non,
1047 927 1165 984 Joannis
1183 929 1291 984 abbatie
1310 937 1338 986 et
1355 929 1455 986 Jacobi
1474 932 1585 988 archid.

333 1021 463 1070 sonantes
481 1014 558 1069 fratri
577 1014 712 1084 Gregorio
736 1015 866 1085 episcopo
889 1013 1073 1084 Traguriensi‚
1096 1021 1124 1071 et
1152 1017 1297 1074 Leonardo
1322 1017 1434 1074 Faletro
1458 1019 1586 1089 plebano

333 1120 354 1156 s.
373 1101 474 1171 Angeli
493 1102 527 1156 de
545 1101 679 1168 Venetiie,
698 1101 849 1156 Mutinensi
868 1119 901 1156 ac
919 1101 1089 1157 Sibenioensi
1115 1104 1203 1160 electo
1228 1121 1261 1160 ac
1284 1105 1391 1160 clericis
1413 1105 1585 1176 Tragurien-

332 1191 418 1244 111111.
436 1189 470 1244 Ι1
488 1189 589 1260 quibua
607 1190 647 1244 eis
665 1189 879 1244 communicavit
897 1190 1002 1244 litterae
1025 1190 1135 1246 Nicolai
1161 1191 1211 1246 iv.
1236 1209 1333 1262 papae,
1351 1192 1434 1248 buius
1459 1195 1584 1249 tenoris:

333 1277 419 1343 (Vide
437 1277 506 1332 Doo.
526 1276 722 1334 MODXXIH.
741 1279 783 1332 26.
803 1277 973 1348 Septembris
991 1277 1079 1347 1288.)
1098 1277 1132 1332 ln
1150 1294 1233 1332 sensu
1251 1280 1344 1350 itaque
1362 1279 1486 1335 mandati
1506 1279 1584 1336 Pou-

333 1365 408 1419 titicii
428 1365 504 1419 citati
523 1371 588 1418 suut
604 1364 737 1436 praedicti
756 1365 908 1434 Gregorius
926 1371 954 1419 et
972 1365 1134 1421 Leonardus
1153 1381 1202 1437 per
1220 1366 1296 1436 ipsos
1308 1366 1459 1438 delegatos,
1479 1375 1512 1423 ut
1533 1385 1585 1440 per

332 1468 362 1507 se
380 1452 424 1507 vel
442 1468 491 1524 per
508 1459 699 1522 procuratores
717 1467 783 1508 suos
802 1459 980 1522 compareant
999 1451 1117 1508 Romae.

384 1541 506 1594 Lucios:
525 1541 606 1594 Mem.
628 1539 658 1594 di
680 1541 765 1594 Trou.
784 1557 812 1610 p.
832 1543 891 1595 121.

387 1681 611 1738 MGDXXXVI.
628 1681 770 1740 venetiis.
789 1685 865 1737 1289.
885 1685 927 1738 14.
946 1683 1030 1736 Maii.
1055 1685 1186 1739 Astantes
1205 1701 1297 1739 coram
1316 1685 1399 1740 Petro
1418 1685 1586 1741 Gradonico

336 1771 407 1826 1111
426 1771 607 1826 Venetiarum
625 1770 731 1841 atejus
755 1770 870 1825 consilio
895 1770 1002 1825 nobiles
1020 1771 1069 1824 viri
1088 1771 1200 1842 Paequa
1222 1771 1257 1827 11
1281 1773 1445 1828 Varicaesso
1468 1781 1498 1828 11
1524 1773 1585 1828 Do-

333 1857 444 1912 maldus
462 1857 496 1911 de
515 1857 647 1912 Sadolino
672 1859 745 1924 cisse
768 1857 880 1925 Jadrae,
904 1865 1094 1929 procuratores
1118 1867 1146 1913 et
1170 1865 1277 1914 actores
1301 1861 1403 1930 egregii
1428 1860 1478 1915 viri
1497 1861 1585 1916 Pauli

332 1945 519 2001 Breberiensis
536 1946 600 2000 bani
614 1946 712 2001 eteius
724 1946 839 2000 fratrrrm
853 1946 962 2000 comitis
979 1945 1092 2016 Georgii
1111 1953 1139 2002 et
1157 1947 1265 2002 comitis
1283 1947 1401 2003 Mladini
1419 1949 1587 2004 solemniter

333 2035 470 2088 iniverunt
488 2039 516 2088 et
534 2034 710 2088 firmaverunt
733 2050 830 2104 puram
850 2039 878 2086 11
895 2031 1003 2086 firmam
1025 2037 1152 2104 treugam
1170 2051 1258 2104 usque
1276 2035 1312 2089 ad
1330 2041 1386 2090 tres
1404 2053 1492 2090 annos
1518 2053 1588 2092 cou-

333 2111 424 2192 pletos
441 2137 504 2176 cum
523 2120 670 2191 magnifico
688 2121 758 2175 duce
771 2126 799 2175 et
811 2121 950 2175 communi
963 2127 991 2174 et
1002 2120 1160 2175 hominibus
1182 2121 1372 2190 venetiarum,
1391 2125 1587 2194 promittentes,

333 2209 409 2279 quod
427 2226 477 2264 nec
495 2225 544 2278 per
571 2224 600 2262 se
624 2223 675 2262 nec
698 2225 747 2277 per
770 2225 836 2262 euos
859 2206 985 2262 homines
1008 2215 1058 2262 aut
1081 2208 1206 2264 homines
1230 2209 1344 2264 Almisei
1369 2207 1513 2264 offendent
1540 2210 1586 2264 vel

334 2297 435 2353 offendi
460 2297 569 2362 sacient,
589 2295 687 2350 ducem
705 2302 733 2349 et
751 2293 881 2350 Venetos.

391 2382 516 2438 Weneel:
538 2381 603 2437 God.
622 2381 691 2450 dipl.
711 2383 780 2450 Arp.
799 2381 855 2435 IX.
870 2397 901 2450 p.
920 2384 979 2436 500.

386 2521 625 2578 MODXXXVII.
643 2523 779 2580 dadone.
798 2525 928 2577 111116.
941 2523 1026 2576 Mati.
1039 2523 1057 2578 J
1059 2525 1163 2579 acobue
1174 2523 1384 2579 archidiaconus
1397 2522 1586 2594 spalatensis,

334 2609 442 2667 Nicolai
460 2610 511 2664 IV.
535 2627 624 2682 papae
644 2610 731 2681 judex
755 2610 907 2679 delegatus,
930 2612 958 2664 in
983 2613 1126 2681 questione
1150 2611 1319 2666 Sibeniceuei
1345 2618 1374 2666 et
1391 2611 1584 2683 Traguriensi‚

334 2698 449 2753 mandat
466 2700 598 2770 magistro
615 2697 764 2754 Francisco
788 2700 895 2753 notario
919 2699 1038 2754 civitatis
1062 2699 1240 2770 Spalatensis,
1265 2716 1328 2754 cum
1353 2699 1400 2754 ille
1424 2700 1460 2754 ad
1484 2717 1587 2770 preces

335 2803 400 2840 suas
418 2786 581 2842 confecisset
600 2787 654 2842 duo
672 2789 855 2843 instrumenta
872 2789 901 2842 in
919 2787 1081 2858 quaestione
1100 2787 1247 2857 praedicta,
1267 2803 1320 2857 que
1339 2804 1394 2841 non
1413 2794 1480 2841 sunt
1492 2788 1586 2858 ipsius

334 2891 429 2928 verum
447 2873 589 2928 Romanae
608 2875 740 2930 ecclesiae
758 2882 785 2930 et
803 2876 903 2930 summi
922 2875 1069 2945 pontilicis,
1088 2881 1116 2930 et
1133 2875 1193 2944 ipsa
1212 2891 1267 2928 non
1285 2875 1426 2928 modicum
1445 2874 1588 2930 defectiva

335 2963 398 3028 siut,
416 2969 448 3016 ut
466 2961 607 3032 praedicta
624 2964 807 3019 instrumenta
819 2962 972 3020 secundum
985 2963 1144 3034 exemplum
1157 2962 1230 3034 quod
1249 2963 1272 3016 ei
1292 2963 1385 3028 mittit,
1399 2961 1539 3018 conticere
1559 2971 1588 3018 ct

335 3049 481 3106 emendare
500 3057 584 3106 curet.

387 3136 517 3192 Farlutr':
535 3137 617 3206 Illpr.
638 3137 716 3191 aS'ucr.
737 3137 766 3191 Τ.
785 3137 836 3192 IV.
856 3153 882 3208 p.
902 3139 962 3192 458.

391 3277 646 3334 MCDXXXVIII.
671 3279 842 3350 Zagrabiaa.
866 3282 942 3334 1289.
967 3281 1009 3332 211.
1033 3280 1117 3334 alati.
1142 3279 1284 3334 Jobanues
1308 3281 1454 3349 epiecopus
1479 3280 1589 3351 Zagra-

335 3368 437 3421 biensis
456 3373 551 3421 notum
570 3367 644 3433 facit,
664 3367 739 3438 quod
757 3384 820 3422 cum
838 3384 888 3438 per
911 3367 1101 3421 infidelitatem
1121 3367 1217 3437 Ugrini
1242 3367 1360 3421 condam
1384 3366 1529 3422 castellani
1551 3369 1589 3424 de

336 3455 423 3525 (iarig
442 3455 545 3510 dictum
565 3461 686 3509 castrum
705 3456 740 3508 ab
758 3455 874 3508 ecclesia
885 3455 969 3508 fuerit
980 3455 1130 3508 alienatum
1143 3454 1217 3508 etde
1231 3453 1305 3508 dicto
1318 3460 1407 3510 castro
1420 3471 1470 3524 per
1483 3455 1587 3526 depre-

334 3542 443 3596 datores
470 3544 498 3596 iu
525 3549 585 3597 toto
609 3545 769 3613 episcopatu
788 3542 960 3596 incredibilia
984 3541 1085 3596 damna
1109 3543 1164 3596 sint
1191 3541 1276 3595 illata.
1295 3548 1322 3596 et
1346 3541 1495 3596 comitatus
1522 3547 1587 3600 eius

336 3631 514 3685 Gbasmensia
532 3633 696 3685 intrinsecus
714 3637 742 3684 11
760 3631 929 3685 extrinsecus
948 3631 984 3683 sit
1001 3630 1081 3683 bonis
1105 3629 1234 3684 omnibus
1258 3629 1401 3698 spoliatus,
1419 3629 1589 3688 homiuibus

335 3703 441 3784 occisis,
460 3719 629 3772 detnrncatis
647 3725 675 3772 et
693 3718 866 3787 captivitatis.
886 3715 1024 3782 Quocirca
1042 3717 1159 3770 eundem
1179 3715 1315 3786 Ugrinum
1328 3717 1457 3770 omnibus
1471 3735 1587 3788 posses·

335 3804 458 3858 sionibus
482 3805 511 3858 in
536 3805 696 3874 episcopatu
722 3805 878 3858 constitutis
903 3803 1101 3858 sententialiter
1125 3803 1245 3857 decrevit
1269 3803 1395 3872 spoliari3
1420 3803 1454 3858 de
1480 3807 1589 3875 quibus

334 3909 427 3954 unam,
452 3907 523 3961 quae
548 3892 686 3961 quondam
711 3893 777 3947 Jula
801 3892 849 3945 lilii
874 3892 1004 3961 Voynich
1028 3893 1087 3945 eine
1110 3891 1210 3945 herede
1235 3889 1404 3958 decedentis,
1423 3909 1509 3961 quam
1529 3896 1587 3964 ipsi

335 3979 441 4048 Ugrino
460 3979 614 4034 contulerat
631 3980 658 4032 in
677 3981 809 4034 comitatu
828 3979 862 4033 11
881 3979 1002 4034 Iwanich
1021 3979 1112 4045 sitam,
1130 3979 1205 4033 dedit
1223 3985 1251 4033 11
1269 3977 1382 4033 donavit
1395 3980 1490 4034 comiti
1510 3979 1586 4036 Gar-

335 4065 400 4119 1111
419 4073 474 4119 tarn
494 4066 575 4121 titulo
588 4067 743 4122 donationis
756 4084 838 4138 quam
851 4066 1026 4132 venditionis,
1039 4081 1101 4119 crim
1115 4065 1188 4119 idem
1201 4081 1293 4120 comes
1306 4083 1356 4136 pro
1369 4069 1588 4123 necessitatibus

335 4151 429 4207 arduis
448 4153 555 4209 dederit
572 4155 596 4208 ei
615 4156 650 4210 30
667 4171 772 4208 marcas
791 4155 915 4224 singulas
934 4171 996 4208 cum
1016 4154 1132 4223 singulis
1146 4155 1266 4224 quinque
1280 4154 1373 4224 pensis
1385 4157 1589 4224 computando.

392 4240 615 4296 1111111111.
636 4241 713 4296 Hist.
735 4243 764 4296 Τ.
784 4243 807 4297 Ι.
827 4259 853 4312 p.
871 4244 932 4296 225.

388 4363 706 4420 ΜΟΒΧΧΧΙΧ.1289.
726 4363 1044 4420 11.]1111.111111111
1068 4363 1118 4417 IV.
1144 4380 1191 4417 rex
1216 4365 1347 4430 notificat,
1373 4363 1447 4435 quod
1474 4366 1587 4423 nobiles

336 4453 386 4506 viri
412 4451 555 4506 lohannes
582 4453 743 4508 Leonardus
770 4461 797 4508 et
824 4454 921 4509 fratros
941 4470 1043 4520 eorum,
1071 4452 1120 4507 lilii
1148 4453 1257 4506 comitis
1285 4451 1358 4522 Wyd
1386 4451 1421 4506 de
1449 4452 1587 4520 vinodol,

336 4538 452 4592 Modrus
471 4545 498 4594 et
517 4539 615 4608 vegla,
633 4542 724 4595 missis
743 4541 778 4596 ad
797 4559 859 4595 sum
878 4539 1101 4611 procuratoribus
1126 4541 1183 4594 suis
1207 4541 1346 4610 petierunt
1363 4539 1398 4594 ab
1417 4557 1450 4594 eo
1469 4549 1503 4596 ut
1522 4559 1587 4612 pos·

334 4628 470 4680 sessiones
494 4644 597 4694 eorum,
620 4628 707 4695 villas,
732 4628 851 4697 praedia,
875 4627 987 4694 insulae,
1012 4629 1125 4681 castella
1144 4634 1195 4682 etc.
1216 4629 1280 4698 jura
1304 4633 1467 4698 patronatus
1491 4631 1583 4686 eccle·

337 4713 439 4788 sienim
458 4713 491 4778 de
511 4713 646 4774 Corbavia
664 4723 692 4776 et
710 4715 744 4774 de
763 4715 878 4786 Sceuya,
896 4728 967 4788 quae
989 4722 1016 4770 et
1040 4732 1108 4794 quas
1133 4731 1167 4778 ex
1192 4716 1338 4779 crfflatione
1362 4731 1459 4794 regum
1487 4735 1585 4796 posse-
