3544 5344
381 393 421 458 12
875 416 898 456 1.
921 403 1119 471 nummo,

378 583 406 636 iu
425 581 511 636 altero
531 581 657 652 proprias
674 579 763 634 molas
781 585 875 651 ponat.
894 577 925 632 Si
943 583 1037 633 eutem
1054 577 1100 634 ille
1112 579 1211 633 eteius
1230 593 1372 633 successor
1389 579 1516 650 proprias
1530 579 1619 636 molas

379 668 416 722 ibi
435 684 538 739 ponere
561 666 687 734 noluerit,
712 666 780 721 nulli
805 671 936 720 extremo
955 665 1008 720 nisi
1026 665 1124 722 Sentio
1148 665 1237 720 molas
1255 681 1358 736 ponere
1375 665 1485 722 tribuet
1510 666 1540 721 Si
1557 668 1620 738 ipra

378 754 479 809 domus
497 759 563 825 post
579 753 648 809 haec
665 753 811 820 defecerit,
830 752 866 807 de
883 753 1024 808 communi
1041 752 1187 824 dispendio
1205 769 1267 808 eam
1285 759 1419 824 reparent.
1439 752 1470 809 st
1487 753 1620 826 archiepi-

380 858 481 912 scopus
505 841 676 910 oaralagiam
700 856 780 894 suam
802 856 931 910 reparare
954 839 1078 906 voluerit,
1103 839 1142 894 ite
1160 856 1222 895 eam
1239 847 1356 911 reparet,
1380 840 1455 910 quod
1479 842 1620 911 cavalagie

380 927 469 984 Sentii
496 944 552 982 nou
580 926 743 981 offendetur.
770 926 918 996 Presbyter
944 925 1075 981 Sebstius
1099 925 1209 996 juretus
1236 927 1360 983 notarius
1387 929 1540 982 communis
1566 929 1620 984 hoc

379 1015 462 1070 breve
480 1014 597 1084 scripsit
622 1014 759 1068 Martinus
777 1015 949 1069 examinator
972 1029 1086 1068 manum
1106 1013 1188 1079 misit,
1212 1015 1343 1083 magister
1361 1015 1512 1083 Gregorius
1530 1016 1620 1085 spala-

379 1101 466 1157 tensis
489 1101 613 1156 notarius
634 1101 717 1172 jussu
740 1101 916 1156 dominorum
935 1100 1070 1171 judicum,
1097 1099 1201 1167 Duimi,
1226 1101 1349 1156 Formiui
1373 1109 1401 1156 et
1423 1101 1515 1158 Miohe
1532 1101 1619 1157 Medii

379 1187 447 1243 Jore
465 1193 494 1242 et
511 1188 658 1242 consiliarii
676 1193 704 1242 et
721 1189 806 1243 totius
824 1189 916 1243 curiae
934 1186 1099 1258 spalatensis
1122 1189 1194 1243 hauc
1211 1193 1314 1242 cartam
1333 1205 1367 1242 ex
1385 1189 1524 1244 autentica
1544 1195 1620 1244 cama

381 1275 487 1330 Sebatii
505 1275 604 1328 notarii
622 1275 789 1346 exemplavit
807 1281 834 1330 et
852 1277 932 1345 signo
950 1279 1080 1330 consveto
1099 1275 1224 1346 signarit
1243 1277 1276 1330 A.
1298 1276 1372 1330 1247.
1392 1277 1434 1330 23.
1454 1275 1529 1346 Sept

431 1371 480 1425 Ex
498 1369 610 1427 arctico
633 1372 727 1427 aulico
750 1371 900 1427 mansi.
918 1371 989 1427 Acta
1008 1371 1086 1440 spat.
1107 1371 1197 1439 XVI,
1216 1373 1317 1438 1.,154
1346 1370 1483 1426 Gerroro:
1509 1371 1620 1426 Archiv.

380 1459 465 1528 capit.
484 1459 575 1513 Ρ.13.

431 1596 573 1652 XXXIX.
592 1597 626 1652 A.
642 1601 719 1652 1203.
736 1597 902 1653 Homericus
917 1614 966 1652 rex
979 1596 1074 1667 Hung.
1088 1603 1116 1652 st
1128 1595 1257 1652 Oroatiae
1274 1597 1405 1663 notificat,
1425 1597 1500 1666 quod
1519 1598 1554 1652 ad
1573 1616 1620 1669 pc-

378 1683 503 1738 titionem
516 1683 613 1738 Zlaudi
625 1684 835 1755 wesprimiensis
854 1685 984 1755 episcopi,
1003 1685 1088 1755 ipsos,
1107 1685 1155 1754 qui
1167 1701 1250 1754 super
1262 1691 1362 1739 terram
1381 1684 1454 1738 beati
1467 1684 1619 1751 Michaelis,

378 1787 451 1840 quae
468 1771 539 1825 inter
557 1771 667 1826 Murem
686 1777 713 1826 et
730 1771 853 1824 Dravam
873 1771 1006 1838 consistit,
1025 1777 1237 1838 commorantur,
1259 1771 1293 1826 de
1311 1772 1396 1825 totius
1414 1770 1500 1825 debiti
1517 1772 1620 1825 incum-

379 1857 469 1912 bentis
488 1863 516 1912 et
530 1858 600 1928 juris
618 1857 654 1912 ad
673 1874 766 1926 regem
785 1875 835 1912 eeu
847 1857 883 1911 ad
896 1857 999 1912 benum
1017 1859 1179 1928 pertinentis
1198 1857 1365 1928 obligatione
1384 1857 1509 1924 absolvit,
1528 1861 1556 1912 et
1571 1873 1620 1913 eos

379 1943 476 2000 ordine
493 1945 641 2014 excipiens,
659 1944 734 2014 quod
752 1943 912 1999 decaetero
927 1945 1092 1999 martirinas
1110 1962 1166 2000 nou
1184 1945 1351 2015 persolvant,
1370 1950 1512 2016 praeterea
1529 1961 1620 2014 neque

380 2031 469 2084 banus
486 2047 578 2100 neque
595 2031 704 2085 curialis
723 2047 823 2096 comes,
842 2047 932 2102 neque
947 2031 1046 2102 aliquis
1064 2031 1140 2098 alter,
1160 2031 1222 2086 illos
1240 2032 1390 2098 suctione,
1409 2033 1466 2086 sive
1478 2030 1514 2085 ad
1526 2048 1620 2101 regern

381 2118 438 2172 sire
456 2117 491 2172 ad
510 2117 587 2188 ipsos
605 2123 755 2188 spectante,
774 2117 896 2174 audeant
913 2118 1026 2174 ulterius
1045 2119 1219 2189 aliquetenus
1237 2135 1395 2190 aggravare.

431 2212 526 2280 cher:
546 2211 637 2267 Oodsc
654 2212 723 2282 dipl.
742 2214 775 2268 R.
795 2215 830 2266 Η.
852 2215 989 2282 I'.11..p.
1009 2217 1068 2266 414.

432 2351 493 2406 XL.
517 2352 678 2422 Anagniae,
701 2355 726 2406 5.
744 2352 906 2408 Novembris
923 2357 1001 2406 1203.
1022 2353 1202 2409 Innocentius
1220 2354 1274 2408 111.
1294 2371 1367 2425 pape
1392 2354 1619 2425 compositionem

380 2439 451 2494 inter
469 2437 610 2492 Andream
630 2437 731 2494 ducem
749 2439 895 2495 Slavoniae
914 2447 941 2494 at
959 2441 1115 2496 Emerioum
1139 2458 1232 2512 regem
1249 2441 1389 2510 Ungariae
1407 2441 1435 2494 in
1455 2439 1488 2494 G.
1507 2441 1579 2496 tituli
1598 2457 1618 2494 s.

380 2525 481 2580 Vitalis
499 2525 653 2596 presbyteri
671 2525 825 2592 cardinalis,
843 2531 910 2582 tuuc
922 2532 1010 2598 apost
1024 2527 1098 2582 sedis
1109 2528 1194 2597 legati
1206 2527 1334 2582 manibus
1349 2533 1486 2582 versatam
1499 2534 1526 2582 et
1538 2526 1574 2582 ab
1587 2544 1620 2582 eo

381 2611 559 2682 postmodum
582 2612 780 2678 confirmatam,
806 2613 876 2668 sicut
895 2613 930 2667 ab
948 2619 1065 2683 utreque
1083 2620 1162 2684 parte
1182 2620 1281 2685 sponte
1300 2621 1410 2686 recepte
1428 2620 1478 2682 cst,
1503 2615 1620 2670 auctori-

380 2704 437 2754 tate
455 2699 607 2769 apostolica
625 2699 776 2754 confirmat

432 2794 566 2850 Katono:
583 2795 712 2850 Historia
730 2795 825 2866 Hunp.
847 2796 875 2850 T.
894 2797 953 2862 11⁷,
970 2813 999 2865 p.
1020 2800 1079 2852 690.
1101 2796 1183 2864 Fcier
1201 2797 1218 2851 l.
1237 2813 1252 2853 c
1279 2799 1310 2850 P.
1330 2773 1387 2850 411.

433 2933 509 2988 XLI.
534 2935 696 3006 Anepnioe,
720 2939 745 2988 0.
770 2936 928 2990 Novembris
954 2939 1029 2992 1203.
1052 2935 1232 2991 Innocentius
1256 2935 1310 2989 III.
1335 2934 1460 3006 pontifex
1485 2935 1621 3006 promittit

380 3019 444 3076 duci
457 3019 619 3076 Sclaveniae
630 3021 766 3088 Andreae,
786 3039 849 3077 cum
860 3029 926 3078 voto
939 3023 1166 3094 peregrinationis
1184 3023 1285 3078 emisso
1304 3023 1480 3093 proposuerit
1490 3022 1519 3076 in
1531 3027 1621 3078 terrae

380 3113 492 3164 sanctes
510 3107 664 3164 subsidium
682 3109 826 3180 proticisci,
845 3111 904 3165 eius
919 3127 1066 3181 personam
1084 3127 1146 3164 cum
1165 3109 1295 3164 omnibus
1313 3109 1370 3162 suis
1388 3108 1468 3163 bonis
1481 3107 1534 3162 sub
1546 3107 1621 3164 beati

380 3195 454 3250 Petri
473 3200 500 3250 et
518 3211 597 3250 suam
615 3196 814 3266 protectionem
832 3197 979 3268 suscipere.
998 3197 1129 3267 Disponit
1147 3213 1265 3266 quoque,
1284 3203 1316 3250 ut
1329 3195 1353 3250 si
1366 3194 1494 3250 dominus
1512 3195 1620 3249 interim

380 3281 534 3336 masculum
552 3283 578 3336 ei
595 3281 661 3337 dare
679 3281 838 3352 dignaretur
855 3283 1010 3349 haeredem,
1029 3284 1057 3337 in
1079 3284 1139 3337 eius
1157 3283 1259 3340 ducatu
1279 3281 1414 3347 succedat,
1434 3285 1462 3336 et
1478 3281 1566 3336 donec
1585 3280 1621 3335 ed

380 3368 531 3438 legitimam
550 3373 669 3422 aetatem
694 3369 856 3440 pervenerit,
882 3370 1052 3441 spostolicae
1070 3369 1143 3424 sedis
1161 3369 1299 3442 praesidio
1323 3367 1469 3440 specialius
1487 3367 1621 3424 foveatur.

381 3549 412 3604 F
433 3467 468 3518 Ie
481 3466 626 3604 lecticario
649 3464 812 3521 bibliotheca
837 3465 983 3534 descripsit
1000 3465 1138 3534 Josrplea
1157 3465 1310 3534 Goroeupi.
1337 3465 1454 3520 Katone
1479 3463 1497 3518 1.
1515 3479 1536 3520 c.
1558 3467 1621 3518 669.

409 3547 464 3616 cicc
493 3553 619 3606 ,6.116.

432 3689 524 3745 XLII.
549 3690 677 3748 111203.
702 3691 867 3748 Homericus
891 3709 940 3749 rex
965 3693 1074 3748 nuntiat
1098 3692 1220 3765 pontifici
1238 3691 1373 3758 Romano,
1398 3689 1473 3760 quod
1491 3705 1556 3744 cum
1572 3689 1622 3744 Jo-

380 3775 487 3830 hanncs
511 3776 571 3848 ejus
595 3778 762 3849 capellanus,
788 3780 836 3850 qui
854 3779 888 3836 de
906 3785 979 3834 terra
998 3779 1090 3834 Culini
1108 3779 1173 3834 bani
1190 3778 1262 3834 duos
1281 3776 1487 3849 principaliores
1505 3793 1539 3831 ex
1557 3776 1621 3830 hae·

381 3861 472 3916 reticis
496 3878 590 3918 secum
613 3864 642 3918 in
666 3867 851 3935 praesentiam
874 3871 947 3936 regis
972 3866 1140 3932 adduxisset,
1165 3882 1214 3920 rex
1238 3865 1368 3936 inspectis
1396 3864 1524 3930 articulis,
1549 3879 1621 3932 quos

382 3956 569 4020 susceperant,
594 3950 691 4006 cadem
715 3953 835 4022 capitula
861 3953 914 4007 sub
932 3969 984 4008 suo
1002 3953 1093 4022 sigillo
1117 3958 1246 4007 contenta
1269 3957 1421 4006 memorato
1440 3951 1548 4016 Oulino,
1574 3949 1621 4018 qui

382 4035 542 4108 tnnoapud
561 4044 709 4106 sumeret,
728 4038 805 4094 dedit
825 4039 947 4094 districte
971 4038 1172 4110 praecipiendo,
1197 4044 1228 4092 ut
1252 4055 1286 4092 ea
1308 4044 1336 4092 et
1360 4037 1421 4104 alie,
1446 4038 1469 4090 si
1493 4053 1548 4106 que
1566 4035 1622 4090 Ro

382 4139 465 4177 mana
483 4123 562 4179 sedes
580 4127 764 4181 transmittere
782 4125 938 4192 decreverit,
961 4125 997 4180 ab
1015 4125 1144 4180 omnibus
1161 4126 1190 4180 in
1208 4131 1281 4182 terra
1298 4125 1382 4181 faciat
1400 4124 1546 4179 observari.
1566 4124 1622 4192 Qui

382 4225 412 4264 se
436 4210 463 4264 in
487 4227 572 4265 manu
595 4212 668 4281 regis
691 4218 718 4267 et
742 4212 940 4284 archiepiscopi
960 4211 1119 4267 Colocensis
1144 4212 1282 4283 obligavit,
1308 4209 1383 4282 quod
1408 4211 1431 4264 si
1455 4208 1490 4264 de
1513 4215 1621 4266 caetero

380 4296 533 4353 haereticos
553 4298 582 4352 in
600 4303 672 4352 terra
696 4315 747 4354 sus
771 4305 948 4354 manutenere
972 4299 1194 4370 praesumpserit,
1219 4299 1293 4354 mille
1311 4313 1417 4352 marcas
1437 4297 1543 4366 argenti
1561 4313 1621 4367 per·

382 4383 477 4452 solvet,
496 4401 614 4454 quarum
625 4401 681 4440 uua
695 4385 829 4441 medietas
849 4387 978 4456 pontifici,
997 4385 1052 4440 alia
1070 4402 1134 4442 vero
1152 4386 1220 4440 fisco
1238 4386 1314 4454 regio
1333 4385 1467 4440 obveniet.
1486 4383 1530 4438 illi
1544 4400 1621 4454 prae·

382 4478 457 4527 terea
480 4471 537 4526 duo
562 4472 678 4542 priores,
703 4473 750 4542 qui
775 4490 838 4527 curn
861 4473 953 4542 legato
978 4477 1121 4538 venerant,
1145 4472 1288 4542 jurarunt,
1313 4469 1388 4540 quod
1411 4470 1621 4526 constitutiones

382 4558 469 4614 mos
488 4559 601 4614 firmiter
619 4558 790 4614 observaturi
808 4560 870 4614 sint.

437 4653 573 4712 atrimae
590 4653 670 4709 Mon.
688 4653 764 4710 stae.
782 4653 878 4710 maid.
897 4655 930 4722 I.,
949 4656 992 4706 22.
