3480 5356
322 354 386 421 370
820 383 840 424 r.
862 369 1059 444 mummuli,

325 541 433 600 sederet
452 543 581 614 generali,
600 545 675 600 venit
686 543 722 600 ad
735 545 795 600 eius
809 546 995 616 praesentiam
1006 561 1100 603 comes
1115 546 1210 602 Pousa
1222 551 1250 602 st
1261 546 1346 602 irater
1357 547 1418 618 ejus
1429 549 1567 617 magister

324 629 419 686 Geche
436 629 598 686 exhibentes
617 632 759 703 privilegia
777 632 901 688 Ladislei
918 635 991 704 regis
1009 651 1043 690 ac
1061 633 1171 691 Nicolai
1189 634 1254 689 bani
1266 635 1316 696 lilii
1328 635 1471 708 Stephani,
1483 640 1565 691 ante-

323 719 442 775 cessoris
461 718 522 789 ejus
540 725 568 775 et
585 719 764 790 quamplures
782 720 887 778 littorea
905 723 1003 792 regias,
1022 721 1158 794 quaedem
1176 723 1259 778 etiem
1278 723 1362 779 Belee
1380 723 1454 796 regis
1472 722 1565 778 felicis

323 806 533 875 recordationis,
552 823 636 879 super
654 808 782 878 gratuitis
800 814 828 863 et
845 810 992 866 meritoriis
1008 810 1125 866 servitiis
1143 811 1302 878 eorundem,
1326 810 1367 866 ita
1392 809 1467 880 quod
1485 809 1565 866 idem

323 911 417 951 comes
434 895 537 962 Pensa,
562 895 697 966 magister
715 893 809 952 Gecbe
827 901 855 952 et
873 897 993 952 universi
1017 897 1115 970 populi
1132 897 1284 954 eorundem
1302 898 1330 952 in
1348 897 1482 953 comitatu
1500 896 1564 952 Ori·

322 983 406 1040 aiensi
424 989 452 1038 et
469 981 628 1052 Simigieusi
647 982 774 1040 videlicet
791 984 819 1039 in
837 981 962 1050 Vrbona,
981 983 1180 1042 Oberneborda
1203 991 1231 1041 et
1253 985 1381 1042 ltuchine
1399 985 1562 1054 existentes,

322 1068 459 1126 aludicio
477 1075 505 1126 et
522 1069 711 1126 iurisdictione
729 1071 837 1128 comitis
856 1071 1003 1128 (hiriensis
1021 1073 1103 1130 etde
1125 1072 1242 1130 collecte
1260 1079 1366 1145 septem
1383 1071 1564 1128 denariorum

323 1173 396 1227 quae
413 1158 519 1214 ratione
536 1158 606 1214 lucri
624 1175 749 1214 mmerae
768 1159 912 1216 annuatim
930 1161 1005 1231 exigi
1022 1161 1166 1216 consuevit
1183 1160 1298 1232 excepti,
1312 1167 1341 1216 et
1352 1160 1445 1216 solum
1453 1158 1564 1231 judicio

321 1245 387 1301 bani
404 1245 491 1302 totius
508 1245 656 1302 slavonice
674 1251 765 1304 estere
782 1252 920 1304 tenentur.
937 1247 1115 1319 Privilegium
1133 1248 1216 1320 igitur
1234 1249 1287 1306 hoc
1304 1247 1450 1305 confirmat
1468 1245 1562 1302 banne

321 1349 386 1389 cum
404 1333 486 1390 sociis
505 1333 562 1388 suis
581 1343 608 1390 et
625 1333 767 1390 nobilibus
785 1335 871 1406 regni.

378 1419 522 1492 Ompiocb
538 1423 570 1476 io
586 1438 679 1491 porco
697 1427 778 1478 corta
794 1438 976 1494 perqomeoec
993 1425 1026 1478 to
1042 1439 1103 1479 orca
1121 1421 1286 1480 collectione

375 1561 582 1620 MOOLXXII.
600 1567 677 1620 12⁷9.
696 1563 845 1620 Ledielaus
862 1563 914 1620 1v.
933 1581 982 1620 rex
1008 1564 1044 1620 ad
1069 1565 1230 1637 petitionem
1247 1563 1395 1635 Jobeunis,
1412 1563 1562 1634 boccardi,

324 1648 460 1722 Stephani
477 1655 506 1705 et
522 1650 626 1722 Doymi
644 1652 776 1708 comitum
793 1651 829 1708 de
847 1651 973 1720 Medma,
991 1651 1083 1723 Vegla
1106 1657 1134 1708 et
1157 1651 1306 1723 Wynodol,
1331 1655 1363 1707 ut
1387 1648 1481 1709 omnia
1502 1652 1560 1723 pri·

321 1736 430 1806 vilegia,
449 1753 521 1808 quae
539 1741 619 1809 pater
637 1739 700 1810 ejus
718 1738 1070 1816 Friderico,Bertolomaeo
1088 1745 1116 1796 et
1134 1739 1254 1796 Gvidoni
1272 1739 1420 1798 comitibus
1433 1737 1562 1810 patribus

324 1841 421 1882 eorum
439 1823 561 1894 dederat,
580 1842 632 1882 suo
648 1826 794 1897 privilegio
812 1827 1002 1896 confirmaret;
1020 1827 1167 1884 attendens
1187 1825 1280 1884 tidelis
1298 1827 1410 1884 servitia
1421 1825 1563 1882 dictorum

324 1913 465 1981 comitum,
483 1929 556 1983 quae
574 1914 600 1968 ei
618 1919 647 1970 ot
669 1913 893 1986 progenitoribus
915 1915 975 1970 eius
999 1915 1207 1986 impendissent,
1237 1921 1389 1972 memorate
1414 1915 1561 1986 privilegia

323 2002 471 2056 transumit
488 2007 517 2057 et
533 2001 684 2058 confirmet.
703 2001 809 2058 Datum
827 2018 877 2074 per
894 2019 994 2058 manus
1012 2004 1137 2074 magistri
1155 2003 1267 2059 Nicolai
1286 2002 1416 2058 Albensis
1434 2001 1514 2058 electi
1532 2005 1563 2056 et

320 2088 402 2145 eules
420 2088 642 2146 vicecancellarii

374 2191 473 2261 Fqicr:
494 2192 558 2250 Occi.
577 2193 647 2264 dipl.
668 2195 697 2248 Τ.
720 2193 820 2252 vavor
839 2195 880 2249 11.
895 2210 925 2264 p.
944 2199 1005 2250 552.
1024 2198 1085 2250 554.

305 2397 309 2406 ,
376 2333 595 2390 MOOLXXIIL
620 2337 696 2390 12⁷9.
719 2335 869 2392 Ladislaus
892 2335 944 2392 1v.
966 2353 1015 2392 rex
1038 2335 1171 2405 notificet,
1198 2335 1273 2406 quod
1298 2341 1492 2408 procuratores
1509 2335 1561 2392 Jo-

322 2421 422 2477 hanuis
448 2422 557 2478 comitis
580 2421 615 2477 de
639 2421 745 2494 Wegle,
772 2423 908 2480 Winodcl
931 2428 960 2479 et
983 2421 1100 2478 Modrus
1125 2422 1317 2480 exhibuissent
1340 2425 1366 2480 ei
1385 2423 1562 2496 privilegium

322 2509 410 2580 patris
428 2509 488 2564 eiua
506 2509 641 2580 Stephani
658 2509 694 2566 V.
712 2511 786 2582 regis
804 2527 829 2567 a.
848 2512 924 2568 1271.
943 2525 1027 2582 super
1048 2514 1186 2580 potestate
1208 2511 1244 2568 de
1268 2511 1369 2568 Sceuia
1388 2525 1561 2580 concessum,

322 2601 447 2669 petentes
464 2596 539 2653 idem
551 2596 725 2669 privilegium
742 2598 907 2655 confirmari
926 2598 1014 2656 Cuius
1033 2598 1159 2670 petitioni
1177 2615 1226 2654 rex
1244 2601 1350 2656 annuit.

372 2704 422 2759 Ie'or
439 2704 511 2760 acta
521 2719 571 2773 per
582 2703 685 2760 tanam
703 2705 981 2776 Kliaea-licdcroory
999 2719 1033 2759 ec
1049 2705 1128 2774 repns'
1145 2704 1257 2762 cretico
1275 2705 1387 2762 oblatis.
1412 2705 1450 2762 N.
1468 2703 1504 2760 Β.
1522 2703 1559 2762 A.

321 2795 397 2848 1646.
415 2792 468 2848 Nr.
479 2795 504 2845 2.

372 2930 591 2988 mcccxxiv.
609 2935 687 2989 1279.
705 2933 855 2989 Ladisleus
872 2930 923 2989 1v.
942 2949 991 2988 rex
1009 2932 1185 2990 commendat
1209 2931 1369 3002 memoriae,
1397 2928 1473 3000 quod
1497 2929 1559 3000 ipse

322 3023 352 3075 et
368 3018 481 3076 domiue
498 3019 595 3090 regine
612 3035 727 3076 consors
745 3021 806 3091 ejus
824 3021 954 3076 comitem
966 3021 1132 3078 Perchinum
1144 3020 1181 3076 ad
1193 3019 1330 3076 Karolum
1341 3033 1436 3091 regem
1447 3015 1560 3075 Siciliae

325 3122 452 3163 socerum
479 3123 562 3162 suum
588 3124 639 3178 pro
666 3107 783 3180 agendis
809 3107 904 3164 arduis
931 3107 1050 3178 negotiis
1075 3107 1207 3175 miserint,
1232 3105 1362 3178 idemque
1390 3103 1466 3178 apud
1493 3119 1560 3159 eum

323 3194 436 3251 iunctus
454 3195 601 3266 legationis
619 3194 722 3264 officio,
741 3212 804 3251 cum
822 3200 897 3252 esset
913 3196 942 3250 in
960 3210 1011 3250 suo
1029 3192 1139 3250 redditu
1163 3193 1260 3249 incidit
1275 3195 1305 3248 in
1323 3195 1444 3248 latrones
1461 3191 1558 3262 ibique

322 3299 372 3354 per
391 3281 504 3339 eosdem
521 3282 713 3340 miserabiliter
731 3283 821 3340 extitit
844 3284 1034 3354 interemptus,
1058 3287 1086 3337 et
1111 3286 1176 3352 post
1199 3285 1316 3337 mortem
1339 3280 1400 3350 eius
1424 3278 1559 3334 Nicotaus

323 3369 413 3425 banus
432 3370 518 3426 totius
536 3369 684 3428 Slavoniae
702 3372 847 3426 universes
865 3371 1056 3442 possessiones
1069 3368 1195 3425 eiusdem
1209 3370 1357 3425 existentes
1375 3368 1404 3422 in
1428 3365 1562 3424 Slavouia

323 3463 495 3529 occupasset
513 3457 620 3514 Verum
638 3459 705 3529 quia
722 3458 894 3515 Merculiuus
912 3475 1005 3515 comes
1024 3457 1179 3514 avunculus
1197 3456 1287 3528 ipsine
1305 3455 1414 3512 comitis
1432 3452 1562 3510 Perchini

323 3543 521 3600 dimidietatem
538 3546 747 3617 possessionum
764 3546 860 3618 ipsius,
880 3563 960 3602 suam
978 3563 1039 3602 esse
1057 3563 1106 3620 per
1125 3543 1310 3618 privilegialee
1321 3545 1427 3599 litteras
1444 3540 1560 3613 capituli

323 3631 444 3702 Strigon.
463 3632 596 3689 ecclesiae
614 3637 643 3689 et
654 3633 709 3688 alia
721 3632 888 3690 documenta
900 3651 964 3690 cum
977 3633 1114 3691 evidentia
1127 3633 1371 3698 demonstraverat,
1383 3647 1433 3686 rex
1444 3627 1560 3685 eandem

322 3719 499 3775 medietatem
518 3719 591 3776 dicte
609 3720 765 3776 Merculino
788 3721 882 3777 comiti
906 3722 1024 3777 restituit
1050 3722 1079 3776 in
1106 3726 1279 3792 perpetuum,
1307 3715 1447 3774 residuam
1466 3721 1559 3772 autern

323 3805 521 3862 dimidietatem
538 3808 657 3864 restituit
674 3808 797 3864 Antonio
815 3809 923 3865 uterino
941 3808 1018 3864 fratri
1036 3809 1144 3865 comitis
1161 3807 1297 3863 Perchiui.
1312 3806 1433 3877 Insuper
1447 3804 1561 3862 donavit

323 3893 363 3949 eis
382 3911 479 3951 omnes
502 3895 571 3950 alies
595 3896 786 3966 possessiones
812 3911 881 3966 quas
906 3896 1058 3951 Perchinue
1082 3911 1116 3950 ex
1142 3893 1290 3951 collatione
1314 3893 1391 3964 regia
1418 3891 1561 3948 obtinebat

324 3985 436 4054 propter
453 3981 546 4039 fidelia
565 3981 675 4038 servitio
694 3983 848 4051 hieronimi,
861 3999 933 4053 quae
950 3981 1070 4054 primum
1088 3983 1159 4054 patri
1176 3983 1249 4052 regis
1263 3987 1290 4036 et
1301 3980 1415 4036 demum
1426 3980 1489 4052 ipso
1501 3979 1559 4050 regi

325 4069 401 4125 omni
419 4074 544 4140 tempore
556 4068 689 4126 exhibuit.
701 4069 808 4125 Datum
826 4085 986 4141 parmenus
998 4070 1123 4139 magistri
1135 4069 1245 4125 Nicolai
1257 4068 1321 4124 aule
1334 4065 1559 4124 vicecancellarii.

375 4175 424 4230 Ec
448 4175 520 4231 cette
546 4190 598 4244 per
619 4174 722 4230 borram
745 4174 1022 4246 Rham-Hederocry
1043 4189 1077 4230 cc
1098 4174 1180 4244 repat
1201 4173 1313 4231 arctico
1337 4173 1440 4230 ablotis
1465 4159 1505 4229 Ν.
1527 4173 1561 4228 R.

324 4263 359 4318 Δ.
377 4262 461 4318 Fasc.
479 4263 556 4318 1532.
573 4261 611 4318 N.
630 4265 672 4318 38.

376 4401 837 4459 MOOLXXV.1279.Ledislaus
862 4403 915 4460 IV.
939 4419 989 4459 rex
1014 4401 1159 4460 attendens
1186 4401 1333 4458 fidelitates
1357 4405 1385 4458 et
1406 4401 1561 4457 laudabiles

325 4489 523 4546 famulaturae
536 4495 663 4546 strenuos
681 4495 760 4546 actus
772 4490 885 4546 militiae
897 4491 1032 4546 nobilium
1040 4490 1225 4563 jobegionum
1245 4489 1327 4544 castri
1340 4493 1368 4544 et
1380 4489 1561 4560 praedialium

327 4593 441 4633 suorum
459 4578 487 4632 in
505 4578 638 4634 comitatu
656 4577 691 4634 de
709 4577 823 4646 Ryuche
842 4578 1026 4648 emetenbm,
1049 4596 1120 4650 quoe
1144 4578 1228 4634 iidem
1252 4578 1373 4649 primum
1395 4573 1478 4634 Betae
1502 4577 1562 4648 regi

328 4679 381 4722 avo
400 4669 429 4721 et
446 4663 589 4737 Stephano
607 4666 680 4738 petri
699 4682 750 4722 suo
768 4670 797 4722 et
814 4663 927 4723 demum
944 4665 1007 4738 ipso
1024 4667 1082 4738 regi
1099 4668 1128 4725 iu
1147 4669 1238 4724 aetate
1255 4669 1351 4722 tenere
1368 4665 1519 4722 constituto
1531 4664 1561 4720 in
