<?xml version="1.0" encoding="UTF-8"?>
<!DOCTYPE html PUBLIC "-//W3C//DTD XHTML 1.0 Transitional//EN"
    "http://www.w3.org/TR/xhtml1/DTD/xhtml1-transitional.dtd">
<html xmlns="http://www.w3.org/1999/xhtml" xml:lang="en" lang="en">
 <head>
  <title>
</title>
<meta http-equiv="Content-Type" content="text/html;charset=utf-8" />
  <meta name='ocr-system' content='tesseract 3.04.00' />
  <meta name='ocr-capabilities' content='ocr_page ocr_carea ocr_par ocr_line ocrx_word'/>
</head>
<body>
  <div class='ocr_page' id='page_1' title='image "./regestadocument00sakcgoog_0052.png"; bbox 0 0 3544 5344; ppageno 0'>
   <div class='ocr_carea' id='block_1_1' title="bbox 356 409 1099 486">
    <p class='ocr_par' dir='ltr' id='par_1_1' title="bbox 356 409 1099 486">
     <span class='ocr_line' id='line_1_1' title="bbox 356 409 1099 486; baseline -0.008 -10"><span class='ocrx_word' id='word_1_1' title='bbox 356 409 400 476; x_wconf 89' lang='grc'><strong>46</strong></span> <span class='ocrx_word' id='word_1_2' title='bbox 853 430 876 474; x_wconf 94' lang='lat'><strong>1.</strong></span> <span class='ocrx_word' id='word_1_3' title='bbox 898 413 1099 486; x_wconf 77' lang='lat' dir='ltr'><strong>xmmnrrt,</strong></span> 
     </span>
    </p>
   </div>
   <div class='ocr_carea' id='block_1_2' title="bbox 358 590 1600 1104">
    <p class='ocr_par' dir='ltr' id='par_1_2' title="bbox 358 590 1600 1104">
     <span class='ocr_line' id='line_1_2' title="bbox 358 590 1592 670; baseline -0.006 -14"><span class='ocrx_word' id='word_1_4' title='bbox 358 599 394 656; x_wconf 89' lang='lat' dir='ltr'><strong>ad</strong></span> <span class='ocrx_word' id='word_1_5' title='bbox 412 616 514 670; x_wconf 82' lang='lat' dir='ltr'><strong>aquam</strong></span> <span class='ocrx_word' id='word_1_6' title='bbox 530 597 643 654; x_wconf 86' lang='lat' dir='ltr'><strong>Jelsove</strong></span> <span class='ocrx_word' id='word_1_7' title='bbox 661 603 689 652; x_wconf 90' lang='lat' dir='ltr'><strong>et</strong></span> <span class='ocrx_word' id='word_1_8' title='bbox 707 613 756 668; x_wconf 92' lang='lat' dir='ltr'><strong>per</strong></span> <span class='ocrx_word' id='word_1_9' title='bbox 779 602 909 664; x_wconf 87' lang='lat' dir='ltr'><strong>montem,</strong></span> <span class='ocrx_word' id='word_1_10' title='bbox 933 595 997 651; x_wconf 89' lang='lat' dir='ltr'><strong>inde</strong></span> <span class='ocrx_word' id='word_1_11' title='bbox 1015 595 1051 650; x_wconf 87' lang='lat' dir='ltr'><strong>ad</strong></span> <span class='ocrx_word' id='word_1_12' title='bbox 1069 595 1142 650; x_wconf 86' lang='lat' dir='ltr'><strong>viam</strong></span> <span class='ocrx_word' id='word_1_13' title='bbox 1161 595 1195 650; x_wconf 85' lang='lat' dir='ltr'><strong>ad</strong></span> <span class='ocrx_word' id='word_1_14' title='bbox 1215 592 1330 661; x_wconf 88' lang='lat' dir='ltr'><strong>Hodud,</strong></span> <span class='ocrx_word' id='word_1_15' title='bbox 1355 591 1473 650; x_wconf 79' lang='lat' dir='ltr'><strong>indeed</strong></span> <span class='ocrx_word' id='word_1_16' title='bbox 1493 590 1592 650; x_wconf 76' lang='lat' dir='ltr'><strong>Orata-</strong></span> 
     </span>
     <span class='ocr_line' id='line_1_3' title="bbox 358 681 1597 756; baseline -0.006 -14"><span class='ocrx_word' id='word_1_17' title='bbox 358 687 421 756; x_wconf 85' lang='lat' dir='ltr'><strong>relg</strong></span> <span class='ocrx_word' id='word_1_18' title='bbox 439 693 467 741; x_wconf 89' lang='lat' dir='ltr'><strong>et</strong></span> <span class='ocrx_word' id='word_1_19' title='bbox 483 687 512 740; x_wconf 93' lang='lat' dir='ltr'><strong>in</strong></span> <span class='ocrx_word' id='word_1_20' title='bbox 530 684 645 752; x_wconf 89' lang='lat' dir='ltr'><strong>Hodud,</strong></span> <span class='ocrx_word' id='word_1_21' title='bbox 671 683 719 739; x_wconf 90' lang='lat' dir='ltr'><strong>ubi</strong></span> <span class='ocrx_word' id='word_1_22' title='bbox 735 685 904 739; x_wconf 90' lang='lat' dir='ltr'><strong>terminatur.</strong></span> <span class='ocrx_word' id='word_1_23' title='bbox 930 685 984 738; x_wconf 91' lang='lat' dir='ltr'><strong>Per</strong></span> <span class='ocrx_word' id='word_1_24' title='bbox 1007 699 1106 737; x_wconf 90' lang='lat' dir='ltr'><strong>manus</strong></span> <span class='ocrx_word' id='word_1_25' title='bbox 1129 683 1199 738; x_wconf 85' lang='lat' dir='ltr'><strong>Cleti</strong></span> <span class='ocrx_word' id='word_1_26' title='bbox 1218 683 1374 738; x_wconf 90' lang='lat' dir='ltr'><strong>cancellarii</strong></span> <span class='ocrx_word' id='word_1_27' title='bbox 1401 689 1428 738; x_wconf 90' lang='lat' dir='ltr'><strong>et</strong></span> <span class='ocrx_word' id='word_1_28' title='bbox 1446 681 1597 754; x_wconf 74' lang='lat' dir='ltr'><strong>praepositi</strong></span> 
     </span>
     <span class='ocr_line' id='line_1_4' title="bbox 359 769 1599 843; baseline -0.005 -15"><span class='ocrx_word' id='word_1_29' title='bbox 359 773 500 843; x_wconf 87' lang='lat' dir='ltr'><strong>agriensis.</strong></span> <span class='ocrx_word' id='word_1_30' title='bbox 528 771 718 826; x_wconf 87' lang='lat' dir='ltr'><strong>Existentibus</strong></span> <span class='ocrx_word' id='word_1_31' title='bbox 745 770 888 842; x_wconf 85' lang='lat' dir='ltr'><strong>Stephano</strong></span> <span class='ocrx_word' id='word_1_32' title='bbox 906 787 978 840; x_wconf 82' lang='lat' dir='ltr'><strong>ragr.</strong></span> <span class='ocrx_word' id='word_1_33' title='bbox 997 769 1210 825; x_wconf 87' lang='lat' dir='ltr'><strong>Bartholomaeo</strong></span> <span class='ocrx_word' id='word_1_34' title='bbox 1229 770 1509 840; x_wconf 81' lang='lat' dir='ltr'><strong>quinqueeoclesiensi</strong></span> <span class='ocrx_word' id='word_1_35' title='bbox 1527 769 1599 840; x_wconf 88' lang='lat' dir='ltr'><strong>epis-</strong></span> 
     </span>
     <span class='ocr_line' id='line_1_5' title="bbox 358 856 1597 930; baseline -0.004 -15"><span class='ocrx_word' id='word_1_36' title='bbox 358 861 436 930; x_wconf 88' lang='lat' dir='ltr'><strong>copis</strong></span> <span class='ocrx_word' id='word_1_37' title='bbox 455 858 550 915; x_wconf 87' lang='lat' dir='ltr'><strong>Ochua</strong></span> <span class='ocrx_word' id='word_1_38' title='bbox 568 858 649 925; x_wconf 81' lang='lat' dir='ltr'><strong>hano,</strong></span> <span class='ocrx_word' id='word_1_39' title='bbox 668 858 798 913; x_wconf 86' lang='lat' dir='ltr'><strong>Bancone</strong></span> <span class='ocrx_word' id='word_1_40' title='bbox 822 858 918 913; x_wconf 87' lang='lat' dir='ltr'><strong>curiali</strong></span> <span class='ocrx_word' id='word_1_41' title='bbox 935 857 1035 913; x_wconf 92' lang='lat' dir='ltr'><strong>comite</strong></span> <span class='ocrx_word' id='word_1_42' title='bbox 1054 857 1126 926; x_wconf 88' lang='lat' dir='ltr'><strong>regis</strong></span> <span class='ocrx_word' id='word_1_43' title='bbox 1144 863 1172 912; x_wconf 89' lang='lat' dir='ltr'><strong>et</strong></span> <span class='ocrx_word' id='word_1_44' title='bbox 1190 858 1289 912; x_wconf 79' lang='lat' dir='ltr'><strong>comite</strong></span> <span class='ocrx_word' id='word_1_45' title='bbox 1308 857 1422 924; x_wconf 89' lang='lat' dir='ltr'><strong>albensi,</strong></span> <span class='ocrx_word' id='word_1_46' title='bbox 1441 856 1597 911; x_wconf 87' lang='lat' dir='ltr'><strong>Laurencio</strong></span> 
     </span>
     <span class='ocr_line' id='line_1_6' title="bbox 359 942 1600 1015; baseline -0.002 -15"><span class='ocrx_word' id='word_1_47' title='bbox 359 947 417 1000; x_wconf 90' lang='lat' dir='ltr'><strong>filio</strong></span> <span class='ocrx_word' id='word_1_48' title='bbox 444 946 539 1002; x_wconf 77' lang='lat' dir='ltr'><strong>Ochus</strong></span> <span class='ocrx_word' id='word_1_49' title='bbox 565 945 697 1014; x_wconf 88' lang='lat' dir='ltr'><strong>magistro</strong></span> <span class='ocrx_word' id='word_1_50' title='bbox 724 945 923 1015; x_wconf 76' lang='lat' dir='ltr'><strong>pincernarum.</strong></span> <span class='ocrx_word' id='word_1_51' title='bbox 952 943 1164 1012; x_wconf 80' lang='lat' dir='ltr'><strong>(Confirmatum</strong></span> <span class='ocrx_word' id='word_1_52' title='bbox 1182 949 1225 998; x_wconf 89' lang='lat' dir='ltr'><strong>est</strong></span> <span class='ocrx_word' id='word_1_53' title='bbox 1251 945 1303 1000; x_wconf 90' lang='lat' dir='ltr'><strong>hoc</strong></span> <span class='ocrx_word' id='word_1_54' title='bbox 1330 945 1398 1014; x_wconf 86' lang='lat' dir='ltr'><strong>priv.</strong></span> <span class='ocrx_word' id='word_1_55' title='bbox 1426 959 1476 1014; x_wconf 91' lang='lat' dir='ltr'><strong>per</strong></span> <span class='ocrx_word' id='word_1_56' title='bbox 1502 942 1600 998; x_wconf 88' lang='lat' dir='ltr'><strong>Hono·</strong></span> 
     </span>
     <span class='ocr_line' id='line_1_7' title="bbox 359 1033 791 1104; baseline -0.007 -16"><span class='ocrx_word' id='word_1_57' title='bbox 359 1035 431 1088; x_wconf 90' lang='lat' dir='ltr'><strong>rium</strong></span> <span class='ocrx_word' id='word_1_58' title='bbox 449 1033 502 1100; x_wconf 88' lang='lat'><strong>111,</strong></span> <span class='ocrx_word' id='word_1_59' title='bbox 522 1049 632 1104; x_wconf 88' lang='lat' dir='ltr'><strong>papam.</strong></span> <span class='ocrx_word' id='word_1_60' title='bbox 651 1034 684 1086; x_wconf 86' lang='lat' dir='ltr'><strong>A.</strong></span> <span class='ocrx_word' id='word_1_61' title='bbox 704 1033 791 1102; x_wconf 73' lang='lat'><strong>1227.)</strong></span> 
     </span>
    </p>
   </div>
   <div class='ocr_carea' id='block_1_3' title="bbox 359 1135 1601 1296">
    <p class='ocr_par' dir='ltr' id='par_1_3' title="bbox 359 1135 1601 1296">
     <span class='ocr_line' id='line_1_8' title="bbox 414 1135 1601 1206; baseline -0.002 -14"><span class='ocrx_word' id='word_1_62' title='bbox 414 1138 542 1194; x_wconf 75' lang='lat' dir='ltr'><strong>Ttalrlit:</strong></span> <span class='ocrx_word' id='word_1_63' title='bbox 566 1137 644 1192; x_wconf 81' lang='lat' dir='ltr'><strong>Mon.</strong></span> <span class='ocrx_word' id='word_1_64' title='bbox 663 1139 744 1206; x_wconf 85' lang='lat' dir='ltr'><strong>episc.</strong></span> <span class='ocrx_word' id='word_1_65' title='bbox 762 1153 837 1206; x_wconf 73' lang='lat' dir='ltr'><strong>repr.</strong></span> <span class='ocrx_word' id='word_1_66' title='bbox 859 1139 878 1205; x_wconf 83' lang='lat' dir='ltr'><strong>l,</strong></span> <span class='ocrx_word' id='word_1_67' title='bbox 895 1153 923 1206; x_wconf 83' lang='lat' dir='ltr'><strong>p.</strong></span> <span class='ocrx_word' id='word_1_68' title='bbox 941 1140 984 1190; x_wconf 78' lang='lat'><strong>49.</strong></span> <span class='ocrx_word' id='word_1_69' title='bbox 1006 1135 1139 1190; x_wconf 77' lang='lat' dir='ltr'><strong>Theimr:</strong></span> <span class='ocrx_word' id='word_1_70' title='bbox 1160 1136 1237 1190; x_wconf 82' lang='lat' dir='ltr'><strong>Mon.</strong></span> <span class='ocrx_word' id='word_1_71' title='bbox 1255 1137 1349 1206; x_wconf 73' lang='lat' dir='ltr'><strong>Harey.</strong></span> <span class='ocrx_word' id='word_1_72' title='bbox 1370 1137 1391 1205; x_wconf 88' lang='lat' dir='ltr'><strong>I,</strong></span> <span class='ocrx_word' id='word_1_73' title='bbox 1408 1151 1437 1205; x_wconf 85' lang='lat' dir='ltr'><strong>p.</strong></span> <span class='ocrx_word' id='word_1_74' title='bbox 1449 1139 1493 1189; x_wconf 81' lang='lat'><strong>77.</strong></span> <span class='ocrx_word' id='word_1_75' title='bbox 1515 1137 1601 1190; x_wconf 72' lang='lat' dir='ltr'><strong>traa-</strong></span> 
     </span>
     <span class='ocr_line' id='line_1_9' title="bbox 359 1223 1497 1296; baseline -0.004 -14"><span class='ocrx_word' id='word_1_76' title='bbox 359 1231 498 1296; x_wconf 82' lang='lat' dir='ltr'><strong>aumptum</strong></span> <span class='ocrx_word' id='word_1_77' title='bbox 517 1226 549 1280; x_wconf 82' lang='lat' dir='ltr'><strong>in</strong></span> <span class='ocrx_word' id='word_1_78' title='bbox 562 1223 783 1280; x_wconf 81' lang='lat' dir='ltr'><strong>BulloHonorii</strong></span> <span class='ocrx_word' id='word_1_79' title='bbox 798 1240 893 1294; x_wconf 77' lang='lat' dir='ltr'><strong>papae</strong></span> <span class='ocrx_word' id='word_1_80' title='bbox 911 1225 944 1279; x_wconf 80' lang='lat' dir='ltr'><strong>de</strong></span> <span class='ocrx_word' id='word_1_81' title='bbox 961 1227 996 1278; x_wconf 96' lang='lat' dir='ltr'><strong>A.</strong></span> <span class='ocrx_word' id='word_1_82' title='bbox 1014 1227 1086 1280; x_wconf 83' lang='grc'><em>1227</em></span> <span class='ocrx_word' id='word_1_83' title='bbox 1103 1227 1133 1278; x_wconf 83' lang='lat' dir='ltr'><strong>in</strong></span> <span class='ocrx_word' id='word_1_84' title='bbox 1152 1223 1264 1279; x_wconf 74' lang='lat' dir='ltr'><strong>arctico</strong></span> <span class='ocrx_word' id='word_1_85' title='bbox 1279 1223 1405 1292; x_wconf 76' lang='lat' dir='ltr'><strong>Capituli</strong></span> <span class='ocrx_word' id='word_1_86' title='bbox 1421 1239 1497 1292; x_wconf 76' lang='lat' dir='ltr'><strong>aayr.</strong></span> 
     </span>
    </p>
   </div>
   <div class='ocr_carea' id='block_1_4' title="bbox 359 1335 1604 3832">
    <p class='ocr_par' dir='ltr' id='par_1_4' title="bbox 359 1335 1604 3832">
     <span class='ocr_line' id='line_1_10' title="bbox 413 1335 1601 1406; baseline -0.003 -14"><span class='ocrx_word' id='word_1_87' title='bbox 413 1337 604 1393; x_wconf 79' lang='lat' dir='ltr'><strong>cxxxxvl.</strong></span> <span class='ocrx_word' id='word_1_88' title='bbox 636 1337 744 1393; x_wconf 79' lang='lat' dir='ltr'><strong>Catari.</strong></span> <span class='ocrx_word' id='word_1_89' title='bbox 778 1338 813 1391; x_wconf 91' lang='lat' dir='ltr'><strong>A.</strong></span> <span class='ocrx_word' id='word_1_90' title='bbox 844 1340 911 1391; x_wconf 87' lang='lat'><em>1221</em></span> <span class='ocrx_word' id='word_1_91' title='bbox 952 1337 1103 1392; x_wconf 80' lang='lat' dir='ltr'><strong>Memoriae</strong></span> <span class='ocrx_word' id='word_1_92' title='bbox 1133 1335 1348 1402; x_wconf 77' lang='lat' dir='ltr'><strong>commendetur,</strong></span> <span class='ocrx_word' id='word_1_93' title='bbox 1379 1335 1455 1406; x_wconf 88' lang='lat' dir='ltr'><strong>quod</strong></span> <span class='ocrx_word' id='word_1_94' title='bbox 1486 1335 1601 1390; x_wconf 89' lang='lat' dir='ltr'><strong>eeclesia</strong></span> 
     </span>
     <span class='ocr_line' id='line_1_11' title="bbox 360 1420 1600 1494; baseline -0.004 -15"><span class='ocrx_word' id='word_1_95' title='bbox 360 1443 381 1480; x_wconf 90' lang='lat' dir='ltr'><strong>s.</strong></span> <span class='ocrx_word' id='word_1_96' title='bbox 400 1425 505 1479; x_wconf 91' lang='lat' dir='ltr'><strong>Mariae</strong></span> <span class='ocrx_word' id='word_1_97' title='bbox 523 1424 558 1478; x_wconf 90' lang='lat' dir='ltr'><strong>de</strong></span> <span class='ocrx_word' id='word_1_98' title='bbox 576 1425 704 1478; x_wconf 89' lang='lat' dir='ltr'><strong>Flumine</strong></span> <span class='ocrx_word' id='word_1_99' title='bbox 723 1431 750 1478; x_wconf 88' lang='lat' dir='ltr'><strong>ct</strong></span> <span class='ocrx_word' id='word_1_100' title='bbox 767 1424 882 1478; x_wconf 87' lang='lat' dir='ltr'><strong>ecclesia</strong></span> <span class='ocrx_word' id='word_1_101' title='bbox 901 1441 923 1477; x_wconf 92' lang='lat' dir='ltr'><strong>s.</strong></span> <span class='ocrx_word' id='word_1_102' title='bbox 941 1423 1079 1479; x_wconf 89' lang='lat' dir='ltr'><strong>Johannis</strong></span> <span class='ocrx_word' id='word_1_103' title='bbox 1104 1423 1138 1478; x_wconf 89' lang='lat' dir='ltr'><strong>de</strong></span> <span class='ocrx_word' id='word_1_104' title='bbox 1160 1423 1281 1478; x_wconf 88' lang='lat' dir='ltr'><strong>Portello</strong></span> <span class='ocrx_word' id='word_1_105' title='bbox 1301 1439 1410 1494; x_wconf 88' lang='lat' dir='ltr'><strong>semper</strong></span> <span class='ocrx_word' id='word_1_106' title='bbox 1427 1422 1529 1478; x_wconf 85' lang='lat' dir='ltr'><strong>fuerint</strong></span> <span class='ocrx_word' id='word_1_107' title='bbox 1547 1420 1600 1474; x_wconf 92' lang='lat' dir='ltr'><strong>sub</strong></span> 
     </span>
     <span class='ocr_line' id='line_1_12' title="bbox 359 1507 1601 1582; baseline -0.006 -15"><span class='ocrx_word' id='word_1_108' title='bbox 359 1513 491 1582; x_wconf 87' lang='lat' dir='ltr'><strong>regimine</strong></span> <span class='ocrx_word' id='word_1_109' title='bbox 518 1511 617 1566; x_wconf 90' lang='lat' dir='ltr'><strong>horum</strong></span> <span class='ocrx_word' id='word_1_110' title='bbox 643 1509 896 1578; x_wconf 81' lang='lat' dir='ltr'><strong>haereditariorum,</strong></span> <span class='ocrx_word' id='word_1_111' title='bbox 923 1509 1050 1565; x_wconf 80' lang='lat' dir='ltr'><strong>videlicet</strong></span> <span class='ocrx_word' id='word_1_112' title='bbox 1078 1509 1114 1564; x_wconf 92' lang='lat' dir='ltr'><strong>de</strong></span> <span class='ocrx_word' id='word_1_113' title='bbox 1131 1510 1231 1566; x_wconf 86' lang='lat' dir='ltr'><strong>comite</strong></span> <span class='ocrx_word' id='word_1_114' title='bbox 1248 1509 1385 1576; x_wconf 87' lang='lat' dir='ltr'><strong>Johanne,</strong></span> <span class='ocrx_word' id='word_1_115' title='bbox 1413 1507 1493 1562; x_wconf 88' lang='lat' dir='ltr'><strong>etde</strong></span> <span class='ocrx_word' id='word_1_116' title='bbox 1511 1507 1601 1560; x_wconf 87' lang='lat' dir='ltr'><strong>Dersa</strong></span> 
     </span>
     <span class='ocr_line' id='line_1_13' title="bbox 360 1595 1600 1668; baseline -0.005 -15"><span class='ocrx_word' id='word_1_117' title='bbox 360 1616 424 1654; x_wconf 90' lang='lat' dir='ltr'><strong>cum</strong></span> <span class='ocrx_word' id='word_1_118' title='bbox 442 1599 492 1664; x_wconf 92' lang='lat' dir='ltr'><strong>his,</strong></span> <span class='ocrx_word' id='word_1_119' title='bbox 512 1599 560 1668; x_wconf 92' lang='lat' dir='ltr'><strong>qui</strong></span> <span class='ocrx_word' id='word_1_120' title='bbox 578 1605 644 1652; x_wconf 88' lang='lat' dir='ltr'><strong>sunt</strong></span> <span class='ocrx_word' id='word_1_121' title='bbox 661 1597 696 1653; x_wconf 90' lang='lat' dir='ltr'><strong>de</strong></span> <span class='ocrx_word' id='word_1_122' title='bbox 715 1597 836 1664; x_wconf 87' lang='lat' dir='ltr'><strong>Bisacca,</strong></span> <span class='ocrx_word' id='word_1_123' title='bbox 856 1615 926 1668; x_wconf 89' lang='lat' dir='ltr'><strong>quas</strong></span> <span class='ocrx_word' id='word_1_124' title='bbox 939 1597 1069 1652; x_wconf 88' lang='lat' dir='ltr'><strong>ecclesias</strong></span> <span class='ocrx_word' id='word_1_125' title='bbox 1082 1604 1213 1653; x_wconf 88' lang='lat' dir='ltr'><strong>rexerunt</strong></span> <span class='ocrx_word' id='word_1_126' title='bbox 1224 1597 1278 1668; x_wconf 88' lang='lat' dir='ltr'><strong>ipsi</strong></span> <span class='ocrx_word' id='word_1_127' title='bbox 1291 1614 1339 1668; x_wconf 92' lang='lat' dir='ltr'><strong>per</strong></span> <span class='ocrx_word' id='word_1_128' title='bbox 1351 1595 1485 1666; x_wconf 88' lang='lat' dir='ltr'><strong>plurimos</strong></span> <span class='ocrx_word' id='word_1_129' title='bbox 1497 1609 1585 1648; x_wconf 92' lang='lat' dir='ltr'><strong>annos</strong></span> <span class='ocrx_word' id='word_1_130' title='bbox 1593 1610 1600 1660; x_wconf 88' lang='lat'>;</span> 
     </span>
     <span class='ocr_line' id='line_1_14' title="bbox 360 1681 1601 1756; baseline -0.005 -16"><span class='ocrx_word' id='word_1_131' title='bbox 360 1685 480 1756; x_wconf 86' lang='lat' dir='ltr'><strong>denique</strong></span> <span class='ocrx_word' id='word_1_132' title='bbox 503 1685 629 1738; x_wconf 83' lang='lat' dir='ltr'><strong>veniente</strong></span> <span class='ocrx_word' id='word_1_133' title='bbox 652 1685 679 1738; x_wconf 93' lang='lat' dir='ltr'><strong>in</strong></span> <span class='ocrx_word' id='word_1_134' title='bbox 698 1691 835 1739; x_wconf 84' lang='lat' dir='ltr'><strong>vetustate</strong></span> <span class='ocrx_word' id='word_1_135' title='bbox 853 1685 915 1754; x_wconf 88' lang='lat' dir='ltr'><strong>ipsa</strong></span> <span class='ocrx_word' id='word_1_136' title='bbox 934 1684 1049 1740; x_wconf 87' lang='lat' dir='ltr'><strong>ecelesia</strong></span> <span class='ocrx_word' id='word_1_137' title='bbox 1074 1689 1132 1738; x_wconf 89' lang='lat' dir='ltr'><strong>erat</strong></span> <span class='ocrx_word' id='word_1_138' title='bbox 1156 1701 1228 1754; x_wconf 92' lang='lat' dir='ltr'><strong>opus</strong></span> <span class='ocrx_word' id='word_1_139' title='bbox 1252 1681 1428 1738; x_wconf 86' lang='lat' dir='ltr'><strong>reedificandi</strong></span> <span class='ocrx_word' id='word_1_140' title='bbox 1452 1698 1522 1746; x_wconf 89' lang='lat' dir='ltr'><strong>eam,</strong></span> <span class='ocrx_word' id='word_1_141' title='bbox 1541 1687 1601 1734; x_wconf 90' lang='lat' dir='ltr'><strong>tum</strong></span> 
     </span>
     <span class='ocr_line' id='line_1_15' title="bbox 361 1767 1600 1842; baseline -0.002 -17"><span class='ocrx_word' id='word_1_142' title='bbox 361 1787 534 1826; x_wconf 85' lang='lat' dir='ltr'><strong>successores</strong></span> <span class='ocrx_word' id='word_1_143' title='bbox 553 1770 587 1824; x_wconf 91' lang='lat' dir='ltr'><strong>de</strong></span> <span class='ocrx_word' id='word_1_144' title='bbox 604 1770 685 1824; x_wconf 88' lang='lat' dir='ltr'><strong>dictis</strong></span> <span class='ocrx_word' id='word_1_145' title='bbox 703 1771 950 1842; x_wconf 76' lang='lat' dir='ltr'><strong>propagationibus</strong></span> <span class='ocrx_word' id='word_1_146' title='bbox 974 1772 1117 1841; x_wconf 86' lang='lat' dir='ltr'><strong>cupientes</strong></span> <span class='ocrx_word' id='word_1_147' title='bbox 1134 1787 1266 1826; x_wconf 88' lang='lat' dir='ltr'><strong>renovare</strong></span> <span class='ocrx_word' id='word_1_148' title='bbox 1284 1769 1428 1824; x_wconf 89' lang='lat' dir='ltr'><strong>ecclesiam</strong></span> <span class='ocrx_word' id='word_1_149' title='bbox 1446 1785 1467 1822; x_wconf 90' lang='lat' dir='ltr'><strong>s.</strong></span> <span class='ocrx_word' id='word_1_150' title='bbox 1487 1767 1600 1833; x_wconf 84' lang='lat' dir='ltr'><strong>Mariae,</strong></span> 
     </span>
     <span class='ocr_line' id='line_1_16' title="bbox 360 1855 1601 1926; baseline -0.003 -14"><span class='ocrx_word' id='word_1_151' title='bbox 360 1858 504 1913; x_wconf 84' lang='lat' dir='ltr'><strong>diruerunt</strong></span> <span class='ocrx_word' id='word_1_152' title='bbox 521 1863 649 1923; x_wconf 84' lang='lat' dir='ltr'><strong>veterem,</strong></span> <span class='ocrx_word' id='word_1_153' title='bbox 674 1863 702 1910; x_wconf 92' lang='lat' dir='ltr'><strong>et</strong></span> <span class='ocrx_word' id='word_1_154' title='bbox 719 1857 747 1910; x_wconf 95' lang='lat' dir='ltr'><strong>in</strong></span> <span class='ocrx_word' id='word_1_155' title='bbox 765 1857 826 1912; x_wconf 91' lang='lat' dir='ltr'><strong>loco</strong></span> <span class='ocrx_word' id='word_1_156' title='bbox 851 1857 910 1910; x_wconf 87' lang='lat' dir='ltr'><strong>eius</strong></span> <span class='ocrx_word' id='word_1_157' title='bbox 934 1857 1137 1912; x_wconf 81' lang='lat' dir='ltr'><strong>fabricaverunt</strong></span> <span class='ocrx_word' id='word_1_158' title='bbox 1161 1857 1251 1924; x_wconf 86' lang='lat' dir='ltr'><strong>aliam,</strong></span> <span class='ocrx_word' id='word_1_159' title='bbox 1277 1873 1348 1926; x_wconf 88' lang='lat' dir='ltr'><strong>quae</strong></span> <span class='ocrx_word' id='word_1_160' title='bbox 1366 1861 1430 1926; x_wconf 85' lang='lat' dir='ltr'><strong>post</strong></span> <span class='ocrx_word' id='word_1_161' title='bbox 1448 1855 1536 1908; x_wconf 87' lang='lat' dir='ltr'><strong>multa</strong></span> <span class='ocrx_word' id='word_1_162' title='bbox 1553 1871 1601 1908; x_wconf 89' lang='lat' dir='ltr'><strong>au-</strong></span> 
     </span>
     <span class='ocr_line' id='line_1_17' title="bbox 361 1940 1600 2012; baseline -0.003 -15"><span class='ocrx_word' id='word_1_163' title='bbox 361 1961 459 1998; x_wconf 90' lang='lat' dir='ltr'><strong>norum</strong></span> <span class='ocrx_word' id='word_1_164' title='bbox 478 1942 619 2010; x_wconf 85' lang='lat' dir='ltr'><strong>curricula,</strong></span> <span class='ocrx_word' id='word_1_165' title='bbox 647 1943 700 1997; x_wconf 90' lang='lat' dir='ltr'><strong>boe</strong></span> <span class='ocrx_word' id='word_1_166' title='bbox 719 1959 763 1998; x_wconf 88' lang='lat' dir='ltr'><strong>ess</strong></span> <span class='ocrx_word' id='word_1_167' title='bbox 782 1961 854 1999; x_wconf 92' lang='lat' dir='ltr'><strong>anno</strong></span> <span class='ocrx_word' id='word_1_168' title='bbox 873 1943 941 1999; x_wconf 80' lang='lat'>1221</span> <span class='ocrx_word' id='word_1_169' title='bbox 959 1961 1055 2000; x_wconf 91' lang='lat' dir='ltr'><strong>mense</strong></span> <span class='ocrx_word' id='word_1_170' title='bbox 1082 1943 1201 2000; x_wconf 89' lang='lat' dir='ltr'><strong>octobris</strong></span> <span class='ocrx_word' id='word_1_171' title='bbox 1219 1943 1247 1997; x_wconf 92' lang='lat' dir='ltr'><strong>in</strong></span> <span class='ocrx_word' id='word_1_172' title='bbox 1266 1942 1358 2012; x_wconf 86' lang='lat' dir='ltr'><strong>vigilia</strong></span> <span class='ocrx_word' id='word_1_173' title='bbox 1377 1959 1397 1996; x_wconf 91' lang='lat' dir='ltr'><strong>s.</strong></span> <span class='ocrx_word' id='word_1_174' title='bbox 1416 1941 1517 2008; x_wconf 90' lang='lat' dir='ltr'><strong>Lucae,</strong></span> <span class='ocrx_word' id='word_1_175' title='bbox 1546 1940 1600 1994; x_wconf 91' lang='lat' dir='ltr'><strong>sub</strong></span> 
     </span>
     <span class='ocr_line' id='line_1_18' title="bbox 360 2027 1601 2100; baseline -0.002 -16"><span class='ocrx_word' id='word_1_176' title='bbox 360 2037 485 2098; x_wconf 87' lang='lat' dir='ltr'><strong>tempore</strong></span> <span class='ocrx_word' id='word_1_177' title='bbox 512 2029 539 2082; x_wconf 93' lang='lat' dir='ltr'><strong>d.</strong></span> <span class='ocrx_word' id='word_1_178' title='bbox 566 2030 638 2098; x_wconf 88' lang='lat' dir='ltr'><strong>regis</strong></span> <span class='ocrx_word' id='word_1_179' title='bbox 665 2028 815 2084; x_wconf 84' lang='lat' dir='ltr'><strong>Radoslavi</strong></span> <span class='ocrx_word' id='word_1_180' title='bbox 842 2036 869 2085; x_wconf 92' lang='lat' dir='ltr'><strong>et</strong></span> <span class='ocrx_word' id='word_1_181' title='bbox 892 2030 918 2084; x_wconf 94' lang='lat' dir='ltr'><strong>d.</strong></span> <span class='ocrx_word' id='word_1_182' title='bbox 943 2031 1027 2085; x_wconf 85' lang='lat' dir='ltr'><strong>Blasii</strong></span> <span class='ocrx_word' id='word_1_183' title='bbox 1046 2031 1215 2086; x_wconf 87' lang='lat' dir='ltr'><strong>catharensis</strong></span> <span class='ocrx_word' id='word_1_184' title='bbox 1234 2030 1366 2100; x_wconf 88' lang='lat' dir='ltr'><strong>episcopi,</strong></span> <span class='ocrx_word' id='word_1_185' title='bbox 1385 2028 1524 2098; x_wconf 88' lang='lat' dir='ltr'><strong>completa</strong></span> <span class='ocrx_word' id='word_1_186' title='bbox 1541 2027 1601 2082; x_wconf 90' lang='lat' dir='ltr'><strong>fuit.</strong></span> 
     </span>
     <span class='ocr_line' id='line_1_19' title="bbox 361 2115 1603 2187; baseline -0.001 -17"><span class='ocrx_word' id='word_1_187' title='bbox 361 2115 507 2182; x_wconf 86' lang='lat' dir='ltr'><strong>Homines,</strong></span> <span class='ocrx_word' id='word_1_188' title='bbox 526 2116 573 2185; x_wconf 89' lang='lat' dir='ltr'><strong>qui</strong></span> <span class='ocrx_word' id='word_1_189' title='bbox 590 2115 626 2170; x_wconf 92' lang='lat' dir='ltr'><strong>de</strong></span> <span class='ocrx_word' id='word_1_190' title='bbox 644 2116 753 2171; x_wconf 92' lang='lat' dir='ltr'><strong>illorum</strong></span> <span class='ocrx_word' id='word_1_191' title='bbox 771 2117 903 2187; x_wconf 91' lang='lat' dir='ltr'><strong>progenie</strong></span> <span class='ocrx_word' id='word_1_192' title='bbox 921 2117 1024 2186; x_wconf 88' lang='lat' dir='ltr'><strong>egressi</strong></span> <span class='ocrx_word' id='word_1_193' title='bbox 1041 2117 1160 2184; x_wconf 83' lang='lat' dir='ltr'><strong>suerunt,</strong></span> <span class='ocrx_word' id='word_1_194' title='bbox 1186 2115 1351 2172; x_wconf 89' lang='lat' dir='ltr'><strong>studuerunt</strong></span> <span class='ocrx_word' id='word_1_195' title='bbox 1373 2115 1501 2170; x_wconf 88' lang='lat' dir='ltr'><strong>dedicare</strong></span> <span class='ocrx_word' id='word_1_196' title='bbox 1519 2115 1603 2169; x_wconf 86' lang='lat' dir='ltr'><strong>eccle-</strong></span> 
     </span>
     <span class='ocr_line' id='line_1_20' title="bbox 362 2201 1602 2272; baseline -0.001 -16"><span class='ocrx_word' id='word_1_197' title='bbox 362 2203 432 2256; x_wconf 88' lang='lat' dir='ltr'><strong>siam</strong></span> <span class='ocrx_word' id='word_1_198' title='bbox 456 2219 477 2256; x_wconf 91' lang='lat' dir='ltr'><strong>s.</strong></span> <span class='ocrx_word' id='word_1_199' title='bbox 502 2201 608 2256; x_wconf 87' lang='lat' dir='ltr'><strong>Mariae</strong></span> <span class='ocrx_word' id='word_1_200' title='bbox 632 2203 737 2272; x_wconf 86' lang='lat' dir='ltr'><strong>virgini,</strong></span> <span class='ocrx_word' id='word_1_201' title='bbox 762 2202 944 2272; x_wconf 86' lang='lat' dir='ltr'><strong>adiungentes</strong></span> <span class='ocrx_word' id='word_1_202' title='bbox 968 2205 1050 2258; x_wconf 87' lang='lat' dir='ltr'><strong>etiam</strong></span> <span class='ocrx_word' id='word_1_203' title='bbox 1075 2204 1218 2259; x_wconf 86' lang='lat' dir='ltr'><strong>ecclesiam</strong></span> <span class='ocrx_word' id='word_1_204' title='bbox 1243 2221 1263 2258; x_wconf 89' lang='lat' dir='ltr'><strong>s.</strong></span> <span class='ocrx_word' id='word_1_205' title='bbox 1281 2203 1400 2258; x_wconf 86' lang='lat' dir='ltr'><strong>Joannis</strong></span> <span class='ocrx_word' id='word_1_206' title='bbox 1418 2201 1454 2256; x_wconf 90' lang='lat' dir='ltr'><strong>de</strong></span> <span class='ocrx_word' id='word_1_207' title='bbox 1471 2203 1602 2256; x_wconf 85' lang='lat' dir='ltr'><strong>Perzano.</strong></span> 
     </span>
     <span class='ocr_line' id='line_1_21' title="bbox 362 2287 1601 2360; baseline 0 -18"><span class='ocrx_word' id='word_1_208' title='bbox 362 2289 499 2343; x_wconf 85' lang='lat' dir='ltr'><strong>Homines</strong></span> <span class='ocrx_word' id='word_1_209' title='bbox 517 2293 618 2354; x_wconf 88' lang='lat' dir='ltr'><strong>autem,</strong></span> <span class='ocrx_word' id='word_1_210' title='bbox 638 2289 685 2358; x_wconf 91' lang='lat' dir='ltr'><strong>qui</strong></span> <span class='ocrx_word' id='word_1_211' title='bbox 709 2289 852 2344; x_wconf 81' lang='lat' dir='ltr'><strong>eeclesiam</strong></span> <span class='ocrx_word' id='word_1_212' title='bbox 876 2289 1080 2357; x_wconf 86' lang='lat' dir='ltr'><strong>dedicaverunt,</strong></span> <span class='ocrx_word' id='word_1_213' title='bbox 1099 2290 1134 2345; x_wconf 88' lang='lat' dir='ltr'><strong>de</strong></span> <span class='ocrx_word' id='word_1_214' title='bbox 1153 2291 1326 2360; x_wconf 89' lang='lat' dir='ltr'><strong>superiorum</strong></span> <span class='ocrx_word' id='word_1_215' title='bbox 1345 2295 1469 2344; x_wconf 89' lang='lat' dir='ltr'><strong>veterum</strong></span> <span class='ocrx_word' id='word_1_216' title='bbox 1488 2287 1601 2358; x_wconf 85' lang='lat' dir='ltr'><strong>origine,</strong></span> 
     </span>
     <span class='ocr_line' id='line_1_22' title="bbox 360 2375 1602 2446; baseline 0 -18"><span class='ocrx_word' id='word_1_217' title='bbox 360 2376 485 2431; x_wconf 84' lang='lat' dir='ltr'><strong>fuerunt:</strong></span> <span class='ocrx_word' id='word_1_218' title='bbox 504 2375 634 2446; x_wconf 89' lang='lat' dir='ltr'><strong>Inprimis</strong></span> <span class='ocrx_word' id='word_1_219' title='bbox 653 2375 814 2446; x_wconf 80' lang='lat' dir='ltr'><strong>praesbyter</strong></span> <span class='ocrx_word' id='word_1_220' title='bbox 831 2375 962 2442; x_wconf 86' lang='lat' dir='ltr'><strong>Jacobus,</strong></span> <span class='ocrx_word' id='word_1_221' title='bbox 982 2376 1070 2430; x_wconf 90' lang='lat' dir='ltr'><strong>abbas</strong></span> <span class='ocrx_word' id='word_1_222' title='bbox 1089 2376 1213 2446; x_wconf 76' lang='lat' dir='ltr'><strong>eiusdem</strong></span> <span class='ocrx_word' id='word_1_223' title='bbox 1231 2377 1362 2431; x_wconf 86' lang='lat' dir='ltr'><strong>ecclesiae</strong></span> <span class='ocrx_word' id='word_1_224' title='bbox 1381 2393 1402 2429; x_wconf 90' lang='lat' dir='ltr'><strong>s.</strong></span> <span class='ocrx_word' id='word_1_225' title='bbox 1422 2375 1534 2441; x_wconf 83' lang='lat' dir='ltr'><strong>Mariae,</strong></span> <span class='ocrx_word' id='word_1_226' title='bbox 1554 2375 1602 2444; x_wconf 92' lang='lat' dir='ltr'><strong>qui</strong></span> 
     </span>
     <span class='ocr_line' id='line_1_23' title="bbox 361 2461 1602 2535; baseline 0 -19"><span class='ocrx_word' id='word_1_227' title='bbox 361 2462 495 2531; x_wconf 83' lang='lat' dir='ltr'><strong>originem</strong></span> <span class='ocrx_word' id='word_1_228' title='bbox 519 2461 640 2516; x_wconf 91' lang='lat' dir='ltr'><strong>ducebat</strong></span> <span class='ocrx_word' id='word_1_229' title='bbox 663 2461 699 2516; x_wconf 92' lang='lat' dir='ltr'><strong>de</strong></span> <span class='ocrx_word' id='word_1_230' title='bbox 722 2462 755 2514; x_wconf 89' lang='lat' dir='ltr'><strong>iis</strong></span> <span class='ocrx_word' id='word_1_231' title='bbox 781 2461 816 2515; x_wconf 92' lang='lat' dir='ltr'><strong>de</strong></span> <span class='ocrx_word' id='word_1_232' title='bbox 842 2462 965 2528; x_wconf 87' lang='lat' dir='ltr'><strong>Bisacca,</strong></span> <span class='ocrx_word' id='word_1_233' title='bbox 991 2469 1018 2518; x_wconf 91' lang='lat' dir='ltr'><strong>et</strong></span> <span class='ocrx_word' id='word_1_234' title='bbox 1042 2464 1185 2535; x_wconf 84' lang='lat' dir='ltr'><strong>presbyter</strong></span> <span class='ocrx_word' id='word_1_235' title='bbox 1207 2463 1331 2532; x_wconf 80' lang='lat' dir='ltr'><strong>Angelus</strong></span> <span class='ocrx_word' id='word_1_236' title='bbox 1358 2480 1422 2517; x_wconf 89' lang='lat' dir='ltr'><strong>cum</strong></span> <span class='ocrx_word' id='word_1_237' title='bbox 1449 2463 1533 2516; x_wconf 84' lang='lat' dir='ltr'><strong>fratre</strong></span> <span class='ocrx_word' id='word_1_238' title='bbox 1551 2477 1602 2516; x_wconf 90' lang='lat' dir='ltr'><strong>suo</strong></span> 
     </span>
     <span class='ocr_line' id='line_1_24' title="bbox 362 2547 1602 2620; baseline -0.002 -16"><span class='ocrx_word' id='word_1_239' title='bbox 362 2549 486 2604; x_wconf 87' lang='lat' dir='ltr'><strong>Calenda</strong></span> <span class='ocrx_word' id='word_1_240' title='bbox 504 2549 561 2604; x_wconf 87' lang='lat' dir='ltr'><strong>lilio</strong></span> <span class='ocrx_word' id='word_1_241' title='bbox 580 2549 745 2620; x_wconf 86' lang='lat' dir='ltr'><strong>Tryphonis,</strong></span> <span class='ocrx_word' id='word_1_242' title='bbox 763 2547 922 2604; x_wconf 85' lang='lat' dir='ltr'><strong>Nichiforus</strong></span> <span class='ocrx_word' id='word_1_243' title='bbox 941 2555 968 2602; x_wconf 93' lang='lat' dir='ltr'><strong>et</strong></span> <span class='ocrx_word' id='word_1_244' title='bbox 991 2549 1155 2619; x_wconf 83' lang='lat' dir='ltr'><strong>Dragbibna</strong></span> <span class='ocrx_word' id='word_1_245' title='bbox 1173 2566 1236 2604; x_wconf 90' lang='lat' dir='ltr'><strong>cum</strong></span> <span class='ocrx_word' id='word_1_246' title='bbox 1253 2548 1409 2615; x_wconf 87' lang='lat' dir='ltr'><strong>Leonardo,</strong></span> <span class='ocrx_word' id='word_1_247' title='bbox 1428 2550 1476 2619; x_wconf 91' lang='lat' dir='ltr'><strong>qui</strong></span> <span class='ocrx_word' id='word_1_248' title='bbox 1494 2563 1602 2619; x_wconf 89' lang='lat' dir='ltr'><strong>proces-</strong></span> 
     </span>
     <span class='ocr_line' id='line_1_25' title="bbox 361 2635 1603 2706; baseline -0.002 -16"><span class='ocrx_word' id='word_1_249' title='bbox 361 2643 457 2691; x_wconf 90' lang='lat' dir='ltr'><strong>serunt</strong></span> <span class='ocrx_word' id='word_1_250' title='bbox 475 2635 510 2692; x_wconf 89' lang='lat' dir='ltr'><strong>de</strong></span> <span class='ocrx_word' id='word_1_251' title='bbox 528 2637 628 2692; x_wconf 87' lang='lat' dir='ltr'><strong>comite</strong></span> <span class='ocrx_word' id='word_1_252' title='bbox 646 2635 783 2702; x_wconf 86' lang='lat' dir='ltr'><strong>Johanne,</strong></span> <span class='ocrx_word' id='word_1_253' title='bbox 807 2653 869 2690; x_wconf 90' lang='lat' dir='ltr'><strong>cum</strong></span> <span class='ocrx_word' id='word_1_254' title='bbox 888 2635 1029 2691; x_wconf 86' lang='lat' dir='ltr'><strong>Martholo</strong></span> <span class='ocrx_word' id='word_1_255' title='bbox 1053 2636 1110 2690; x_wconf 88' lang='lat' dir='ltr'><strong>iiho</strong></span> <span class='ocrx_word' id='word_1_256' title='bbox 1128 2635 1282 2702; x_wconf 83' lang='lat' dir='ltr'><strong>Dobreaae,</strong></span> <span class='ocrx_word' id='word_1_257' title='bbox 1302 2641 1330 2689; x_wconf 87' lang='lat' dir='ltr'><strong>et</strong></span> <span class='ocrx_word' id='word_1_258' title='bbox 1347 2635 1407 2706; x_wconf 87' lang='lat' dir='ltr'><strong>ejus</strong></span> <span class='ocrx_word' id='word_1_259' title='bbox 1426 2635 1557 2690; x_wconf 85' lang='lat' dir='ltr'><strong>fratribus</strong></span> <span class='ocrx_word' id='word_1_260' title='bbox 1575 2639 1603 2688; x_wconf 88' lang='lat' dir='ltr'><strong>et</strong></span> 
     </span>
     <span class='ocr_line' id='line_1_26' title="bbox 361 2721 1602 2794; baseline -0.002 -17"><span class='ocrx_word' id='word_1_261' title='bbox 361 2723 493 2793; x_wconf 85' lang='lat' dir='ltr'><strong>Tryphon</strong></span> <span class='ocrx_word' id='word_1_262' title='bbox 511 2722 669 2776; x_wconf 74' lang='lat' dir='ltr'><strong>Ratislame</strong></span> <span class='ocrx_word' id='word_1_263' title='bbox 692 2739 755 2776; x_wconf 91' lang='lat' dir='ltr'><strong>cum</strong></span> <span class='ocrx_word' id='word_1_264' title='bbox 779 2722 908 2778; x_wconf 90' lang='lat' dir='ltr'><strong>Prodano</strong></span> <span class='ocrx_word' id='word_1_265' title='bbox 933 2723 1034 2794; x_wconf 87' lang='lat' dir='ltr'><strong>Selepi,</strong></span> <span class='ocrx_word' id='word_1_266' title='bbox 1059 2739 1160 2792; x_wconf 92' lang='lat' dir='ltr'><strong>genero</strong></span> <span class='ocrx_word' id='word_1_267' title='bbox 1183 2721 1284 2776; x_wconf 92' lang='lat' dir='ltr'><strong>Marini</strong></span> <span class='ocrx_word' id='word_1_268' title='bbox 1308 2723 1474 2787; x_wconf 84' lang='lat' dir='ltr'><strong>Ratislavae,</strong></span> <span class='ocrx_word' id='word_1_269' title='bbox 1499 2727 1527 2776; x_wconf 93' lang='lat' dir='ltr'><strong>et</strong></span> <span class='ocrx_word' id='word_1_270' title='bbox 1554 2721 1602 2774; x_wconf 90' lang='lat' dir='ltr'><strong>lilii</strong></span> 
     </span>
     <span class='ocr_line' id='line_1_27' title="bbox 361 2807 1602 2877; baseline -0.002 -15"><span class='ocrx_word' id='word_1_271' title='bbox 361 2809 453 2862; x_wconf 84' lang='lat' dir='ltr'><strong>hiarta</strong></span> <span class='ocrx_word' id='word_1_272' title='bbox 470 2825 534 2863; x_wconf 91' lang='lat' dir='ltr'><strong>cum</strong></span> <span class='ocrx_word' id='word_1_273' title='bbox 552 2809 615 2863; x_wconf 87' lang='lat' dir='ltr'><strong>filiis</strong></span> <span class='ocrx_word' id='word_1_274' title='bbox 634 2809 782 2864; x_wconf 88' lang='lat' dir='ltr'><strong>Marcellae</strong></span> <span class='ocrx_word' id='word_1_275' title='bbox 801 2815 828 2863; x_wconf 90' lang='lat' dir='ltr'><strong>et</strong></span> <span class='ocrx_word' id='word_1_276' title='bbox 847 2809 909 2863; x_wconf 87' lang='lat' dir='ltr'><strong>liliis</strong></span> <span class='ocrx_word' id='word_1_277' title='bbox 927 2809 1071 2870; x_wconf 82' lang='lat' dir='ltr'><strong>Sabadaai,</strong></span> <span class='ocrx_word' id='word_1_278' title='bbox 1090 2809 1138 2877; x_wconf 93' lang='lat' dir='ltr'><strong>qui</strong></span> <span class='ocrx_word' id='word_1_279' title='bbox 1156 2809 1245 2863; x_wconf 85' lang='lat' dir='ltr'><strong>exorti</strong></span> <span class='ocrx_word' id='word_1_280' title='bbox 1263 2814 1327 2862; x_wconf 88' lang='lat' dir='ltr'><strong>eunt</strong></span> <span class='ocrx_word' id='word_1_281' title='bbox 1345 2807 1380 2864; x_wconf 92' lang='lat' dir='ltr'><strong>de</strong></span> <span class='ocrx_word' id='word_1_282' title='bbox 1398 2809 1431 2862; x_wconf 89' lang='lat' dir='ltr'><strong>iis</strong></span> <span class='ocrx_word' id='word_1_283' title='bbox 1449 2807 1484 2862; x_wconf 91' lang='lat' dir='ltr'><strong>de</strong></span> <span class='ocrx_word' id='word_1_284' title='bbox 1502 2807 1602 2874; x_wconf 89' lang='lat' dir='ltr'><strong>Dersa,</strong></span> 
     </span>
     <span class='ocr_line' id='line_1_28' title="bbox 362 2895 1603 2967; baseline -0.002 -17"><span class='ocrx_word' id='word_1_285' title='bbox 362 2901 389 2950; x_wconf 90' lang='lat' dir='ltr'><strong>et</strong></span> <span class='ocrx_word' id='word_1_286' title='bbox 407 2895 551 2965; x_wconf 86' lang='lat' dir='ltr'><strong>presbyter</strong></span> <span class='ocrx_word' id='word_1_287' title='bbox 568 2895 694 2950; x_wconf 86' lang='lat' dir='ltr'><strong>Marinus</strong></span> <span class='ocrx_word' id='word_1_288' title='bbox 712 2897 821 2967; x_wconf 84' lang='lat' dir='ltr'><strong>Taponi</strong></span> <span class='ocrx_word' id='word_1_289' title='bbox 838 2913 902 2951; x_wconf 92' lang='lat' dir='ltr'><strong>cum</strong></span> <span class='ocrx_word' id='word_1_290' title='bbox 920 2896 1050 2950; x_wconf 85' lang='lat' dir='ltr'><strong>fratribus</strong></span> <span class='ocrx_word' id='word_1_291' title='bbox 1069 2895 1135 2961; x_wconf 89' lang='lat' dir='ltr'><strong>suis,</strong></span> <span class='ocrx_word' id='word_1_292' title='bbox 1153 2901 1181 2950; x_wconf 89' lang='lat' dir='ltr'><strong>et</strong></span> <span class='ocrx_word' id='word_1_293' title='bbox 1199 2895 1296 2950; x_wconf 82' lang='lat' dir='ltr'><strong>Simon</strong></span> <span class='ocrx_word' id='word_1_294' title='bbox 1317 2895 1423 2950; x_wconf 91' lang='lat' dir='ltr'><strong>Odalae</strong></span> <span class='ocrx_word' id='word_1_295' title='bbox 1447 2901 1474 2950; x_wconf 88' lang='lat' dir='ltr'><strong>et</strong></span> <span class='ocrx_word' id='word_1_296' title='bbox 1493 2895 1603 2964; x_wconf 90' lang='lat' dir='ltr'><strong>Marga-</strong></span> 
     </span>
     <span class='ocr_line' id='line_1_29' title="bbox 361 2981 1604 3051; baseline 0.001 -17"><span class='ocrx_word' id='word_1_297' title='bbox 361 2981 450 3036; x_wconf 91' lang='lat' dir='ltr'><strong>rithus</strong></span> <span class='ocrx_word' id='word_1_298' title='bbox 468 2989 550 3036; x_wconf 90' lang='lat' dir='ltr'><strong>natus</strong></span> <span class='ocrx_word' id='word_1_299' title='bbox 569 3000 603 3038; x_wconf 88' lang='lat' dir='ltr'><strong>ex</strong></span> <span class='ocrx_word' id='word_1_300' title='bbox 622 2984 678 3038; x_wconf 87' lang='lat' dir='ltr'><strong>illia</strong></span> <span class='ocrx_word' id='word_1_301' title='bbox 696 2982 838 3038; x_wconf 87' lang='lat' dir='ltr'><strong>Grubinae</strong></span> <span class='ocrx_word' id='word_1_302' title='bbox 857 3001 921 3037; x_wconf 92' lang='lat' dir='ltr'><strong>cum</strong></span> <span class='ocrx_word' id='word_1_303' title='bbox 940 2982 1060 3051; x_wconf 86' lang='lat' dir='ltr'><strong>Georgio</strong></span> <span class='ocrx_word' id='word_1_304' title='bbox 1085 2981 1142 3035; x_wconf 87' lang='lat' dir='ltr'><strong>fibo</strong></span> <span class='ocrx_word' id='word_1_305' title='bbox 1160 2981 1251 3036; x_wconf 90' lang='lat' dir='ltr'><strong>Vitae.</strong></span> <span class='ocrx_word' id='word_1_306' title='bbox 1270 2981 1348 3036; x_wconf 88' lang='lat' dir='ltr'><strong>Bello</strong></span> <span class='ocrx_word' id='word_1_307' title='bbox 1367 2987 1394 3036; x_wconf 90' lang='lat' dir='ltr'><strong>et</strong></span> <span class='ocrx_word' id='word_1_308' title='bbox 1410 2981 1547 3036; x_wconf 84' lang='lat' dir='ltr'><strong>Jobanne.</strong></span> <span class='ocrx_word' id='word_1_309' title='bbox 1566 2981 1604 3035; x_wconf 84' lang='lat' dir='ltr'><strong>Et</strong></span> 
     </span>
     <span class='ocr_line' id='line_1_30' title="bbox 361 3067 1602 3140; baseline 0.001 -19"><span class='ocrx_word' id='word_1_310' title='bbox 361 3067 491 3123; x_wconf 85' lang='lat' dir='ltr'><strong>Donatus</strong></span> <span class='ocrx_word' id='word_1_311' title='bbox 510 3068 544 3124; x_wconf 92' lang='lat' dir='ltr'><strong>de</strong></span> <span class='ocrx_word' id='word_1_312' title='bbox 562 3069 620 3140; x_wconf 86' lang='lat' dir='ltr'><strong>Rys</strong></span> <span class='ocrx_word' id='word_1_313' title='bbox 639 3075 667 3124; x_wconf 91' lang='lat' dir='ltr'><strong>et</strong></span> <span class='ocrx_word' id='word_1_314' title='bbox 684 3071 783 3124; x_wconf 89' lang='lat' dir='ltr'><strong>Petrus</strong></span> <span class='ocrx_word' id='word_1_315' title='bbox 801 3075 884 3124; x_wconf 89' lang='lat' dir='ltr'><strong>natus</strong></span> <span class='ocrx_word' id='word_1_316' title='bbox 902 3069 937 3123; x_wconf 91' lang='lat' dir='ltr'><strong>de</strong></span> <span class='ocrx_word' id='word_1_317' title='bbox 956 3069 1012 3122; x_wconf 85' lang='lat' dir='ltr'><strong>filie</strong></span> <span class='ocrx_word' id='word_1_318' title='bbox 1030 3067 1065 3122; x_wconf 92' lang='lat' dir='ltr'><strong>de</strong></span> <span class='ocrx_word' id='word_1_319' title='bbox 1083 3068 1221 3124; x_wconf 86' lang='lat' dir='ltr'><strong>Palmicae</strong></span> <span class='ocrx_word' id='word_1_320' title='bbox 1239 3067 1274 3124; x_wconf 92' lang='lat' dir='ltr'><strong>de</strong></span> <span class='ocrx_word' id='word_1_321' title='bbox 1293 3069 1360 3138; x_wconf 75' lang='lat' dir='ltr'><strong>itys,</strong></span> <span class='ocrx_word' id='word_1_322' title='bbox 1372 3085 1435 3123; x_wconf 92' lang='lat' dir='ltr'><strong>cum</strong></span> <span class='ocrx_word' id='word_1_323' title='bbox 1447 3067 1510 3122; x_wconf 86' lang='lat' dir='ltr'><strong>filiis</strong></span> <span class='ocrx_word' id='word_1_324' title='bbox 1523 3067 1602 3122; x_wconf 90' lang='lat' dir='ltr'><strong>Meu·</strong></span> 
     </span>
     <span class='ocr_line' id='line_1_31' title="bbox 362 3153 1603 3226; baseline 0.002 -18"><span class='ocrx_word' id='word_1_325' title='bbox 362 3171 447 3224; x_wconf 84' lang='lat' dir='ltr'><strong>gazae</strong></span> <span class='ocrx_word' id='word_1_326' title='bbox 465 3153 500 3210; x_wconf 92' lang='lat' dir='ltr'><strong>de</strong></span> <span class='ocrx_word' id='word_1_327' title='bbox 518 3155 577 3225; x_wconf 74' lang='lat' dir='ltr'><strong>Itys</strong></span> <span class='ocrx_word' id='word_1_328' title='bbox 595 3161 622 3210; x_wconf 89' lang='lat' dir='ltr'><strong>et</strong></span> <span class='ocrx_word' id='word_1_329' title='bbox 640 3156 792 3210; x_wconf 87' lang='lat' dir='ltr'><strong>Matovona</strong></span> <span class='ocrx_word' id='word_1_330' title='bbox 810 3155 924 3224; x_wconf 86' lang='lat' dir='ltr'><strong>Draghi,</strong></span> <span class='ocrx_word' id='word_1_331' title='bbox 944 3161 971 3208; x_wconf 89' lang='lat' dir='ltr'><strong>et</strong></span> <span class='ocrx_word' id='word_1_332' title='bbox 989 3154 1126 3224; x_wconf 86' lang='lat' dir='ltr'><strong>Georgius</strong></span> <span class='ocrx_word' id='word_1_333' title='bbox 1145 3171 1208 3208; x_wconf 91' lang='lat' dir='ltr'><strong>oum</strong></span> <span class='ocrx_word' id='word_1_334' title='bbox 1225 3153 1359 3224; x_wconf 91' lang='lat' dir='ltr'><strong>Bogdano</strong></span> <span class='ocrx_word' id='word_1_335' title='bbox 1372 3154 1488 3209; x_wconf 88' lang='lat' dir='ltr'><strong>diacono</strong></span> <span class='ocrx_word' id='word_1_336' title='bbox 1501 3159 1603 3226; x_wconf 90' lang='lat' dir='ltr'><strong>nepote</strong></span> 
     </span>
     <span class='ocr_line' id='line_1_32' title="bbox 362 3239 1604 3312; baseline 0.001 -17"><span class='ocrx_word' id='word_1_337' title='bbox 362 3241 591 3312; x_wconf 85' lang='lat' dir='ltr'><strong>archipresbyteri</strong></span> <span class='ocrx_word' id='word_1_338' title='bbox 609 3247 638 3296; x_wconf 91' lang='lat' dir='ltr'><strong>et</strong></span> <span class='ocrx_word' id='word_1_339' title='bbox 655 3242 703 3295; x_wconf 89' lang='lat' dir='ltr'><strong>filii</strong></span> <span class='ocrx_word' id='word_1_340' title='bbox 721 3241 820 3296; x_wconf 87' lang='lat' dir='ltr'><strong>Veturi</strong></span> <span class='ocrx_word' id='word_1_341' title='bbox 839 3259 903 3297; x_wconf 90' lang='lat' dir='ltr'><strong>eum</strong></span> <span class='ocrx_word' id='word_1_342' title='bbox 922 3241 984 3295; x_wconf 85' lang='lat' dir='ltr'><strong>tiliis</strong></span> <span class='ocrx_word' id='word_1_343' title='bbox 1009 3239 1149 3296; x_wconf 81' lang='lat' dir='ltr'><strong>Meroide</strong></span> <span class='ocrx_word' id='word_1_344' title='bbox 1168 3241 1319 3311; x_wconf 83' lang='lat' dir='ltr'><strong>Stephano.</strong></span> <span class='ocrx_word' id='word_1_345' title='bbox 1338 3241 1375 3296; x_wconf 87' lang='lat' dir='ltr'><strong>Et</strong></span> <span class='ocrx_word' id='word_1_346' title='bbox 1393 3241 1448 3294; x_wconf 89' lang='lat' dir='ltr'><strong>filia</strong></span> <span class='ocrx_word' id='word_1_347' title='bbox 1475 3240 1604 3296; x_wconf 87' lang='lat' dir='ltr'><strong>Andreae</strong></span> 
     </span>
     <span class='ocr_line' id='line_1_33' title="bbox 362 3327 1603 3399; baseline 0.002 -18"><span class='ocrx_word' id='word_1_348' title='bbox 362 3327 477 3398; x_wconf 87' lang='lat' dir='ltr'><strong>Zaponi,</strong></span> <span class='ocrx_word' id='word_1_349' title='bbox 497 3333 524 3383; x_wconf 87' lang='lat' dir='ltr'><strong>et</strong></span> <span class='ocrx_word' id='word_1_350' title='bbox 542 3328 590 3381; x_wconf 87' lang='lat' dir='ltr'><strong>lilii</strong></span> <span class='ocrx_word' id='word_1_351' title='bbox 608 3329 727 3382; x_wconf 85' lang='lat' dir='ltr'><strong>Romani</strong></span> <span class='ocrx_word' id='word_1_352' title='bbox 745 3346 807 3383; x_wconf 90' lang='lat' dir='ltr'><strong>eum</strong></span> <span class='ocrx_word' id='word_1_353' title='bbox 827 3329 883 3382; x_wconf 89' lang='lat' dir='ltr'><strong>filia</strong></span> <span class='ocrx_word' id='word_1_354' title='bbox 901 3329 1008 3383; x_wconf 84' lang='lat' dir='ltr'><strong>Ursacii</strong></span> <span class='ocrx_word' id='word_1_355' title='bbox 1027 3327 1061 3382; x_wconf 93' lang='lat' dir='ltr'><strong>de</strong></span> <span class='ocrx_word' id='word_1_356' title='bbox 1074 3327 1225 3398; x_wconf 85' lang='lat' dir='ltr'><strong>Stephano.</strong></span> <span class='ocrx_word' id='word_1_357' title='bbox 1245 3327 1431 3399; x_wconf 82' lang='lat' dir='ltr'><strong>Suprascripti</strong></span> <span class='ocrx_word' id='word_1_358' title='bbox 1443 3328 1527 3397; x_wconf 90' lang='lat' dir='ltr'><strong>igitur</strong></span> <span class='ocrx_word' id='word_1_359' title='bbox 1538 3327 1603 3384; x_wconf 90' lang='lat' dir='ltr'><strong>hae·</strong></span> 
     </span>
     <span class='ocr_line' id='line_1_34' title="bbox 362 3413 1603 3485; baseline 0.002 -18"><span class='ocrx_word' id='word_1_360' title='bbox 362 3413 483 3468; x_wconf 90' lang='lat' dir='ltr'><strong>reditarii</strong></span> <span class='ocrx_word' id='word_1_361' title='bbox 502 3431 522 3468; x_wconf 89' lang='lat' dir='ltr'><strong>s.</strong></span> <span class='ocrx_word' id='word_1_362' title='bbox 543 3415 648 3468; x_wconf 85' lang='lat' dir='ltr'><strong>Mariae</strong></span> <span class='ocrx_word' id='word_1_363' title='bbox 673 3415 878 3474; x_wconf 87' lang='lat' dir='ltr'><strong>considerantes</strong></span> <span class='ocrx_word' id='word_1_364' title='bbox 903 3414 1009 3470; x_wconf 88' lang='lat' dir='ltr'><strong>bonurn</strong></span> <span class='ocrx_word' id='word_1_365' title='bbox 1027 3413 1194 3468; x_wconf 86' lang='lat' dir='ltr'><strong>adiutorium</strong></span> <span class='ocrx_word' id='word_1_366' title='bbox 1213 3413 1325 3484; x_wconf 84' lang='lat' dir='ltr'><strong>Georgii</strong></span> <span class='ocrx_word' id='word_1_367' title='bbox 1344 3413 1490 3482; x_wconf 81' lang='lat' dir='ltr'><strong>Simeonis,</strong></span> <span class='ocrx_word' id='word_1_368' title='bbox 1508 3415 1556 3485; x_wconf 91' lang='lat' dir='ltr'><strong>qui</strong></span> <span class='ocrx_word' id='word_1_369' title='bbox 1574 3415 1603 3470; x_wconf 87' lang='lat' dir='ltr'><strong>in</strong></span> 
     </span>
     <span class='ocr_line' id='line_1_35' title="bbox 361 3500 1603 3573; baseline 0.001 -19"><span class='ocrx_word' id='word_1_370' title='bbox 361 3501 424 3570; x_wconf 86' lang='lat' dir='ltr'><strong>ipsa</strong></span> <span class='ocrx_word' id='word_1_371' title='bbox 442 3501 557 3555; x_wconf 86' lang='lat' dir='ltr'><strong>ecclesia</strong></span> <span class='ocrx_word' id='word_1_372' title='bbox 575 3501 649 3554; x_wconf 88' lang='lat' dir='ltr'><strong>misit</strong></span> <span class='ocrx_word' id='word_1_373' title='bbox 668 3501 827 3556; x_wconf 84' lang='lat' dir='ltr'><strong>Strabinum</strong></span> <span class='ocrx_word' id='word_1_374' title='bbox 845 3517 964 3570; x_wconf 92' lang='lat' dir='ltr'><strong>cumque</strong></span> <span class='ocrx_word' id='word_1_375' title='bbox 982 3500 1100 3570; x_wconf 88' lang='lat' dir='ltr'><strong>coniuge</strong></span> <span class='ocrx_word' id='word_1_376' title='bbox 1113 3517 1163 3554; x_wconf 89' lang='lat' dir='ltr'><strong>sua</strong></span> <span class='ocrx_word' id='word_1_377' title='bbox 1176 3501 1313 3567; x_wconf 83' lang='lat' dir='ltr'><strong>Raislara,</strong></span> <span class='ocrx_word' id='word_1_378' title='bbox 1327 3509 1521 3556; x_wconf 87' lang='lat' dir='ltr'><strong>concesserunt</strong></span> <span class='ocrx_word' id='word_1_379' title='bbox 1534 3501 1603 3573; x_wconf 87' lang='lat' dir='ltr'><strong>ipsis</strong></span> 
     </span>
     <span class='ocr_line' id='line_1_36' title="bbox 361 3584 1604 3658; baseline 0.002 -18"><span class='ocrx_word' id='word_1_380' title='bbox 361 3584 490 3640; x_wconf 89' lang='lat' dir='ltr'><strong>dedicare</strong></span> <span class='ocrx_word' id='word_1_381' title='bbox 508 3585 651 3640; x_wconf 89' lang='lat' dir='ltr'><strong>ecclesiam</strong></span> <span class='ocrx_word' id='word_1_382' title='bbox 670 3604 734 3642; x_wconf 91' lang='lat' dir='ltr'><strong>cum</strong></span> <span class='ocrx_word' id='word_1_383' title='bbox 751 3587 819 3658; x_wconf 90' lang='lat' dir='ltr'><strong>ipsis</strong></span> <span class='ocrx_word' id='word_1_384' title='bbox 837 3587 986 3642; x_wconf 83' lang='lat' dir='ltr'><strong>abbatibus</strong></span> <span class='ocrx_word' id='word_1_385' title='bbox 1005 3603 1026 3642; x_wconf 90' lang='lat' dir='ltr'><strong>s.</strong></span> <span class='ocrx_word' id='word_1_386' title='bbox 1046 3587 1159 3656; x_wconf 85' lang='lat' dir='ltr'><strong>Georgii</strong></span> <span class='ocrx_word' id='word_1_387' title='bbox 1177 3593 1205 3642; x_wconf 88' lang='lat' dir='ltr'><strong>et</strong></span> <span class='ocrx_word' id='word_1_388' title='bbox 1225 3603 1247 3641; x_wconf 83' lang='lat' dir='ltr'><strong>a.</strong></span> <span class='ocrx_word' id='word_1_389' title='bbox 1266 3587 1340 3642; x_wconf 89' lang='lat' dir='ltr'><strong>Petri</strong></span> <span class='ocrx_word' id='word_1_390' title='bbox 1357 3587 1505 3643; x_wconf 88' lang='lat' dir='ltr'><strong>Budvenei.</strong></span> <span class='ocrx_word' id='word_1_391' title='bbox 1524 3589 1604 3642; x_wconf 86' lang='lat' dir='ltr'><strong>Pres-</strong></span> 
     </span>
     <span class='ocr_line' id='line_1_37' title="bbox 361 3671 1603 3745; baseline 0.003 -20"><span class='ocrx_word' id='word_1_392' title='bbox 361 3671 441 3741; x_wconf 81' lang='lat' dir='ltr'><strong>byter</strong></span> <span class='ocrx_word' id='word_1_393' title='bbox 459 3671 577 3728; x_wconf 88' lang='lat' dir='ltr'><strong>Michael</strong></span> <span class='ocrx_word' id='word_1_394' title='bbox 595 3673 726 3740; x_wconf 88' lang='lat' dir='ltr'><strong>Paschae,</strong></span> <span class='ocrx_word' id='word_1_395' title='bbox 745 3676 824 3730; x_wconf 87' lang='lat' dir='ltr'><strong>testis</strong></span> <span class='ocrx_word' id='word_1_396' title='bbox 842 3675 1061 3745; x_wconf 88' lang='lat' dir='ltr'><strong>archipresbyter</strong></span> <span class='ocrx_word' id='word_1_397' title='bbox 1078 3675 1247 3729; x_wconf 79' lang='lat' dir='ltr'><strong>obstarensis</strong></span> <span class='ocrx_word' id='word_1_398' title='bbox 1266 3675 1393 3745; x_wconf 87' lang='lat' dir='ltr'><strong>copiavit,</strong></span> <span class='ocrx_word' id='word_1_399' title='bbox 1406 3673 1513 3744; x_wconf 82' lang='lat' dir='ltr'><strong>fuitque</strong></span> <span class='ocrx_word' id='word_1_400' title='bbox 1524 3675 1603 3730; x_wconf 87' lang='lat' dir='ltr'><strong>testis</strong></span> 
     </span>
     <span class='ocr_line' id='line_1_38' title="bbox 362 3757 1186 3832; baseline 0.004 -21"><span class='ocrx_word' id='word_1_401' title='bbox 362 3757 401 3811; x_wconf 92' lang='lat' dir='ltr'><strong>M.</strong></span> <span class='ocrx_word' id='word_1_402' title='bbox 420 3757 564 3814; x_wconf 87' lang='lat' dir='ltr'><strong>archidiac.</strong></span> <span class='ocrx_word' id='word_1_403' title='bbox 584 3759 757 3828; x_wconf 85' lang='lat' dir='ltr'><strong>cathedralis,</strong></span> <span class='ocrx_word' id='word_1_404' title='bbox 777 3761 921 3832; x_wconf 85' lang='lat' dir='ltr'><strong>presbyter</strong></span> <span class='ocrx_word' id='word_1_405' title='bbox 939 3762 977 3815; x_wconf 88' lang='lat' dir='ltr'><strong>M.</strong></span> <span class='ocrx_word' id='word_1_406' title='bbox 997 3761 1083 3816; x_wconf 82' lang='lat' dir='ltr'><strong>Stoici</strong></span> <span class='ocrx_word' id='word_1_407' title='bbox 1101 3762 1186 3816; x_wconf 84' lang='lat' dir='ltr'><strong>testis.</strong></span> 
     </span>
    </p>
   </div>
   <div class='ocr_carea' id='block_1_5' title="bbox 363 3862 1601 4018">
    <p class='ocr_par' dir='ltr' id='par_1_5' title="bbox 363 3862 1601 4018">
     <span class='ocr_line' id='line_1_39' title="bbox 414 3862 1600 3934; baseline 0.006 -20"><span class='ocrx_word' id='word_1_408' title='bbox 414 3862 459 3915; x_wconf 77' lang='lat' dir='ltr'><strong>Ee</strong></span> <span class='ocrx_word' id='word_1_409' title='bbox 476 3862 635 3918; x_wconf 81' lang='lat' dir='ltr'><strong>collectione</strong></span> <span class='ocrx_word' id='word_1_410' title='bbox 652 3865 679 3918; x_wconf 81' lang='lat' dir='ltr'><strong>d.</strong></span> <span class='ocrx_word' id='word_1_411' title='bbox 702 3864 876 3933; x_wconf 65' lang='lat' dir='ltr'><strong>Pagasaeae.</strong></span> <span class='ocrx_word' id='word_1_412' title='bbox 895 3866 1050 3934; x_wconf 74' lang='lat' dir='ltr'><strong>Exemplar</strong></span> <span class='ocrx_word' id='word_1_413' title='bbox 1068 3865 1177 3920; x_wconf 77' lang='lat' dir='ltr'><strong>litterae</strong></span> <span class='ocrx_word' id='word_1_414' title='bbox 1194 3871 1319 3934; x_wconf 80' lang='lat' dir='ltr'><strong>repertae</strong></span> <span class='ocrx_word' id='word_1_415' title='bbox 1333 3881 1386 3934; x_wconf 77' lang='lat' dir='ltr'><strong>per</strong></span> <span class='ocrx_word' id='word_1_416' title='bbox 1404 3865 1431 3920; x_wconf 82' lang='lat' dir='ltr'><strong>d.</strong></span> <span class='ocrx_word' id='word_1_417' title='bbox 1444 3865 1600 3921; x_wconf 77' lang='lat' dir='ltr'><strong>Antoniam</strong></span> 
     </span>
     <span class='ocr_line' id='line_1_40' title="bbox 363 3949 1601 4018; baseline 0.005 -16"><span class='ocrx_word' id='word_1_418' title='bbox 363 3949 521 4018; x_wconf 83' lang='lat' dir='ltr'><strong>episcopum</strong></span> <span class='ocrx_word' id='word_1_419' title='bbox 545 3950 732 4006; x_wconf 76' lang='lat' dir='ltr'><strong>culturensem</strong></span> <span class='ocrx_word' id='word_1_420' title='bbox 755 3951 787 4005; x_wconf 80' lang='lat' dir='ltr'><strong>in</strong></span> <span class='ocrx_word' id='word_1_421' title='bbox 805 3951 894 4006; x_wconf 84' lang='lat' dir='ltr'><strong>altari</strong></span> <span class='ocrx_word' id='word_1_422' title='bbox 911 3968 932 4006; x_wconf 85' lang='lat' dir='ltr'><strong>s.</strong></span> <span class='ocrx_word' id='word_1_423' title='bbox 951 3951 1065 4007; x_wconf 83' lang='lat' dir='ltr'><strong>Mariae</strong></span> <span class='ocrx_word' id='word_1_424' title='bbox 1081 3951 1223 4007; x_wconf 80' lang='lat' dir='ltr'><strong>Fluminis</strong></span> <span class='ocrx_word' id='word_1_425' title='bbox 1245 3972 1270 4006; x_wconf 83' lang='lat' dir='ltr'><strong>o.</strong></span> <span class='ocrx_word' id='word_1_426' title='bbox 1289 3955 1362 4006; x_wconf 79' lang='lat'><em>1420</em></span> <span class='ocrx_word' id='word_1_427' title='bbox 1380 3967 1469 4006; x_wconf 81' lang='lat' dir='ltr'><strong>menae</strong></span> <span class='ocrx_word' id='word_1_428' title='bbox 1487 3953 1601 4008; x_wconf 69' lang='lat' dir='ltr'><strong>octobri.</strong></span> 
     </span>
    </p>
   </div>
   <div class='ocr_carea' id='block_1_6' title="bbox 362 4061 1604 4738">
    <p class='ocr_par' dir='ltr' id='par_1_6' title="bbox 362 4061 1604 4738">
     <span class='ocr_line' id='line_1_41' title="bbox 415 4061 1603 4136; baseline 0.006 -22"><span class='ocrx_word' id='word_1_429' title='bbox 415 4061 624 4117; x_wconf 85' lang='lat' dir='ltr'><strong>OXXXXVII.</strong></span> <span class='ocrx_word' id='word_1_430' title='bbox 651 4065 812 4134; x_wconf 79' lang='lat' dir='ltr'><strong>Anagniae,</strong></span> <span class='ocrx_word' id='word_1_431' title='bbox 840 4067 879 4118; x_wconf 84' lang='lat'><strong>12.</strong></span> <span class='ocrx_word' id='word_1_432' title='bbox 907 4065 1012 4119; x_wconf 80' lang='lat' dir='ltr'><strong>Martii</strong></span> <span class='ocrx_word' id='word_1_433' title='bbox 1039 4067 1115 4120; x_wconf 82' lang='lat'><strong>1222.</strong></span> <span class='ocrx_word' id='word_1_434' title='bbox 1143 4063 1288 4119; x_wconf 88' lang='lat' dir='ltr'><strong>Honorius</strong></span> <span class='ocrx_word' id='word_1_435' title='bbox 1315 4065 1361 4118; x_wconf 83' lang='lat'><strong>111</strong></span> <span class='ocrx_word' id='word_1_436' title='bbox 1388 4081 1463 4136; x_wconf 90' lang='lat' dir='ltr'><strong>papa</strong></span> <span class='ocrx_word' id='word_1_437' title='bbox 1481 4066 1603 4136; x_wconf 88' lang='lat' dir='ltr'><strong>capitulo</strong></span> 
     </span>
     <span class='ocr_line' id='line_1_42' title="bbox 364 4147 1604 4220; baseline 0.002 -18"><span class='ocrx_word' id='word_1_438' title='bbox 364 4147 496 4202; x_wconf 88' lang='lat' dir='ltr'><strong>ecclcsiae</strong></span> <span class='ocrx_word' id='word_1_439' title='bbox 512 4149 668 4218; x_wconf 79' lang='lat' dir='ltr'><strong>ragusinae.</strong></span> <span class='ocrx_word' id='word_1_440' title='bbox 688 4149 881 4217; x_wconf 81' lang='lat' dir='ltr'><strong>Considerans,</strong></span> <span class='ocrx_word' id='word_1_441' title='bbox 901 4149 976 4220; x_wconf 91' lang='lat' dir='ltr'><strong>quod</strong></span> <span class='ocrx_word' id='word_1_442' title='bbox 994 4149 1193 4205; x_wconf 86' lang='lat' dir='ltr'><strong>inhabitatores</strong></span> <span class='ocrx_word' id='word_1_443' title='bbox 1211 4151 1293 4206; x_wconf 88' lang='lat' dir='ltr'><strong>castri</strong></span> <span class='ocrx_word' id='word_1_444' title='bbox 1312 4151 1477 4206; x_wconf 87' lang='lat' dir='ltr'><strong>almisiensis</strong></span> <span class='ocrx_word' id='word_1_445' title='bbox 1496 4167 1558 4205; x_wconf 86' lang='lat' dir='ltr'><strong>eam</strong></span> <span class='ocrx_word' id='word_1_446' title='bbox 1575 4151 1604 4204; x_wconf 93' lang='lat' dir='ltr'><strong>in</strong></span> 
     </span>
     <span class='ocr_line' id='line_1_43' title="bbox 362 4232 1603 4307; baseline 0.004 -21"><span class='ocrx_word' id='word_1_447' title='bbox 362 4232 525 4288; x_wconf 85' lang='lat' dir='ltr'><strong>christianos</strong></span> <span class='ocrx_word' id='word_1_448' title='bbox 544 4235 743 4289; x_wconf 77' lang='lat' dir='ltr'><strong>iminunitetern</strong></span> <span class='ocrx_word' id='word_1_449' title='bbox 763 4242 915 4302; x_wconf 83' lang='lat' dir='ltr'><strong>exerceant,</strong></span> <span class='ocrx_word' id='word_1_450' title='bbox 934 4243 966 4291; x_wconf 92' lang='lat' dir='ltr'><strong>ut</strong></span> <span class='ocrx_word' id='word_1_451' title='bbox 983 4254 1039 4292; x_wconf 94' lang='lat' dir='ltr'><strong>non</strong></span> <span class='ocrx_word' id='word_1_452' title='bbox 1057 4237 1179 4292; x_wconf 87' lang='lat' dir='ltr'><strong>ecclesiis</strong></span> <span class='ocrx_word' id='word_1_453' title='bbox 1192 4243 1241 4290; x_wconf 87' lang='lat' dir='ltr'><strong>aut</strong></span> <span class='ocrx_word' id='word_1_454' title='bbox 1250 4237 1375 4307; x_wconf 85' lang='lat' dir='ltr'><strong>personis</strong></span> <span class='ocrx_word' id='word_1_455' title='bbox 1388 4253 1491 4305; x_wconf 90' lang='lat' dir='ltr'><strong>earum,</strong></span> <span class='ocrx_word' id='word_1_456' title='bbox 1504 4237 1603 4304; x_wconf 83' lang='lat' dir='ltr'><strong>viduis,</strong></span> 
     </span>
     <span class='ocr_line' id='line_1_44' title="bbox 363 4319 1604 4394; baseline 0.006 -23"><span class='ocrx_word' id='word_1_457' title='bbox 363 4319 475 4390; x_wconf 87' lang='lat' dir='ltr'><strong>pupillis</strong></span> <span class='ocrx_word' id='word_1_458' title='bbox 494 4327 521 4375; x_wconf 91' lang='lat' dir='ltr'><strong>et</strong></span> <span class='ocrx_word' id='word_1_459' title='bbox 539 4321 660 4388; x_wconf 89' lang='lat' dir='ltr'><strong>senibus,</strong></span> <span class='ocrx_word' id='word_1_460' title='bbox 678 4337 730 4376; x_wconf 88' lang='lat' dir='ltr'><strong>nec</strong></span> <span class='ocrx_word' id='word_1_461' title='bbox 747 4322 878 4377; x_wconf 91' lang='lat' dir='ltr'><strong>ouilibent</strong></span> <span class='ocrx_word' id='word_1_462' title='bbox 896 4329 1011 4393; x_wconf 85' lang='lat' dir='ltr'><strong>parcant</strong></span> <span class='ocrx_word' id='word_1_463' title='bbox 1029 4323 1108 4379; x_wconf 89' lang='lat' dir='ltr'><strong>sexui</strong></span> <span class='ocrx_word' id='word_1_464' title='bbox 1126 4329 1154 4378; x_wconf 89' lang='lat' dir='ltr'><strong>et</strong></span> <span class='ocrx_word' id='word_1_465' title='bbox 1172 4324 1263 4390; x_wconf 89' lang='lat' dir='ltr'><strong>aetati,</strong></span> <span class='ocrx_word' id='word_1_466' title='bbox 1280 4323 1329 4378; x_wconf 89' lang='lat' dir='ltr'><strong>sed</strong></span> <span class='ocrx_word' id='word_1_467' title='bbox 1342 4341 1515 4394; x_wconf 87' lang='lat' dir='ltr'><strong>paganorum</strong></span> <span class='ocrx_word' id='word_1_468' title='bbox 1527 4341 1604 4380; x_wconf 91' lang='lat' dir='ltr'><strong>more</strong></span> 
     </span>
     <span class='ocr_line' id='line_1_45' title="bbox 363 4407 1604 4482; baseline 0.005 -24"><span class='ocrx_word' id='word_1_469' title='bbox 363 4407 491 4460; x_wconf 82' lang='lat' dir='ltr'><strong>universa</strong></span> <span class='ocrx_word' id='word_1_470' title='bbox 509 4413 649 4461; x_wconf 84' lang='lat' dir='ltr'><strong>vastantes</strong></span> <span class='ocrx_word' id='word_1_471' title='bbox 668 4407 695 4462; x_wconf 90' lang='lat' dir='ltr'><strong>in</strong></span> <span class='ocrx_word' id='word_1_472' title='bbox 714 4407 867 4478; x_wconf 88' lang='lat' dir='ltr'><strong>perditione</strong></span> <span class='ocrx_word' id='word_1_473' title='bbox 884 4427 977 4464; x_wconf 91' lang='lat' dir='ltr'><strong>rerum</strong></span> <span class='ocrx_word' id='word_1_474' title='bbox 989 4415 1016 4464; x_wconf 89' lang='lat' dir='ltr'><strong>et</strong></span> <span class='ocrx_word' id='word_1_475' title='bbox 1027 4410 1171 4465; x_wconf 89' lang='lat' dir='ltr'><strong>bominum</strong></span> <span class='ocrx_word' id='word_1_476' title='bbox 1183 4411 1343 4479; x_wconf 85' lang='lat' dir='ltr'><strong>gloriantur,</strong></span> <span class='ocrx_word' id='word_1_477' title='bbox 1362 4427 1397 4464; x_wconf 88' lang='lat' dir='ltr'><strong>ex</strong></span> <span class='ocrx_word' id='word_1_478' title='bbox 1409 4411 1604 4482; x_wconf 87' lang='lat' dir='ltr'><strong>compassione</strong></span> 
     </span>
     <span class='ocr_line' id='line_1_46' title="bbox 362 4491 1600 4568; baseline 0.006 -23"><span class='ocrx_word' id='word_1_479' title='bbox 362 4491 502 4546; x_wconf 82' lang='lat' dir='ltr'><strong>hiemalis</strong></span> <span class='ocrx_word' id='word_1_480' title='bbox 521 4509 663 4548; x_wconf 90' lang='lat' dir='ltr'><strong>occurrere</strong></span> <span class='ocrx_word' id='word_1_481' title='bbox 680 4493 834 4560; x_wconf 86' lang='lat' dir='ltr'><strong>desiderat;</strong></span> <span class='ocrx_word' id='word_1_482' title='bbox 853 4495 968 4550; x_wconf 86' lang='lat' dir='ltr'><strong>audiens</strong></span> <span class='ocrx_word' id='word_1_483' title='bbox 987 4513 1077 4566; x_wconf 89' lang='lat' dir='ltr'><strong>porro,</strong></span> <span class='ocrx_word' id='word_1_484' title='bbox 1097 4495 1172 4565; x_wconf 90' lang='lat' dir='ltr'><strong>quod</strong></span> <span class='ocrx_word' id='word_1_485' title='bbox 1191 4497 1272 4550; x_wconf 82' lang='lat' dir='ltr'><strong>ricini</strong></span> <span class='ocrx_word' id='word_1_486' title='bbox 1290 4503 1382 4552; x_wconf 80' lang='lat' dir='ltr'><strong>castm</strong></span> <span class='ocrx_word' id='word_1_487' title='bbox 1400 4497 1551 4568; x_wconf 89' lang='lat' dir='ltr'><strong>praedicto,</strong></span> <span class='ocrx_word' id='word_1_488' title='bbox 1565 4513 1600 4552; x_wconf 84' lang='lat' dir='ltr'><strong>cx</strong></span> 
     </span>
     <span class='ocr_line' id='line_1_47' title="bbox 364 4578 1603 4654; baseline 0.005 -22"><span class='ocrx_word' id='word_1_489' title='bbox 364 4578 488 4648; x_wconf 83' lang='lat' dir='ltr'><strong>partibus</strong></span> <span class='ocrx_word' id='word_1_490' title='bbox 507 4578 541 4634; x_wconf 90' lang='lat' dir='ltr'><strong>de</strong></span> <span class='ocrx_word' id='word_1_491' title='bbox 559 4579 684 4646; x_wconf 75' lang='lat' dir='ltr'><strong>Rumina,</strong></span> <span class='ocrx_word' id='word_1_492' title='bbox 709 4579 756 4634; x_wconf 85' lang='lat' dir='ltr'><strong>ubi</strong></span> <span class='ocrx_word' id='word_1_493' title='bbox 775 4581 903 4636; x_wconf 87' lang='lat' dir='ltr'><strong>baeretici</strong></span> <span class='ocrx_word' id='word_1_494' title='bbox 922 4582 1034 4651; x_wconf 84' lang='lat' dir='ltr'><strong>quidam</strong></span> <span class='ocrx_word' id='word_1_495' title='bbox 1058 4581 1272 4651; x_wconf 77' lang='lat' dir='ltr'><strong>dogmatizando</strong></span> <span class='ocrx_word' id='word_1_496' title='bbox 1295 4583 1398 4654; x_wconf 86' lang='lat' dir='ltr'><strong>pallam</strong></span> <span class='ocrx_word' id='word_1_497' title='bbox 1420 4600 1487 4638; x_wconf 87' lang='lat' dir='ltr'><strong>suae</strong></span> <span class='ocrx_word' id='word_1_498' title='bbox 1514 4583 1603 4654; x_wconf 82' lang='lat' dir='ltr'><strong>preri-</strong></span> 
     </span>
     <span class='ocr_line' id='line_1_48' title="bbox 363 4664 1603 4738; baseline 0.002 -18"><span class='ocrx_word' id='word_1_499' title='bbox 363 4664 427 4720; x_wconf 84' lang='lat' dir='ltr'><strong>tetis</strong></span> <span class='ocrx_word' id='word_1_500' title='bbox 446 4681 551 4720; x_wconf 90' lang='lat' dir='ltr'><strong>errores</strong></span> <span class='ocrx_word' id='word_1_501' title='bbox 569 4673 773 4721; x_wconf 85' lang='lat' dir='ltr'><strong>sacrosanctam</strong></span> <span class='ocrx_word' id='word_1_502' title='bbox 791 4667 975 4722; x_wconf 83' lang='lat' dir='ltr'><strong>orthodoxam</strong></span> <span class='ocrx_word' id='word_1_503' title='bbox 1002 4668 1146 4723; x_wconf 86' lang='lat' dir='ltr'><strong>ecclesiam</strong></span> <span class='ocrx_word' id='word_1_504' title='bbox 1164 4669 1354 4738; x_wconf 87' lang='lat' dir='ltr'><strong>exterminant,</strong></span> <span class='ocrx_word' id='word_1_505' title='bbox 1374 4670 1490 4725; x_wconf 88' lang='lat' dir='ltr'><strong>ecclesia</strong></span> <span class='ocrx_word' id='word_1_506' title='bbox 1509 4675 1603 4724; x_wconf 86' lang='lat' dir='ltr'><strong>autem</strong></span> 
     </span>
    </p>
   </div>
   <div class='ocr_carea' id='block_1_7' title="bbox 1728 309 1758 348">
    <p class='ocr_par' dir='ltr' id='par_1_7' title="bbox 1728 309 1758 348">
     <span class='ocr_line' id='line_1_49' title="bbox 1728 309 1758 348; baseline 0 -14"><span class='ocrx_word' id='word_1_507' title='bbox 1728 309 1758 348; x_wconf 53' lang='grc' dir='ltr'><strong>ψ</strong></span> 
     </span>
    </p>
   </div>
   <div class='ocr_carea' id='block_1_8' title="bbox 1746 633 1759 778">
    <p class='ocr_par' dir='ltr' id='par_1_8' title="bbox 1746 633 1759 810">
     <span class='ocr_line' id='line_1_50' title="bbox 1746 633 1759 778; baseline 0 20"><span class='ocrx_word' id='word_1_508' title='bbox 1746 633 1759 778; x_wconf 79' lang='lat' dir='ltr'><strong>l</strong></span> 
     </span>
    </p>
   </div>
   <div class='ocr_carea' id='block_1_9' title="bbox 0 0 1783 5344">
    <p class='ocr_par' dir='ltr' id='par_1_9' title="bbox 0 0 1783 5344">
     <span class='ocr_line' id='line_1_51' title="bbox 0 0 1783 5344; baseline 0 0"><span class='ocrx_word' id='word_1_509' title='bbox 0 0 1783 5344; x_wconf 95' lang='lat' dir='ltr'><strong> </strong></span> 
     </span>
    </p>
   </div>
  </div>
 </body>
</html>
