3376 5350
327 417 390 484 392
828 426 847 468 r.
867 412 1075 480 snumasvrc,

327 607 390 662 liter
408 607 529 662 universi
543 607 659 678 proximi
674 606 789 678 praelati
808 605 915 662 comitis
933 605 1015 672 Iuan,
1035 605 1163 660 videlicet
1175 605 1287 661 Petrus:
1304 605 1377 662 lilius
1391 605 1515 675 Herene,
1528 606 1581 662 Ja-

328 696 415 750 cobus
434 695 507 749 tilius
527 695 651 762 Berizlai,
673 694 801 748 Andreas
820 694 893 748 lilius
912 693 1006 760 Petne,
1029 693 1174 764 Philippus
1194 693 1267 748 tilius
1280 693 1410 762 ihomas,
1425 695 1582 759 Berislaus,

327 781 570 848 Henricus,1vvan
597 790 625 835 et
649 781 755 836 Paulus
780 781 828 836 lilii
857 781 963 848 Vinter,
989 782 1037 851 qni
1061 781 1247 835 venditionem
1275 787 1363 836 ratam
1392 781 1581 836 admiserunt.

327 868 473 924 Praeterea
492 871 573 923 vicini
592 877 619 923 et
638 869 828 936 commetanei,
848 869 923 924 blico
949 869 1024 922 filius
1049 867 1164 934 Gherne,
1189 868 1315 923 Andreas
1338 870 1413 923 filius
1438 867 1515 922 Voin
1544 869 1582 922 de

330 973 431 1027 genera
450 957 540 1024 Priba‚
560 956 722 1012 Farcassius
740 957 815 1010 filius
833 955 941 1023 Petrus,
961 955 1076 1010 Zaladin
1095 955 1168 1010 lilius
1187 955 1307 1027 Dragan,
1333 956 1472 1025 Wllrovoy
1500 955 1580 1010 lilius

328 1044 433 1112 Vrban,
453 1045 535 1098 Peter
553 1045 626 1098 filius
646 1044 773 1111 Petrons,
793 1049 821 1098 et
839 1041 928 1097 Thotis
947 1059 979 1097 ac
999 1043 1077 1098 Mare
1090 1043 1255 1114 jobagiones
1268 1045 1350 1097 castri
1371 1044 1405 1098 de
1424 1042 1581 1113 Podgoria.

329 1133 401 1187 Item
415 1132 535 1198 Domslr,
555 1131 683 1186 Obranns
696 1137 724 1186 st
736 1131 882 1199 Farcasius
891 1131 1056 1201 j0bsgiones
1069 1132 1149 1184 castri
1164 1130 1198 1184 de
1211 1127 1308 1186 Oelich
1320 1131 1348 1185 in
1361 1131 1582 1186 limitationibus

329 1227 357 1274 et
376 1221 502 1274 cursibus
522 1218 725 1290 distinquandis
744 1218 895 1272 convocati.

384 1308 459 1378 (arey.
479 1307 510 1360 in
529 1307 703 1372 Membrana,
722 1307 753 1360 in
776 1305 887 1359 archien
907 1306 1014 1358 comitis
1032 1305 1105 1358 Lod.
1126 1304 1245 1376 Biupcy.
1265 1306 1303 1360 N.
1322 1311 1346 1358 9.

383 1447 564 1502 nocuum.
585 1451 660 1500 1283.
678 1451 721 1502 21.
741 1445 905 1500 Decembris.
931 1445 1077 1500 Ladislans
1101 1445 1151 1499 IV.
1178 1461 1226 1500 rex
1251 1446 1383 1512 notificat,
1409 1445 1484 1516 quod
1512 1463 1580 1500 curn

328 1536 438 1592 'hahens
456 1535 530 1590 filius
549 1535 664 1589 Adriani
684 1533 718 1588 de
737 1535 862 1604 partibus
884 1533 1030 1588 Slsvoniae
1048 1533 1119 1587 inter
1142 1533 1273 1588 intestina
1296 1532 1400 1602 proelia
1425 1539 1452 1586 et
1479 1531 1580 1588 hostes

329 1629 474 1694 congestos
493 1629 669 1687 nocumenta,
688 1622 824 1676 maleficis
843 1628 870 1675 et
888 1621 978 1691 spolia
996 1620 1115 1690 plurima
1140 1619 1330 1687 commisisset,
1355 1625 1386 1674 ut
1412 1620 1491 1690 quasi
1512 1637 1579 1692 pro-

330 1713 499 1766 miscuorum
517 1710 715 1764 maleficiorum
734 1709 905 1778 perpetracio
923 1708 995 1762 inter
1013 1707 1081 1762 alias
1100 1707 1224 1762 maliciae
1248 1713 1354 1762 actores
1376 1707 1427 1761 sibi
1453 1717 1579 1778 nequeat

329 1799 486 1870 specialiter
513 1798 647 1867 inputari;
674 1798 703 1850 in
732 1797 975 1868 exaggerationem
1000 1797 1081 1850 etiam
1110 1811 1176 1849 anae
1199 1795 1352 1864 iniquitatis
1376 1803 1404 1849 st
1427 1797 1581 1866 nequitiae,

329 1891 437 1955 praeter
449 1885 586 1939 indictum
599 1890 776 1956 praeceptum
790 1884 904 1954 regium,
923 1884 979 1936 imo
995 1884 1086 1954 potius
1100 1889 1194 1936 consa
1206 1881 1326 1936 edictum
1340 1881 1376 1936 sd
1392 1883 1581 1938 obsidendum

330 1981 357 2027 et
376 1971 592 2044 expugnandum
612 1987 644 2026 oc
663 1971 845 2042 optinendum
864 1977 986 2026 castrum
1003 1970 1110 2024 consitis
1123 1969 1262 2034 Germani,
1280 1975 1309 2024 et
1327 1968 1442 2024 irstrnm
1461 1987 1581 2024 suonam

330 2060 456 2114 fidelium
475 2061 556 2129 regis,
576 2075 627 2112 suo
645 2066 723 2112 motu
742 2058 853 2130 proprio
873 2057 979 2112 elevato
1004 2057 1147 2112 temerarie
1172 2057 1280 2122 vexillo,
1306 2063 1361 2110 tarn
1387 2057 1582 2113 inhumaniter

330 2163 392 2205 cum
406 2149 463 2200 suis
477 2147 657 2218 complicibus
672 2147 856 2216 processisset,
867 2145 960 2215 ibique
973 2145 1044 2198 inter
1057 2151 1198 2197 consertos
1209 2151 1237 2198 st
1247 2142 1462 2197 deffendentium
1476 2160 1582 2198 manus

331 2252 398 2288 susc
417 2235 629 2304 perniciositatis
648 2235 737 2288 noxiis
756 2235 902 2304 obligatus,
921 2234 993 2286 sicut
1012 2232 1113 2285 meruit
1131 2231 1435 2301 iuerstinterhemptus
1453 2231 1515 2286 sine
1534 2249 1581 2286 so·

330 2321 398 2376 latio
418 2322 574 2387 haeredum,
593 2323 688 2391 sicque
707 2322 837 2374 omnibus
856 2323 914 2374 eius
934 2320 1014 2373 honis
1029 2327 1056 2372 et
1070 2318 1291 2388 possessionibus
1305 2318 1338 2371 de
1352 2319 1412 2372 iure
1427 2317 1463 2372 ad
1476 2335 1584 2374 manus

332 2409 422 2478 regias
442 2409 587 2474 devolutis,
608 2425 655 2462 rex
675 2425 741 2478 ergo
759 2409 900 2462 universas
926 2408 1113 2478 possessiones
1138 2405 1203 2460 dicti
1223 2405 1316 2475 Zohey
1334 2423 1385 2460 nec
1409 2423 1464 2460 non
1483 2423 1585 2462 servos

332 2502 360 2550 et
378 2496 492 2550 ancilias
517 2497 587 2566 patri
610 2496 732 2550 Thomas
756 2497 886 2566 episcopo
911 2495 1038 2560 vaciensi,
1064 2493 1191 2548 dominae
1216 2495 1326 2562 reginae
1353 2495 1488 2548 consortis
1512 2511 1585 2548 suae

333 2583 503 2650 cancellario,
525 2591 551 2638 et
570 2582 701 2638 iratribus
720 2583 778 2636 suis
797 2581 948 2636 Oristoforc
964 2581 1065 2646 comiti,
1084 2580 1206 2635 Johanni
1227 2585 1254 2634 et
1273 2579 1415 2650 Stephano
1433 2596 1466 2634 ac
1483 2580 1586 2637 hacre-

333 2671 414 2724 dibus
439 2672 495 2724 suis
523 2670 635 2724 donavit
660 2675 688 2724 et
711 2687 760 2739 per
786 2671 915 2724 comitem
945 2669 1013 2724 Inus
1040 2667 1180 2722 hominem
1208 2667 1315 2738 regium
1341 2667 1393 2721 sub
1418 2669 1586 2724 testimonio

333 2757 509 2811 Ghasnrensis
528 2757 640 2826 capituli
662 2757 727 2810 lecit
745 2756 890 2810 introduci.
909 2756 1015 2808 Datum
1029 2771 1079 2826 per
1091 2771 1190 2808 manus
1204 2771 1276 2824 mag.
1290 2755 1484 2821 Bartholomci,
1501 2773 1585 2826 prae·

333 2845 414 2916 positi
435 2843 468 2898 de
488 2843 594 2914 Scepus
612 2844 692 2898 aulae
712 2843 935 2898 vicecancellarii.

386 2950 434 3002 lis
452 2949 563 3000 orcis-ios
583 2949 714 3002 savinuli
732 2948 865 3002 Budcnsi.
890 2947 1013 3000 Wevseel:
1037 2947 1101 3002 coa.
1121 2947 1190 3016 dipl.
1210 2949 1278 3018 Avp.
1299 2949 1352 3003 ΙΧ.
1372 2949 1431 3002 350.

386 3105 568 3159 MCOCLIV.
589 3110 664 3160 12⁸3.
683 3106 830 3160 Ladislaus
848 3105 899 3160 IV.
919 3122 967 3160 rex
986 3105 1147 3160 divisionem
1166 3107 1302 3159 bonorum
1315 3107 1438 3175 magistri
1456 3107 1587 3162 ltorandi

291 3200 295 3207 '
333 3201 360 3248 et
379 3193 478 3246 Desevv
499 3193 547 3246 liiii
567 3193 732 3260 Leustnchii,
752 3193 889 3248 Dominici
909 3200 936 3248 et
954 3193 1076 3248 Ladisiai
1101 3194 1149 3246 tilii
1168 3193 1309 3262 Stephani,
1328 3193 1465 3262 Reynoldi
1484 3201 1514 3248 et
1531 3194 1588 3248 Ni-

335 3281 405 3334 colni
425 3281 474 3334 filii
489 3280 608 3350 Olyverii
624 3280 658 3334 de
671 3297 772 3350 genere
784 3281 896 3346 Ratold,
909 3281 1121 3351 protestantium
1135 3287 1229 3335 contra
1243 3282 1405 3350 magistrum
1419 3281 1589 3337 Mathaenrn

333 3369 420 3420 tilium
446 3367 567 3422 Rorandi
593 3369 656 3422 beni
682 3385 737 3438 qua
762 3367 953 3438 dissipatorem
978 3376 1006 3422 et
1030 3369 1207 3422 alienatorem
1227 3368 1433 3438 possessionum
1457 3385 1587 3436 suanam,

333 3471 382 3524 pro
401 3456 475 3508 bono
494 3457 570 3524 pacis
590 3461 617 3509 et
635 3455 773 3509 amicitiae
792 3464 879 3510 ratam
897 3456 989 3510 habet.

385 3542 480 3608 cher:
502 3542 566 3596 Ocri.
587 3543 655 3612 dipl.
679 3543 707 3596 Τ.
731 3543 761 3596 V.
781 3543 832 3596 ool.
852 3545 910 3596 111.
930 3561 957 3614 p.
978 3547 1036 3596 174.

387 3697 551 3753 MCCOLV.
573 3702 650 3753 leui,
669 3699 815 3753 Ladislans
838 3699 889 3754 iv.
909 3718 957 3755 rex
977 3699 1153 3754 divisionaies
1177 3701 1248 3754 inter
1266 3717 1439 3757 successores
1458 3701 1588 3758 familiae

333 3785 443 3851 Ratold,
453 3786 524 3839 inter
537 3803 606 3856 ‹puos
621 3788 703 3840 ctiam
718 3785 922 3841 martinianus
935 3787 1054 3841 Rolandi
1068 3787 1132 3841 bani
1146 3805 1201 3857 qua
1210 3787 1359 3857 dissipator
1374 3790 1584 3860 possessionum

332 3889 443 3926 suarum
453 3875 566 3940 occurit,
580 3875 630 3928 rati
644 3873 733 3928 habet.
748 3874 871 3928 Fuerunt
885 3875 936 3930 hae
949 3878 1136 3946 possessiones
1149 3875 1175 3928 in
1191 3875 1376 3942 Borsodiensi,
1390 3877 1581 3944 Gomoriensi,

335 3959 499 4029 Sirnigiensi,
513 3961 720 4031 vesprimiensi,
740 3960 928 4030 SabriIchensi,
948 3961 1167 4032 Zemplinicensi,
1186 3963 1356 4032 Byhoriensi,
1377 3963 1539 4018 Posoniensi
1553 3975 1587 4020 et

334 4047 467 4100 Pesticnsi
481 4048 659 4102 comitatibus
678 4047 847 4116 Hungnriae.
862 4048 932 4102 Item
947 4051 972 4102 in
987 4049 1118 4103 comitatu
1133 4049 1167 4102 de
1180 4049 1296 4120 Posega,
1309 4056 1337 4104 et
1351 4057 1470 4105 castrum
1485 4050 1586 4121 Nagy—

334 4133 463 4195 Kernluln
483 4149 515 4187 nc
532 4135 602 4188 inter
617 4135 713 4187 fluvios
726 4135 848 4189 Dravam
867 4143 894 4189 et
914 4135 1013 4190 Savum
1032 4137 1059 4188 in
1079 4135 1215 4191 Slavonia.
1230 4137 1342 4202 (Confer
1356 4156 1395 4192 nr.
1411 4137 1586 4208 utconlu)

361 4221 365 4228 ’
387 4221 483 4287 Fajer:
506 4221 570 4274 (sod,
591 4221 659 4292 ‹tipt
683 4221 712 4274 T.
735 4221 801 4276 VH.
821 4223 870 4274 voci.
890 4223 933 4277 ΙΙ.
953 4242 980 4293 p.
1000 4227 1041 4277 titi.

387 4378 567 4432 MOtherI.
595 4381 669 4432 12⁸3.
695 4379 839 4432 Lsdislsus
858 4379 909 4435 IV.
929 4398 976 4435 rex
996 4381 1043 4434 dat
1063 4383 1269 4450 promanantia,
1289 4383 1363 4452 quod
1383 4399 1475 4436 comes
1494 4382 1586 4437 Bene-

335 4465 424 4518 dictus
444 4466 515 4518 iilius
541 4465 649 4518 conniis
674 4465 781 4519 Ivvance
806 4467 960 4522 exhibuerit
978 4469 1153 4538 privilegium
1173 4470 1266 4522 matris
1286 4471 1346 4539 ejus
1365 4471 1476 4541 reginae
1494 4469 1587 4524 Elisu-

333 4551 439 4616 betiroc,
462 4553 587 4606 discissae
612 4555 697 4606 totius
722 4554 875 4620 Siavonioc,
896 4555 930 4608 de
957 4555 1075 4609 Machor
1099 4563 1126 4609 et
1152 4555 1185 4608 ilc
1205 4557 1296 4610 Bataua
1314 4573 1398 4627 super
1416 4557 1583 4612 concambio

333 4641 513 4708 possessionis
532 4657 597 4693 suase
617 4641 764 4707 l‘odgorin,
784 4658 865 4708 qums
886 4659 901 4694 a
922 4643 1026 4695 Mathia
1054 4649 1081 4695 et
1107 4643 1189 4696 Petro
1213 4643 1276 4696 liliis
1302 4644 1451 4698 hlortunns
1469 4659 1585 4714 compa·

333 4735 439 4780 ravenn
459 4744 508 4795 pro
527 4734 598 4780 terra
623 4728 728 4793 Vrbini,
756 4745 817 4780 curn
846 4729 943 4782 litteris
969 4747 1017 4800 per
1041 4741 1147 4799 patrem
1174 4730 1274 4797 Posce,
1300 4719 1461 4800 episcopum
1487 4729 1586 4788 Sirmi-
