3488 5380
334 319 397 386 206
836 346 855 384 1.
877 329 1074 402 suariorum,

387 507 533 564 DOXOII.
552 508 675 580 Spoleti,
694 511 772 562 1256.
791 511 835 563 24.
854 506 1014 562 Februarii.
1032 505 1178 575 Regnante
1198 503 1266 559 Bela
1282 503 1334 559 IV.
1359 519 1432 574 rege,
1451 509 1580 575 tempore

335 595 448 666 Rogerii
467 595 666 666 archiepiscopi
681 593 824 664 Spalaten.
843 593 980 662 Stephani
999 593 1063 648 bani
1089 590 1245 658 Slavonias,
1264 591 1372 646 comitis
1390 591 1503 662 Duymi,
1522 589 1580 644 Ka-

336 683 401 750 eari,
428 683 539 737 Michae
563 681 660 749 Medii,
687 681 797 737 Nicolai
824 682 931 736 Dessae
946 680 1081 750 judicum.
1101 679 1237 748 Rogeriur
1261 679 1488 750 archiepiscopus
1512 678 1581 732 iacit

337 769 515 826 manifestum
541 785 571 824 se
595 769 734 840 recepisse
758 786 775 823 a
800 767 908 823 Thoma
926 766 1119 822 archidiacono
1144 772 1171 820 et
1195 766 1279 821 fratre
1303 765 1402 820 Jesaae
1427 765 1462 820 de
1485 765 1583 821 ordine

337 856 383 910 Fr.
411 856 636 912 Praedicatorum
664 861 819 911 conventus
846 855 1050 926 spalatinenais‚
1078 855 1188 910 nomine
1215 854 1347 908 ecclesiae
1375 853 1519 908 Romanae
1547 853 1584 908 de

337 943 470 1000 mandato
488 944 593 999 domiui
612 945 706 1016 Papae
724 944 855 1000 tredecim
873 943 958 998 libras
977 949 1005 998 et
1022 943 1147 1012 quinque
1160 943 1254 998 soldos
1267 948 1296 997 et
1307 941 1429 997 medium
1442 943 1582 998 bonorum

337 1031 512 1087 denariorum
524 1048 685 1102 grossorum
697 1037 868 1086 venetorum.
878 1031 980 1088 Actum
992 1032 1019 1084 in
1034 1031 1189 1101 praesentia
1201 1029 1310 1085 Nicolai
1322 1029 1473 1084 Pharensir
1486 1031 1581 1101 episc,

336 1117 453 1173 Nicolae
471 1119 584 1188 Duymi,
608 1119 710 1174 Marini
728 1117 875 1185 Simeonis,
893 1116 1031 1172 Leonardi
1048 1119 1084 1172 de
1103 1117 1243 1171 Pessimae
1264 1116 1470 1186 Spalatensium
1489 1122 1518 1171 et
1534 1117 1584 1172 ali·

337 1221 425 1260 omm.
444 1206 539 1261 Dobre
557 1206 697 1262 Duaciaue
716 1205 895 1261 examinator.
920 1205 1034 1259 Amicus
1060 1204 1222 1274 capellanus
1238 1203 1393 1259 communie
1415 1203 1583 1274 spalatensis

333 1295 446 1363 juratus
465 1293 589 1350 notarius
607 1293 737 1360 interluit,
757 1293 869 1364 scripsit
887 1297 914 1346 et
933 1292 1024 1360 sigillo
1043 1290 1241 1362 archiepiscopi
1261 1291 1407 1346 roboravit.

390 1400 519 1454 Farlati:
538 1399 620 1469 Illyr.
639 1414 710 1454 sacr.
732 1400 760 1452 Τ.
781 1398 835 1451 ΙΙΙ.
855 1401 918 1452 279.

389 1521 553 1589 DOXOIlI,
571 1523 717 1588 hennae,
732 1523 809 1575 1256.
822 1524 848 1576 3.
861 1520 968 1575 Martii.
990 1521 1157 1574 Anconitani
1170 1521 1260 1574 iniunt
1273 1525 1385 1590 pactum
1399 1535 1463 1574 cum
1476 1521 1580 1574 nuntiis

337 1611 504 1680 Ragusinia:
522 1608 661 1664 Michaele
681 1609 815 1678 Bingolae
834 1613 861 1662 et
878 1607 1008 1662 iohanne
1026 1607 1187 1677 Ragnanae,
1206 1606 1343 1661 derebus
1363 1606 1463 1662 ablatis
1482 1607 1517 1662 ad
1538 1625 1584 1662 ra-

337 1701 423 1754 lorem
442 1698 517 1752 mille
535 1701 728 1752 sexcentarum
746 1695 879 1750 librarum
897 1695 1097 1750 Anconitarum
1117 1696 1145 1749 in
1163 1695 1227 1749 uari
1247 1694 1337 1764 Sergii
1361 1693 1395 1748 de
1424 1695 1546 1764 Ragnar„

397 1803 520 1858 Wemei:
540 1802 604 1857 Occi.
623 1801 701 1870 Dipl.
722 1800 829 1869 Arpad.
853 1800 917 1854 VII.
933 1816 963 1869 p.
984 1803 1044 1855 448.

394 1943 553 1998 DOXOIV.
572 1944 658 2010 Apud
675 1943 782 1998 Albam
801 1942 923 2008 suriam,
942 1944 1021 1995 1256.
1043 1945 1084 1995 21.
1103 1940 1210 1995 Martii.
1230 1940 1298 1994 Bela
1313 1940 1361 1994 1v.
1387 1955 1437 1995 rex
1461 1941 1578 1996 concedi

340 2036 372 2085 nt
394 2031 423 2085 in
450 2035 544 2085 monte
570 2029 661 2085 Grech
684 2028 720 2084 de
744 2028 881 2098 Zagrabia
906 2026 1030 2082 nundine
1054 2025 1090 2081 ab
1115 2032 1177 2082 octo
1202 2027 1301 2083 diebus
1325 2031 1389 2082 ante
1411 2026 1514 2083 testum
1543 2028 1584 2084 st.

340 2117 429 2172 Marci
448 2117 642 2186 Evangelistae
666 2115 823 2186 incipiendo
847 2131 935 2184 nsque
959 2113 995 2168 ad
1020 2118 1132 2170 octavas
1156 2114 1280 2170 eiusdem
1304 2115 1367 2170 festi
1395 2116 1454 2170 sine
1475 2115 1581 2170 tributo

340 2203 465 2275 quolibet
482 2203 662 2259 celebrentur.

395 2310 515 2366 Ttaldic':
538 2313 658 2365 Monam.
679 2308 803 2364 mutatis
821 2307 941 2377 Zaprob.
963 2307 1016 2364 voi.
1035 2311 1057 2361 1.
1073 2324 1103 2376 p.
1123 2311 1166 2364 26.

396 2433 840 2504 Dcxcv.araanii,1aee.2r
853 2433 962 2486 Martii.
972 2432 1117 2500 Regnante
1127 2433 1196 2487 Bela
1205 2448 1277 2501 rege,
1290 2434 1461 2504 temporibus
1472 2436 1585 2506 Rogerii

341 2521 463 2591 archiep.
482 2520 662 2590 Spalateusis‚
682 2519 817 2590 Stephani
835 2519 950 2573 illustris
968 2517 1033 2572 bani
1051 2517 1207 2585 Slavoniae,
1223 2520 1331 2573 comitis
1349 2521 1454 2590 Duymi
1473 2523 1583 2590 Kasari‚

341 2608 452 2664 Michae
471 2607 557 2662 Madii
576 2613 605 2661 et
622 2607 738 2662 Nicolae
756 2606 849 2661 Desae
864 2605 999 2675 judicum,
1025 2607 1134 2675 questio
1161 2611 1204 2659 est
1228 2611 1325 2660 exorta
1349 2607 1419 2661 inter
1437 2609 1582 2679 Duymum

339 2695 440 2750 Kasari
455 2694 586 2764 judicem,
607 2701 634 2748 et
652 2694 849 2765 Lampredium
868 2693 1028 2763 Sagarellae
1053 2692 1088 2747 de
1113 2693 1233 2748 sedecim
1253 2693 1407 2764 pecudibus
1426 2693 1583 2763 dequibus

339 2781 412 2836 idem
432 2781 562 2852 Drymus
580 2781 754 2837 fideiueserat
772 2781 861 2837 eidem
880 2779 1050 2850 Lampredio
1066 2797 1116 2850 pro
1135 2780 1302 2851 Lampredio
1323 2781 1453 2836 Destizae
1475 2789 1506 2838 ut
1527 2785 1583 2838 sint

339 2870 368 2922 in
383 2869 447 2938 jure
466 2869 594 2924 oonl'essi.
613 2870 743 2938 Duymus
761 2868 872 2923 dicebat
890 2867 966 2938 quod
986 2868 1045 2938 ipse
1064 2867 1176 2923 volebat
1200 2869 1306 2923 solvere
1331 2869 1530 2940 Lampredinm
1547 2871 1583 2926 de

339 2955 423 3010 rebus
433 2955 584 3011 mobilibus
603 2961 652 3010 aut
669 2955 866 3021 immobilibus,
877 2953 1049 3026 Lamprediis
1064 2959 1159 3009 autem
1172 2956 1259 3010 voluit
1271 2957 1393 3026 recipere
1406 2958 1582 3013 solummodo

337 3043 366 3108 in
378 3043 549 3114 pecudibus.
568 3043 587 3098 J
589 3043 684 3099 udices
702 3043 896 3098 decreverunt:
915 3042 991 3111 quod
1010 3043 1070 3113 ipse
1094 3042 1278 3113 Lampredius
1295 3043 1456 3112 Sagarellae
1480 3044 1583 3100 debeat

338 3131 459 3201 recipere
479 3131 648 3186 solutionem
666 3145 684 3184 a
700 3130 814 3200 Duymo
832 3131 860 3184 in
879 3129 963 3184 rebus
983 3130 1026 3184 sui
1045 3129 1177 3186 debitoris
1195 3131 1353 3204 Lampredii
1372 3132 1510 3187 Destizae.

392 3237 440 3290 Ex
458 3237 570 3292 arctico
589 3236 681 3291 aulico
705 3235 915 3290 Vindobonrnar'.
935 3236 1008 3290 Actu
1027 3234 1136 3304 spalat.
1155 3237 1186 3291 X
1192 3237 1303 3302 Vilico.

391 3376 651 3433 DOXOVI.1256.
676 3380 718 3432 24.
744 3375 850 3430 Martii.
877 3376 944 3430 Bela
968 3375 1020 3430 IV.
1045 3393 1094 3430 rex
1118 3377 1249 3445 notificat,
1272 3378 1429 3448 quodcum
1454 3385 1519 3450 post
1543 3398 1584 3436 re-

342 3481 453 3521 cessum
471 3465 652 3520 Tartarorum
671 3481 722 3535 pro
740 3463 902 3520 revocandis
918 3462 1029 3532 juribus
1047 3464 1130 3518 castri
1142 3463 1264 3519 indebite
1276 3467 1420 3536 occupatis
1434 3483 1483 3536 per
1495 3471 1585 3522 totum

339 3553 469 3620 Regnum
488 3550 612 3606 diversos
627 3551 737 3622 judices
756 3553 883 3619 misisset,
901 3552 972 3605 inter
990 3556 1114 3606 caeteros
1128 3551 1208 3606 Ohak
1224 3568 1319 3608 comes
1335 3553 1371 3607 de
1389 3553 1465 3609 Gara
1483 3555 1585 3610 ensifer

340 3639 441 3706 regius,
460 3653 510 3692 sex
528 3638 721 3706 generationes
740 3636 774 3692 da
792 3640 924 3694 comitatu
942 3639 1018 3694 Gara
1044 3637 1080 3692 ad
1105 3639 1177 3708 regis
1200 3640 1384 3710 praesentiam
1408 3642 1533 3696 evocavit
1558 3649 1587 3698 et

339 3731 427 3779 terrae
445 3724 596 3780 earundem
615 3729 706 3780 castro
727 3725 834 3779 reahtui
853 3725 1002 3795 repetebat.
1021 3725 1144 3780 Eaedem
1158 3731 1251 3782 autem
1264 3728 1456 3796 generationes
1470 3745 1584 3800 respon·

341 3811 449 3879 derunt,
477 3811 553 3882 quod
580 3811 643 3866 illae
668 3819 756 3867 terrae
781 3829 877 3867 eorum
902 3820 993 3868 essent
1019 3813 1209 3882 hereditariae,
1228 3821 1256 3870 et
1274 3815 1348 3885 quod
1368 3815 1511 3885 quondam
1537 3833 1587 3888 per

342 3899 426 3970 Moya
445 3899 574 3954 comitem
592 3899 627 3954 de
646 3899 722 3954 Gara
739 3901 767 3954 in
786 3901 858 3971 regis
877 3901 1033 3972 praesentia
1051 3903 1156 3958 ratione
1174 3903 1257 3956 castri
1275 3905 1303 3956 in
1318 3903 1454 3973 judicium
1468 3904 1587 3960 fuissent

340 3985 485 4052 deductae,
504 4001 537 4041 ac
554 3987 583 4040 in
603 3988 759 4056 praesentia
777 3987 911 4058 Stephani
939 3987 1004 4042 bani
1022 3989 1109 4042 totius
1128 3988 1282 4056 Slavoniae,
1302 3991 1376 4060 quod
1402 4006 1498 4045 eornm
1522 3990 1587 4046 hae·

340 4073 486 4128 reditariae
513 4073 568 4128 siut
591 4073 708 4128 testibus
736 4074 851 4144 ydoneis
879 4075 1107 4145 conprobasaent,
1133 4093 1216 4146 super
1241 4095 1297 4147 quo
1318 4079 1401 4133 etiam
1419 4085 1587 4134 curaverunt

340 4162 412 4230 regis
431 4162 606 4232 privilegium
633 4161 769 4228 exhibere,
795 4163 924 4232 quocirca
950 4163 1012 4216 illas
1037 4178 1085 4216 rex
1110 4163 1146 4216 ab
1170 4165 1347 4235 impeticione
1371 4166 1479 4221 comitis
1504 4165 1587 4222 Ghak

339 4248 421 4304 duxit
430 4247 623 4304 absolvendas.
643 4247 699 4304 Sed
718 4250 783 4318 quia
802 4250 829 4302 in
847 4249 991 4320 privilegio
1003 4250 1076 4319 regis
1090 4249 1266 4306 solummodo
1278 4254 1362 4306 trium
1375 4253 1586 4321 generationum

340 4337 453 4392 nomina
476 4337 651 4405 haberentur,
675 4337 828 4408 specialiter
852 4337 922 4392 inter
943 4337 1013 4392 abias
1033 4343 1129 4404 terrae,
1148 4344 1235 4393 terrae
1254 4341 1440 4408 generationis
1466 4341 1583 4410 Bracon,

339 4424 429 4481 eidem
448 4429 590 4496 tamquam
608 4423 807 4480 haereditariae
830 4425 948 4494 reliquit.
967 4425 1074 4480 Datum
1092 4442 1141 4496 per
1159 4443 1258 4481 manus
1284 4427 1415 4497 Magistri
1440 4427 1587 4496 Smaragdi

341 4511 462 4566 albensis
480 4511 568 4581 electi,
587 4513 668 4568 aulae
687 4512 912 4568 vicecancellarii.

399 4618 516 4674 Wearei:
539 4619 602 4676 (iod.
622 4619 692 4688 dipl.
711 4619 782 4688 Arp.
806 4617 871 4675 Vll.
891 4621 947 4676 421.
