3544 5344
363 449 385 514 4
861 477 880 516 ι.
904 461 1104 534 ruminent,

415 639 483 692 XII.
495 639 530 692 A.
543 641 622 693 1200.
640 637 660 692 J
661 639 784 692 ohannes
795 638 955 709 capellanus
968 645 996 693 et
1008 639 1112 709 Symon
1126 637 1319 706 subdiaconus,
1332 637 1437 693 domini
1454 655 1545 710 papae
1563 639 1603 693 sa-

363 725 490 792 miliares,
509 732 537 780 et
548 742 592 796 ap.
606 723 679 779 sedis
691 724 775 794 legati
787 724 943 779 concedunt
955 723 1118 781 Constantio
1130 724 1225 780 abbati
1238 724 1273 780 de
1286 725 1436 781 Acrumina
1448 725 1603 796 (Lacroma)

364 821 391 868 et
409 815 466 868 suis
491 811 704 878 successoribus,
729 812 806 865 salva
829 812 992 866 auctoritate
1010 812 1170 882 apostolica,
1196 811 1232 866 ad
1250 813 1409 867 instantiam
1427 813 1491 867 cleri
1509 819 1537 868 et
1554 829 1603 884 po·

364 901 422 972 puli
434 899 609 970 ragusiensis,
628 900 744 964 mitram,
763 897 893 952 baculum
906 906 933 953 et
945 898 1076 966 sandalia,
1096 915 1179 968 quam
1191 899 1397 954 concessionem
1409 899 1465 953 iam
1476 899 1603 955 Andreas

363 987 505 1057 quondam
529 986 752 1056 archiepiscopus
770 1001 787 1038 a
805 1001 879 1056 papa
898 985 1024 1056 Eugenio
1043 1003 1094 1056 pro
1111 985 1211 1040 abbate
1236 984 1360 1040 eiusdem
1378 987 1537 1042 monasterii
1554 987 1603 1041 im-

364 1075 487 1146 petravit.

415 1161 547 1216 Farloti:
565 1160 648 1230 illyr.
667 1159 746 1214 aaa.
768 1159 796 1211 Τ.
820 1157 876 1227 VI,
893 1175 922 1228 p.
941 1160 983 1212 88.

416 1265 498 1319 XIII.
521 1265 556 1318 A.
574 1267 655 1316 1200.
680 1261 845 1318 Homericus
869 1280 918 1318 rex
940 1261 1097 1330 Chasmam,
1122 1279 1207 1332 quam
1228 1281 1277 1320 rex
1301 1263 1448 1320 Ladielaus
1472 1265 1604 1319 ecclesiae

363 1351 534 1422 zagrabiensi
558 1351 720 1418 contulerat,
745 1368 794 1421 per
812 1351 941 1406 clericum
959 1349 1095 1404 Thomam
1120 1351 1283 1406 canonicum
1304 1351 1445 1406 albensem
1464 1354 1604 1422 peragrari

363 1439 474 1504 faciens,
500 1437 588 1493 eidem
607 1437 738 1492 ecelesiae
760 1437 912 1503 confirmat,
937 1443 965 1492 et
988 1437 1124 1507 populum
1147 1438 1175 1490 in
1198 1454 1231 1492 ea
1255 1439 1435 1492 constitutum
1459 1438 1494 1492 ad
1517 1440 1605 1493 instar

362 1525 617 1596 Dumbrogensium
641 1531 669 1579 et
686 1525 803 1578 aliorum
827 1523 917 1578 eidem
940 1523 1071 1598 ecclesiae
1096 1522 1268 1578 subditorum
1291 1524 1319 1578 in
1340 1526 1554 1579 marturinamm
1576 1532 1604 1580 et

363 1630 490 1668 annonae
508 1613 640 1683 pensione
658 1612 716 1666 sive
734 1611 846 1680 hospitii
869 1610 963 1664 debito
981 1627 1037 1663 non
1055 1609 1129 1664 bano
1147 1609 1195 1664 sed
1214 1611 1265 1664 soli
1284 1611 1414 1680 episcopo
1435 1611 1603 1682 respondere

361 1699 491 1754 decernit.
513 1700 616 1754 Terrae
638 1703 713 1752 meta
736 1697 825 1766 prima
848 1697 900 1751 fuit
924 1713 994 1766 pons
1017 1697 1091 1766 regis
1116 1696 1268 1764 Colomani,
1293 1713 1374 1752 secus
1394 1715 1479 1767 quem
1501 1715 1603 1753 nomen

362 1784 483 1840 Prodani
508 1785 631 1855 episcopi
648 1785 676 1837 in
696 1783 843 1838 corticibus
862 1783 991 1838 arborum
1009 1783 1178 1852 insculptum
1202 1788 1251 1838 est
1276 1783 1351 1838 Hinc
1375 1784 1419 1838 via
1441 1784 1508 1840 dicti
1530 1785 1602 1854 regis

364 1887 447 1942 super
464 1887 597 1938 magnum
615 1876 737 1924 montem
755 1885 844 1938 usque
862 1869 897 1923 ad
917 1876 1032 1939 puteum
1056 1870 1188 1925 eiusdem.
1208 1872 1232 1924 A
1252 1877 1336 1941 puteo
1354 1870 1418 1924 inde
1441 1869 1477 1924 ad
1495 1871 1602 1937 Rosuk,

362 1956 427 2012 inde
446 1956 481 2011 ad
499 1962 622 2010 montem
641 1955 754 2026 Sythva,
773 1955 837 2010 inde
856 1955 891 2010 ad
909 1955 1024 2010 fluvium
1042 1957 1173 2022 Doboulr,
1191 1956 1291 2011 deiude
1309 1957 1345 2011 ad
1363 1957 1515 2026 Balablata,
1539 1958 1604 2012 hinc

363 2043 400 2099 ad
417 2043 531 2098 dudum
549 2042 682 2108 Prestika,
702 2043 749 2111 qui
764 2043 890 2112 jungitur
908 2043 991 2098 fluvio
1017 2043 1145 2097 Chasms.
1173 2045 1208 2097 In
1231 2044 1296 2097 villa
1319 2061 1384 2098 vero
1402 2045 1498 2098 Zelina
1515 2045 1605 2115 prima

363 2136 437 2185 meta
462 2135 504 2184 est
528 2145 623 2184 versus
642 2130 867 2199 septemtrionem
881 2129 963 2199 juxta
981 2136 1103 2198 putenm,
1128 2147 1145 2182 a
1163 2146 1219 2198 quo
1237 2130 1404 2199 pervellem
1422 2147 1511 2200 usque
1528 2147 1604 2200 mag-

364 2234 428 2270 nam
446 2217 519 2270 viam
540 2216 707 2272 &videntem
729 2221 830 2270 terram
853 2215 974 2269 Bereslai
993 2221 1021 2270 et
1038 2215 1126 2270 tendit
1150 2215 1185 2269 ad
1209 2215 1353 2270 ecclesiam
1376 2215 1404 2271 S.
1422 2217 1559 2272 Johannis
1577 2223 1605 2272 et

364 2303 400 2358 ad
417 2309 517 2358 terram
536 2304 636 2373 Vgrini
654 2309 681 2358 ct
699 2318 794 2357 versus
813 2319 942 2356 occasum
960 2301 996 2356 sd
1014 2309 1126 2372 pontem
1145 2302 1277 2356 Vratislai
1296 2301 1330 2356 de
1348 2303 1456 2370 Lemni,
1475 2304 1528 2357 sub
1548 2321 1604 2372 quo

363 2391 448 2445 currit
465 2390 565 2444 fluvius
584 2391 685 2444 Zelina
704 2389 780 2444 Hinc
798 2388 833 2443 ad
852 2405 984 2458 magnum
1002 2395 1124 2442 montem
1143 2405 1231 2456 usque
1250 2396 1352 2443 metam
1363 2389 1522 2456 Ratumeni
1541 2388 1604 2444 inde

364 2476 401 2530 ad
419 2483 541 2547 puteum,
566 2476 613 2530 nbi
637 2477 804 2530 terminatur.
830 2475 936 2530 Datum
959 2492 1009 2546 per
1033 2491 1131 2528 manus
1155 2474 1292 2529 Desiderii
1316 2475 1397 2530 aulae
1414 2477 1560 2532 cancelarii
1578 2481 1605 2530 et

364 2563 516 2634 praepositi
539 2563 574 2617 de
592 2562 694 2617 Scibis.
714 2562 869 2632 Subscripti
887 2564 957 2617 inter
975 2569 1098 2617 caeteros
1117 2560 1239 2616 Calenus
1257 2563 1406 2633 episcopus
1423 2563 1604 2632 quinqueecl,

364 2651 527 2705 Dominicus
547 2649 663 2718 Zagrsb,
685 2647 851 2702 Benedictus
870 2649 959 2702 banus
978 2655 1006 2703 et
1023 2665 1115 2704 comes
1134 2647 1169 2702 de
1188 2649 1263 2702 Zela

421 2736 547 2790 Ttaliii:
565 2739 745 2789 Monumecta
762 2749 824 2804 epp.
842 2735 953 2804 suprad.
971 2735 995 2790 Ι.
1011 2753 1041 2804 p.
1063 2741 1087 2790 9.

418 2839 498 2894 XIV.
515 2841 548 2894 A.
560 2843 637 2895 1200.
650 2839 776 2894 Andreas
794 2839 852 2894 dux
865 2839 1028 2906 Dalmatiae,
1043 2840 1171 2895 Orcadas
1186 2839 1376 2909 Obulmaeque
1392 2857 1513 2906 causam,
1532 2857 1604 2910 quae

364 2933 473 2981 versata
496 2925 549 2982 suit
571 2926 641 2982 inter
664 2926 842 2981 Dominieum
867 2941 938 2995 zagr.
963 2926 1124 2995 episcopum
1149 2931 1176 2980 et
1194 2927 1307 2981 Petrum
1329 2927 1441 2982 fratrem
1460 2927 1552 2981 Zadur
1569 2927 1604 2981 de

364 3019 436 3069 terra
454 3013 610 3068 Graboniza
628 3031 691 3068 cum
710 3013 766 3066 suis
793 3013 969 3082 magnatibus
989 3012 1084 3066 ordine
1099 3011 1244 3081 judiciario
1262 3013 1364 3068 decidit
1381 3015 1409 3067 in
1428 3011 1604 3068 commodum

365 3099 496 3171 episcopi,
521 3099 646 3154 convicto
664 3099 747 3153 Petro
765 3097 792 3152 in
810 3099 869 3154 iure
888 3099 1008 3169 plurium
1031 3099 1197 3167 testimonio,
1218 3099 1398 3170 relinquendo
1416 3107 1516 3154 terram
1534 3100 1605 3170 epis-

365 3205 436 3258 copo
460 3187 488 3240 in
512 3193 684 3257 perpetuum.
710 3185 743 3238 ln
767 3186 956 3239 testimonium
977 3185 1124 3256 subscripti
1145 3185 1319 3256 iobagiones:
1339 3187 1408 3255 Mog
1433 3202 1533 3251 comes,
1555 3185 1604 3239 Ni-

365 3273 460 3327 colsus
484 3272 581 3338 banus,
607 3273 661 3325 Ata
680 3289 780 3338 eomes,
805 3271 941 3325 Martinus
959 3287 1059 3338 comes,
1084 3273 1150 3342 Isep
1175 3289 1274 3337 comes,
1294 3272 1397 3325 Gresen
1415 3287 1515 3326 comes.
1541 3273 1604 3326 Pre-

365 3359 447 3413 staldi
472 3375 536 3414 vero
554 3359 678 3414 Welceta
701 3359 736 3414 de
755 3357 831 3414 Gora
854 3365 882 3413 et
899 3357 1072 3412 Wrodislaus
1090 3357 1125 3412 de
1143 3356 1286 3426 Zagrabia
1312 3355 1417 3411 Datum
1435 3373 1484 3428 per
1503 3374 1603 3412 manus

364 3443 464 3499 Jacobi
482 3445 615 3516 prepositi
633 3446 757 3514 magistri
775 3443 899 3515 ejusdem
917 3443 994 3499 ducis
1014 3449 1041 3498 et
1059 3443 1219 3500 cancellarii.

420 3531 548 3587 baalac.-
566 3533 749 3587 Monumeatc
768 3547 828 3600 epp.
845 3548 920 3602 sapt.
940 3534 972 3601 1.,
992 3536 1016 3586 8.

418 3636 483 3692 XV.
507 3637 542 3690 A.
560 3640 635 3691 1200.
660 3635 788 3692 Andreas
810 3635 966 3691 Dalmatiae
990 3635 1118 3691 Oroatiae
1143 3635 1334 3706 Ohulmaeque
1358 3633 1423 3700 dux,
1449 3633 1484 3688 ad
1510 3649 1605 3704 preces

366 3723 476 3778 abbatis
494 3731 522 3778 et
539 3723 655 3778 fratrum
673 3723 708 3777 de
726 3723 894 3778 monasterio
913 3722 955 3777 Ss.
976 3721 1096 3777 Cosmae
1113 3728 1140 3777 et
1158 3723 1295 3788 Damisni,
1314 3721 1391 3777 dedit
1409 3737 1504 3776 corum
1522 3722 1607 3776 eccle-

366 3812 422 3865 siae
438 3809 465 3865 S.
480 3809 628 3879 Grisogoni
646 3817 756 3874 terram,
775 3827 847 3877 quae
865 3815 907 3863 est
924 3811 953 3862 in
969 3809 1102 3864 suburbio
1115 3809 1237 3879 Sibenig,
1251 3815 1385 3881 perpetuo
1399 3807 1604 3880 possidendam.

365 3897 451 3951 Terra
469 3903 563 3951 autem
587 3903 700 3952 vocatur
724 3895 790 3949 Dub
815 3895 850 3949 ab
875 3895 973 3951 arbore
996 3895 1099 3949 ibidem
1126 3901 1228 3949 exorta.
1254 3895 1399 3951 Praedicta
1417 3911 1481 3950 vero
1499 3895 1607 3965 capella

366 3983 394 4038 S.
414 3983 562 4053 Grisogoni
588 3989 646 4038 erat
669 3982 786 4037 fundata
804 3999 821 4036 a
838 3981 944 4037 civibus
969 3981 1100 4052 praedicti
1118 3981 1202 4036 castri
1220 3981 1335 4038 Sibenik
1359 3989 1387 4038 et
1404 3981 1530 4052 praefato
1548 3997 1606 4034 mo-

365 4069 485 4124 nasterio
509 4069 624 4136 tradita;
648 4077 748 4124 terram
773 4069 925 4140 proclamat
949 4067 1007 4121 dux
1025 4084 1085 4123 esse
1103 4067 1231 4123 liberam:
1251 4077 1282 4124 ut
1299 4070 1402 4124 nemini
1420 4069 1502 4124 liceat
1519 4067 1555 4122 ab
1574 4083 1606 4121 ea

366 4156 475 4224 exigere
493 4155 646 4226 quidquam
662 4173 696 4210 ex
714 4155 807 4210 debito
826 4155 922 4210 necin
941 4153 1062 4221 decimis,
1081 4172 1132 4210 nec
1150 4156 1178 4209 in
1197 4155 1266 4222 aliis,
1285 4156 1362 4210 salvo
1375 4157 1435 4225 jure
1451 4152 1607 4209 dioecesani

366 4243 497 4312 episcopi.
522 4242 627 4296 Datum
651 4259 700 4312 per
723 4258 823 4297 manus
848 4242 998 4312 praepositi
1022 4247 1049 4296 et
1076 4243 1230 4297 cancellarii
1253 4243 1332 4297 duola
1357 4243 1482 4311 magistri
1498 4239 1607 4296 Jacobi.

365 4329 526 4384 Prestaldus
544 4335 604 4384 erat
615 4346 707 4384 comes
720 4329 883 4386 Domaldus.
901 4329 1109 4399 Jobbagionum
1127 4347 1192 4385 vero
1210 4330 1330 4394 nomina,
1350 4329 1398 4397 qui
1410 4335 1477 4384 tunc
1492 4328 1608 4382 aderant

367 4423 395 4470 et
416 4416 489 4471 facto
512 4417 700 4472 testimonium
723 4417 926 4487 perhibuerant,
950 4419 1019 4472 haec
1042 4424 1119 4472 sunt:
1143 4415 1301 4472 Bernardus
1323 4415 1495 4487 Spalatensis
1520 4415 1607 4470 archi·

366 4503 523 4572 episcopus,
551 4503 684 4560 Nicolaus
711 4503 872 4559 Jadertinus
899 4504 1086 4570 archielectus,
1116 4503 1254 4572 Georgius
1284 4503 1421 4558 Tiniensis
1449 4503 1607 4572 episcopus,

367 4591 437 4658 Meg
455 4606 555 4656 comes,
574 4590 707 4645 Nicolaus
727 4591 816 4644 banus
834 4597 884 4645 etc.

419 4677 535 4731 Farloti
554 4677 607 4731 IV.
624 4694 652 4745 p.
671 4682 695 4732 8.
708 4680 824 4732 Kotoaa
836 4679 912 4732 Hist.
923 4693 946 4731 r.
959 4679 995 4731 Η.
1009 4677 1027 4728 l
1031 4677 1060 4731 V.
1071 4693 1099 4745 p.
1111 4679 1173 4731 592.
1185 4676 1270 4742 Fejcr
1285 4675 1377 4730 Oodca
1389 4674 1502 4742 diplom.
1515 4675 1608 4740 Hane.

367 4763 407 4818 H.
424 4779 453 4832 p.
472 4767 534 4818 375.

1750 1209 1763 1381 ³

1749 1810 1759 1828 ‹

1747 2885 1763 3186 ι

1753 3943 1763 4062 .

1751 4071 1763 4357 l
