3480 5356
188 2419 434 2476 MOCLXXXIII.
452 2421 571 2478 saurae.
592 2423 668 2476 1280.
687 2424 729 2476 22.
750 2421 896 2477 ‚interrasit
916 2421 1014 2478 Frater
1027 2423 1121 2478 (tuido
1134 2423 1286 2480 Gradensis
1300 2424 1386 2480 eecle-

137 2507 192 2562 siae
212 2508 375 2578 patriarcha,
394 2509 605 2579 Dalmatiaeque
624 2511 735 2580 primas,
755 2509 922 2574 manifestat,
941 2511 1016 2580 quod
1030 2511 1070 2564 14.
1086 2511 1130 2564 die
1142 2512 1244 2566 mensis
1256 2512 1383 2568 Januarii

136 2593 264 2661 intrante,
284 2595 417 2650 ecciesiae
436 2595 661 2650 Praedicatorum
684 2597 718 2650 de
741 2595 828 2650 Jadra
853 2604 881 2650 et
905 2599 1002 2651 maiori
1027 2597 1106 2652 altari
1125 2599 1250 2668 ejusdem
1275 2599 1311 2653 ad
1336 2599 1387 2656 ho·

135 2695 230 2736 uorem
250 2683 302 2736 Dei
322 2688 349 2736 et
363 2681 390 2736 S.
406 2683 493 2737 iinrci
506 2684 623 2753 apostoli
637 2691 665 2738 et
677 2701 718 2738 ev.
732 2685 946 2738 consecrationis
960 2701 1061 2745 munus
1075 2685 1154 2738 duxit
1167 2685 1386 2756 inpendentium,

137 2767 179 2820 cui
209 2771 411 2824 consecrationi
440 2772 571 2840 magister
596 2770 762 2824 Laurentius
789 2771 934 2826 Jadreusis
966 2769 1199 2842 archiepiscopus,
1228 2773 1386 2844 Stephanus

137 2853 275 2913 Nouensis
293 2859 440 2928 episcopus
459 2866 487 2911 et
506 2858 642 2912 uiantinus
665 2857 805 2912 Seniensis
820 2859 967 2928 episcopus
982 2860 1141 2914 astitissent.
1161 2860 1225 2914 Hac
1240 2862 1386 2914 occasione

137 2946 322 3016 promulgavit
340 2945 375 2998 ad
395 2946 555 3014 petitionem
575 2945 701 3014 Gregorii
729 2946 861 2999 Arbeusis
886 2947 1009 3016 episcopi
1034 2947 1163 3000 omuibus
1188 2949 1236 3016 qui
1263 2947 1334 3000 sesto
1359 2948 1386 3008 b.

139 3029 225 3086 Marci
245 3033 347 3088 dictam
367 3033 510 3087 ecclesiam
530 3033 707 3099 visitaverint,
726 3032 928 3102 indulgentiam
953 3035 1035 3088 unius
1060 3035 1124 3087 nuni
1150 3039 1178 3088 et
1203 3034 1387 3104 quadraginta

138 3115 251 3176 dierum.

189 3223 304 3279 Farlati
323 3225 408 3295 illyr.
427 3225 506 3280 Socr.
528 3225 558 3278 Τ.
577 3225 628 3279 IV.
649 3228 706 3278 120.

192 3384 437 3440 MCGLXXXIV.
458 3384 599 3439 Veneiiis.
619 3387 694 3438 12⁸0.
713 3387 756 3438 25.
775 3385 887 3436 Martii.
901 3383 966 3438 Dux
985 3384 1108 3438 Joauues
1126 3385 1259 3438 Dandulo
1273 3391 1300 3440 et
1313 3401 1386 3440 com·

138 3482 220 3524 mune
249 3472 431 3526 venetiarum
460 3471 562 3526 cedunt
585 3471 694 3524 Marino
722 3471 905 3536 Mauroceno,
930 3471 1023 3524 comiti
1055 3473 1203 3538 absereusi,
1228 3474 1385 3526 universum

142 3558 304 3613 comitatum
324 3560 424 3612 Auseri
444 3575 506 3612 cum
526 3559 617 3612 insula
641 3557 797 3628 Leporaria,
821 3559 937 3612 Auriola
955 3565 983 3612 et
1001 3557 1157 3613 Sars-henna
1181 3575 1244 3614 cum
1271 3560 1385 3614 caeteris

138 3640 242 3714 insulis,
262 3653 290 3700 et
309 3663 372 3701 curu
392 3646 519 3700 omnibus
537 3645 691 3699 redditibus
710 3651 737 3700 et
755 3645 986 3712 honorificentiis,
1006 3647 1088 3700 salvis
1102 3647 1210 3716 regaliis
1225 3653 1253 3700 et
1264 3648 1386 3716 exceptis

138 3728 235 3786 insutis
253 3733 317 3798 Nia,
336 3733 462 3803 Sausigo‚
488 3733 632 3786 Cauidulis
652 3741 679 3786 et
697 3733 822 3786 Neumis.
842 3733 896 3787 Pro
916 3733 1038 3787 dominio
1063 3733 1145 3788 debet
1169 3734 1275 3788 solvere
1299 3749 1385 3788 anuu-

138 3817 204 3870 atim
224 3821 292 3874 1400
311 3821 395 3875 libras
413 3822 441 3874 in
462 3819 571 3874 duobus
589 3820 721 3887 terminis,
741 3826 768 3873 et
786 3821 899 3890 insuper
924 3821 1063 3874 communi
1089 3821 1255 3891 quingentas
1280 3835 1386 3874 marcas

139 3908 245 3971 argenti
263 3907 346 3962 debet
365 3907 518 3962 emendare.

172 4007 535 4076 neapolitanensem.
552 4029 581 4081 p.
602 4016 660 4066 124.

190 4168 418 4226 MOOLXXXV.
447 4172 591 4228 venetiis.
618 4177 692 4225 mot).
724 4176 762 4225 rt.
792 4173 876 4226 arati.
907 4171 1100 4226 Praesentibus
1129 4172 1237 4227 Jacobo
1264 4172 1384 4236 Donato,

138 4249 283 4315 Leonardo
302 4260 370 4326 Gisi,
389 4259 536 4315 Pancratio
555 4259 676 4314 Venerio
700 4267 728 4314 et
750 4261 847 4313 utarco
871 4259 1030 4330 Maripetro,
1056 4259 1146 4313 Tanto
1171 4259 1334 4312 cancellario
1359 4265 1386 4311 et

138 4335 304 4402 Rustichiuo
323 4347 488 4401 Benintendi
512 4348 619 4401 notario
639 4354 666 4400 et
685 4347 773 4400 scriba
793 4346 910 4400 dircatus
928 4345 1118 4412 venetiarum,
1137 4346 1254 4400 testibus
1273 4346 1384 4412 vocetis,

139 4430 166 4478 et
183 4433 278 4488 multis
297 4435 357 4488 aliis
376 4451 470 4488 eorem
488 4435 571 4488 Petro
590 4434 748 4488 Gradouieo
768 4433 838 4488 duoc
859 4435 1045 4500 Venetiarum,
1072 4434 1227 4487 astantibus
1246 4433 1386 4486 nobilibus

140 4513 250 4572 Andrea
269 4521 304 4576 de
322 4523 438 4587 Melino,
456 4521 603 4575 Leonardo
622 4521 752 4586 Venerio,
774 4520 881 4575 Marino
900 4521 1014 4588 Ruzino,
1034 4521 1157 4574 Gratcuu
1170 4519 1310 4583 Dandulo,
1330 4518 1387 4572 Ga-

139 4597 221 4656 briele
240 4609 351 4662 Delfino
376 4616 403 4662 et
425 4609 553 4664 Johauue
578 4611 743 4678 Srrperantio
767 4609 854 4661 salicti
880 4609 988 4678 Angeli,
1014 4609 1119 4662 nobiles
1144 4609 1192 4661 viri
1216 4607 1327 4676 Pasqua
1352 4605 1386 4660 dc

140 4684 287 4750 Vaticasso
307 4704 335 4750 et
353 4697 508 4750 Domnidus
528 4697 562 4750 de
580 4697 725 4763 Zaduliu0,
745 4697 817 4750 cives
839 4697 948 4762 Jadrae,
967 4697 1057 4749 nuntii
1078 4703 1104 4749 et
1123 4703 1317 4765 procuratores
1337 4696 1384 4750 do-

138 4775 203 4830 mini
226 4780 305 4838 Pauli
326 4785 512 4839 Brcbcriensis
531 4785 594 4838 baui
614 4791 641 4838 et
660 4785 719 4852 ejus
739 4783 854 4836 fratrum
874 4784 980 4838 comitis
1003 4782 1116 4852 Georgii
1136 4789 1163 4836 et
1182 4784 1290 4838 comitis
1315 4783 1385 4836 Mla·

1239 4872 1278 4938 27
