3488 5380
337 359 404 438 2Ίο
837 383 859 434 t,
879 369 1077 446 adnumnvrd,

339 556 456 614 aliarum
475 561 612 612 terrarum
639 569 710 626 quas
734 555 759 610 ei
781 554 898 610 maritus
921 554 983 626 ejus
1007 569 1056 610 rex
1077 553 1146 611 Boia
1166 551 1248 611 titnlo
1271 551 1345 610 dotis
1367 551 1531 624 contulerat,
1554 557 1584 612 et

339 644 414 700 filins
433 643 494 700 eina
512 641 673 714 Stephanus
688 657 737 698 rex
755 639 974 708 confirmaverat,
992 645 1083 697 ratum
1108 641 1224 710 habens,
1241 642 1348 698 lltteras
1366 641 1491 713 ejusdem
1508 641 1583 714 regis

338 730 474 802 Stephani
492 730 648 797 transumit,
666 729 694 784 in
713 728 815 800 quibus
832 729 997 796 continetur,
1013 727 1089 799 quod
1102 729 1127 784 ei
1140 743 1280 784 cameram
1290 729 1327 784 de
1340 728 1450 800 Syrmio
1467 729 1583 800 insuper

337 817 433 872 vllium
451 817 547 886 lingas
565 817 770 872 Ismaelitarum
790 815 826 870 ad
844 821 956 887 tempus
974 815 1054 882 vitae,
1079 816 1146 870 item
1164 814 1309 887 praedium
1326 813 1361 872 ds
1379 813 1489 884 Posega
1506 813 1582 886 quod

338 905 364 960 ei
381 903 449 960 Bela
467 919 516 960 rex
535 920 586 978 pro
604 903 737 974 impensis
754 903 835 958 sactis
853 903 881 956 in
900 901 1026 972 partibus
1039 901 1194 970 maritimis,
1205 907 1266 958 tnm
1278 902 1362 956 etiam
1379 901 1487 956 ratione
1499 899 1583 968 dotis,

337 1005 402 1047 oum
420 990 550 1047 omnibus
569 989 746 1062 appenditiis,
764 989 862 1045 castris
882 989 993 1057 scilicet,
1004 988 1086 1057 viliis,
1104 988 1215 1044 tributis
1234 993 1263 1046 et
1280 987 1403 1044 collectis
1419 986 1582 1054 contulerat,

338 1076 374 1134 de
391 1093 465 1134 noso
483 1076 611 1134 concedit
628 1082 657 1134 et
674 1076 829 1133 coufirmat.

393 1163 524 1220 rursm
542 1164 622 1220 Moe.
639 1169 690 1220 ost.
714 1163 777 1219 bist.
797 1162 892 1234 Hursg.
911 1165 935 1219 1.
956 1165 1015 1218 283.

390 1303 517 1362 oum
533 1303 668 1361 viterbii
686 1305 766 1358 1266.
790 1301 1104 1360 22.Jses·r·.·01emens
1131 1299 1182 1358 1v.
1210 1315 1285 1373 papa
1310 1299 1425 1358 mandat
1449 1298 1583 1374 archicpi-

338 1407 425 1462 soopo
442 1391 589 1458 colocensi,
608 1387 684 1460 qnod
702 1405 766 1446 oum
784 1388 908 1460 episcopi
926 1388 1137 1459 Zagrabiensos,
1155 1388 1204 1459 qni
1222 1387 1334 1444 fuerunt
1354 1387 1581 1458 praedecessores

337 1477 437 1534 uscos
454 1476 592 1534 Timothei
610 1475 720 1546 Zagrab
747 1475 832 1546 episc.
850 1480 946 1542 tonas,
965 1475 1165 1546 possessiones,
1184 1473 1318 1543 redditus,
1335 1471 1441 1541 vineas,
1457 1489 1581 1542 nemora,

338 1563 446 1630 domos,
455 1564 524 1630 inre,
542 1561 745 1620 iurisdictiones
763 1567 791 1618 et
808 1563 863 1619 alia
881 1563 956 1619 bona
973 1561 1010 1618 ad
1028 1561 1215 1634 episcopalem
1233 1560 1329 1619 sedem
1347 1561 1501 1632 spectantia
1513 1575 1583 1617 non-

340 1649 425 1706 nullis
438 1651 545 1708 clericis
562 1655 592 1707 et
607 1650 686 1707 laicis
703 1647 739 1706 ad
758 1650 866 1704 firmam
883 1654 1020 1722 perpetuo
1032 1649 1076 1704 vol
1094 1647 1148 1704 snb
1165 1665 1252 1705 censu
1269 1663 1363 1704 annuo
1375 1652 1583 1716 concesserunt,

337 1754 373 1796 es
389 1753 463 1810 qnae
480 1737 516 1794 de
533 1737 614 1794 bonis
632 1739 721 1810 ipsius
733 1735 807 1793 sedis
824 1753 875 1808 per
892 1735 1100 1793 concessionem
1119 1735 1280 1792 hnlusmodi
1303 1735 1423 1791 adsueta
1435 1735 1579 1802 invenerit,

339 1841 397 1882 non
415 1825 592 1882 obstantibus
610 1825 709 1881 litteris
730 1823 867 1896 perennis,
892 1822 1149 1890 renuntiationibus,
1174 1823 1336 1880 iuramentis
1353 1825 1381 1878 et
1398 1821 1584 1880 confirmatio·

338 1911 430 1980 nibus,
446 1911 484 1968 ad
502 1913 546 1968 ius
565 1917 593 1968 et
610 1912 809 1984 proprietatem
827 1909 902 1968 sedis
920 1908 1033 1966 studeat
1049 1910 1172 1982 legitime
1190 1924 1328 1968 revocare.

394 1998 520 2055 mido:
538 2001 613 2055 Most.
630 1999 694 2056 test.
715 1999 743 2052 T.
761 1999 787 2056 1.
802 2014 832 2068 p.
847 2001 904 2054 131.

391 2137 532 2193 cmxm.
550 2137 685 2195 viterbii
703 2141 783 2194 1266.
803 2141 828 2192 4.
846 2138 927 2195 Julis'.
946 2138 1076 2195 clemens
1088 2135 1139 2193 1v.
1154 2153 1228 2210 pepe
1240 2137 1360 2208 iniungit
1371 2137 1581 2210 archiepiscopo

338 2221 521 2294 strigoniensi
548 2229 576 2280 et
601 2223 764 2280 timothaeo
792 2225 925 2298 episcopo
948 2225 1136 2296 Zagrabiensl,
1164 2229 1196 2280 ut
1219 2225 1382 2296 magistrum
1406 2225 1583 2282 Faroasrium

340 2310 597 2367 vicecancellarinm
623 2311 696 2381 regis
724 2311 752 2366 in
780 2313 967 2383 praepositum
992 2311 1142 2366 Albensem
1166 2311 1336 2378 confirment,
1361 2315 1509 2383 postquam
1533 2327 1584 2384 per

340 2413 404 2453 enm
422 2399 566 2468 negotium
583 2399 716 2454 ecelesiae
734 2398 929 2469 ngrabiensis
947 2397 1030 2453 luerit
1042 2396 1211 2468 expeditum,
1225 2397 1301 2470 qnod
1313 2399 1491 2456 vehementer
1502 2397 1581 2456 oordi

338 2482 406 2540 dicti
424 2484 564 2556 pontilicis
584 2484 710 2542 inhaeret
727 2489 756 2542 et
767 2485 848 2564 ‚qnod
867 2485 991 2542 celeriter
1008 2486 1037 2540 in
1056 2485 1185 2542 effectum
1203 2485 1318 2557 perduci
1336 2491 1423 2559 optat.

391 2588 521 2646 Thrierr:
539 2591 615 2647 Mors.
633 2595 684 2648 ort.
703 2591 799 2662 Hung.
820 2591 849 2647 Τ.
868 2591 891 2646 1.
910 2608 938 2662 p.
956 2595 1022 2650 287.

389 2729 833 2802 cmxlv.1eeo.2o.,4uposss
859 2732 1004 2789 Rolandus
1028 2731 1119 2788 banus
1147 2733 1233 2790 totins
1256 2731 1407 2790 Slaroniae
1433 2732 1469 2788 ad
1491 2748 1576 2803 qnae-

336 2817 422 2873 relam
439 2817 597 2884 Hormisae,
616 2817 711 2886 Osonl,
730 2819 827 2886 Zirnis,
847 2819 1001 2890 Drsgnlan,
1028 2819 1104 2888 Osel,
1130 2819 1211 2876 Nork
1235 2824 1263 2875 et
1287 2816 1371 2892 Voyn
1395 2821 1578 2876 castrensium

336 2903 565 2974 Zagrablensinm
586 2909 683 2960 contra
706 2905 886 2963 Ambrosium
903 2911 932 2961 et
949 2906 1028 2962 Benk
1052 2906 1125 2963 tilios
1143 2906 1244 2963 Vitatis
1267 2907 1392 2964 attractis
1415 2907 1444 2962 in
1465 2922 1580 2963 causam

280 2987 284 2995 '
335 2989 411 3059 quod
440 2990 475 3048 de
502 2989 568 3046 villa
592 2989 783 3064 Grenisapnls,
808 2999 908 3048 terram
931 2991 1011 3048 Jaler
1035 2993 1088 3049 sibi
1110 2997 1300 3064 usurpassent,
1323 2995 1451 3050 exmissis
1466 3010 1517 3064 pro
1539 2993 1580 3048 in·

258 3081 263 3086 '
335 3077 517 3148 vestigatione
535 3077 604 3134 Inus
622 3079 722 3134 comite
740 3077 919 3150 Zagrabiensi
937 3085 966 3135 et
983 3079 1105 3134 Endrioh
1123 3080 1223 3136 comite
1241 3079 1364 3136 terrestri
1382 3096 1447 3136 cum
1466 3079 1580 3150 aliquod

332 3161 533 3234 jobagionibus
557 3165 640 3221 castri
663 3165 745 3236 Zagr.
769 3171 796 3221 et
819 3165 931 3221 homine
954 3165 1066 3237 capituli
1090 3167 1138 3238 qui
1160 3171 1249 3222 metas
1272 3173 1362 3223 terrae
1387 3166 1579 3238 questionatae

335 3251 568 3323 conscripserunt,
586 3250 728 3306 adiudicat
744 3251 861 3308 eundem
888 3257 991 3308 terrem
1017 3251 1097 3308 Jatm
1120 3253 1266 3309 antedictis
1290 3253 1356 3308 liliis
1374 3253 1481 3310 vitalia
1503 3252 1581 3309 inter

337 3341 425 3393 metas
444 3343 538 3394 sutem
557 3339 676 3393 occurrit
693 3337 794 3393 durius
813 3337 915 3407 Bliana,
934 3339 981 3410 qni
1000 3343 1101 3396 terram
1119 3356 1136 3396 a
1153 3339 1353 3412 capitularibus
1363 3339 1462 3397 dividit
1479 3346 1507 3397 et
1529 3338 1581 3395 iin-

336 3423 397 3479 vins
415 3423 543 3480 Tomara
560 3423 662 3496 pariter
679 3423 838 3482 limitanem
855 3425 979 3498 capituli.

386 3527 596 3587 uorcettoor'rt:
614 3529 771 3588 Extractus
789 3546 823 3586 err
840 3531 911 3600 dipl.
930 3547 991 3602 cop.
1010 3533 1093 3604 Zagr.
1111 3547 1160 3590 ms.

389 3683 512 3742 OthV.
533 3689 613 3744 12⁶6.
630 3692 674 3746 23.
692 3689 821 3758 Aupsssts'.
841 3687 1003 3760 capitulum
1027 3688 1159 3744 ecclesiae
1177 3686 1372 3760 Zegrablensis
1390 3694 1487 3745 notum
1505 3687 1579 3756 iacit,

337 3769 411 3840 quod
425 3772 582 3828 constitutis
594 3774 623 3828 in
636 3775 794 3844 praeseutia
807 3775 867 3846 ejus
885 3774 922 3830 ab
940 3791 997 3830 una
1014 3779 1093 3845 parto
1105 3773 1233 3832 Rolsndo
1245 3775 1320 3831 hano
1332 3775 1419 3832 totius
1432 3774 1581 3832 Slsvoniae

336 3855 373 3911 ab
390 3855 478 3912 altera
495 3873 560 3916 vero
578 3859 671 3928 Petro,
695 3859 803 3917 Mathia
827 3867 855 3918 et
879 3862 977 3917 (irisan
1004 3861 1067 3916 liliis
1090 3861 1199 3918 comitis
1223 3861 1365 3933 Buboneg,
1382 3861 1456 3917 idem
1480 3861 1581 3918 Petrus

338 3959 402 4000 cnm
420 3941 552 4000 iratribus
574 3947 694 4003 oonlessi
719 3947 776 4003 sint
793 3963 823 4003 se
840 3953 942 4004 terram
960 3963 1056 4005 eorum
1081 3947 1291 4004 hemeditarism
1308 3965 1359 4020 pro
1377 3949 1504 4020 portione
1528 3965 1581 4004 sna

336 4029 413 4101 ipsos
425 4031 454 4086 in
466 4029 613 4088 Vodlohan
625 4033 841 4104 contingentem,
860 4041 977 4106 excepta
995 4036 1122 4106 portione
1133 4034 1153 4090 J
1153 4035 1228 4091 akou
1240 4035 1333 4091 tratru
1351 4051 1457 4104 eorum,
1468 4033 1580 4092 dedisse

336 4117 410 4175 beno
427 4119 487 4175 inre
505 4123 640 4191 perpetuo
654 4119 852 4192 possidendam
865 4137 916 4192 pro
935 4121 1161 4194 possessionibus
1175 4118 1332 4190 Serovioha,
1349 4121 1447 4194 Boyna
1459 4127 1487 4177 et
1498 4121 1580 4192 Stoy-

335 4205 456 4273 meriobi,
475 4221 545 4276 quas
562 4205 637 4262 idem
655 4206 745 4262 banus
764 4209 803 4264 eis
822 4209 850 4264 in
868 4207 1063 4264 concambium
1076 4207 1159 4276 dedit,
1176 4213 1204 4265 et
1219 4209 1332 4280 insuper
1353 4213 1465 4266 centum
1482 4207 1581 4278 viginti

335 4305 451 4361 marcas,
469 4309 540 4364 quas
558 4309 575 4348 a
593 4293 667 4350 bano
686 4294 809 4364 plenarie
827 4300 998 4366 receperunt
1017 4295 1082 4351 Hoc
1100 4295 1293 4352 concambium
1311 4295 1448 4366 processit
1465 4309 1501 4350 ax
1520 4310 1581 4365 per·

335 4377 466 4434 missione
484 4379 610 4450 megistri
629 4379 724 4436 (ibach
748 4382 857 4437 comitis
884 4379 919 4438 de
945 4381 1038 4436 vrbar
1065 4387 1093 4437 et
1120 4383 1245 4454 magistri
1273 4381 1382 4438 Nicolai
1409 4381 1517 4437 comitis
1544 4379 1581 4436 de

335 4463 466 4533 Kemluh,
486 4467 533 4536 qni
551 4465 686 4522 Nicolaus
706 4468 888 4538 personaliter
905 4467 1074 4523 renuntiavit
1099 4469 1170 4540 parti
1195 4485 1263 4525 suae
1291 4486 1375 4540 qnam
1401 4467 1524 4523 habebat
1550 4467 1580 4522 ln

336 4549 423 4618 terris,
442 4567 512 4621 ques
530 4551 620 4608 banus
644 4551 721 4609 dedit
739 4554 767 4608 in
784 4552 956 4610 concambio.
982 4553 1194 4610 Subiunxerunt
1216 4555 1309 4628 etiam,
1327 4553 1403 4627 quod
1421 4551 1577 4625 siquando

335 4635 424 4706 gratia
439 4637 541 4709 regalis
558 4637 777 4710 indignationem
794 4657 812 4697 a
829 4639 893 4698 tiliis
912 4639 1046 4714 Stephani
1057 4647 1207 4710 resooaret,
1226 4647 1254 4699 et
1272 4641 1464 4714 possessiones
1475 4655 1574 4698 eorum

1711 5139 1726 5328 ,
