3544 5344
776 429 920 475 staura.
1425 413 1469 478 29

232 596 289 650 suis
307 595 402 662 metis;
419 595 449 650 in
471 595 610 667 Veruycia
633 601 661 650 et
684 595 825 650 Ohemiha
847 602 875 652 et
897 602 971 653 terra
988 597 1147 669 Slavoygna
1164 605 1192 654 et
1210 599 1359 671 Oopaohia,
1377 601 1469 656 insula

231 683 346 754 Bogden
365 690 393 738 et
409 689 483 739 terra
506 683 628 740 Holdiee
650 690 678 740 et
701 683 834 738 Zelobetb
858 691 885 739 et
907 685 1015 755 Delym‚
1035 685 1132 741 Gema
1149 693 1177 741 et
1195 686 1298 755 Chasa,
1317 688 1424 744 Ruiske
1441 694 1469 744 et

232 770 341 826 Oudina
358 777 387 826 et
403 776 476 826 terra
495 772 583 839 Crete,
602 770 712 838 Slaueu,
736 771 835 838 Remu,
860 788 944 844 super
966 773 1080 828 fluvium
1098 773 1213 842 Gliniza,
1231 781 1304 830 terra
1326 775 1467 832 Godimeri

231 867 259 914 et
276 858 440 926 Stebencha,
458 865 531 913 terra
552 875 664 930 quoque
688 858 811 914 Geatove
835 865 863 913 et
887 859 1002 914 fratrum
1026 877 1140 916 suorum
1158 867 1186 916 et
1206 861 1339 919 Riwkosa
1356 869 1384 918 et
1401 864 1468 918 Les·

231 947 304 1002 hova
321 953 349 1001 et
365 945 541 1018 Verlrouyle;
559 953 632 1001 terra
649 945 826 1016 Veycbeuich
844 952 872 1001 et
890 945 1006 1016 Gaigna,
1025 953 1097 1004 terra
1115 948 1299 1022 Myaeloygua
1316 957 1344 1006 et
1354 951 1468 1006 Vullran

232 1049 316 1106 snper
333 1033 499 1104 Vustymaie
516 1039 544 1088 et
561 1031 733 1088 Graebeuiza
754 1033 858 1088 scilicet
880 1033 1019 1105 Boyleuie,
1038 1039 1111 1090 terra
1134 1035 1170 1092 de
1187 1037 1331 1106 Broehina,
1350 1038 1398 1092 ubi
1416 1039 1468 1093 sita

231 1127 273 1176 est
296 1121 385 1192 prima
409 1121 532 1191 Grangla
554 1119 590 1176 de
613 1121 742 1192 Toplica;
766 1121 879 1192 insuper
901 1121 1074 1194 Sletygnich,
1099 1124 1193 1192 Terea,
1221 1125 1371 1196 Stresigua,
1395 1131 1468 1180 terra

231 1207 342 1264 Oranlso
369 1207 417 1262 filii
442 1207 620 1280 Hlepoygua,
644 1207 807 1276 Lochoviza‚
832 1215 905 1264 terra
928 1211 1031 1266 scilieet
1057 1213 1208 1280 Musconis,
1228 1213 1378 1282 (lherneeh,
1397 1230 1469 1284 quae

231 1295 284 1350 fuit
300 1295 433 1351 Leecouis
451 1312 514 1350 cum
532 1301 614 1366 portu
633 1311 716 1366 super
734 1295 844 1351 Sevam,
867 1297 1077 1368 Principaliores
1095 1299 1227 1366 redditus,
1246 1317 1317 1370 quos
1334 1317 1383 1355 rex
1400 1306 1468 1355 tem·

230 1401 299 1454 pore
316 1383 434 1438 ducatus
452 1383 495 1438 sui
514 1381 695 1454 percipiebat:
713 1397 764 1453 pro
781 1383 939 1438 marturinis
958 1401 1140 1456 unaquaeque
1158 1386 1265 1442 mansio
1283 1388 1318 1442 24
1332 1387 1468 1442 frisetieos

230 1471 336 1525 solvere
362 1477 470 1525 tenetur
497 1470 646 1524 annuatim.
673 1469 717 1524 De
743 1469 786 1524 his
814 1471 934 1542 exempti
961 1476 1026 1526 sunt
1050 1473 1147 1527 saltem
1171 1473 1307 1544 quinque:
1325 1473 1467 1529 Breminer

229 1557 384 1626 (Branimir)
402 1557 429 1611 in
447 1556 579 1624 Bouieha,
597 1555 719 1624 Vullran,
738 1557 847 1624 Verlris,
865 1557 981 1628 Bogdeu
995 1564 1022 1613 et
1034 1558 1165 1614 Goztove.
1184 1559 1225 1614 Hi
1242 1561 1364 1630 quinque
1381 1560 1467 1616 Joba·

229 1645 327 1714 gioues
345 1661 407 1700 cum
426 1644 573 1716 nepotibus
592 1645 650 1698 suis
668 1649 814 1699 ananau
826 1645 957 1700 ecelesiae
971 1644 1007 1700 de
1019 1647 1133 1718 Topliea
1146 1648 1287 1702 annuatim
1298 1655 1354 1702 tres
1366 1665 1468 1720 pensas

230 1738 259 1788 et
275 1732 439 1788 demensum
457 1731 530 1786 dare.
549 1732 652 1786 Poreos
674 1731 766 1802 regios
783 1731 867 1788 dehet
890 1733 1005 1788 eeclesia
1026 1732 1061 1787 de
1079 1740 1138 1788 tota
1155 1740 1228 1789 terra
1245 1735 1380 1804 colligere.
1400 1735 1468 1790 (lae-

228 1824 302 1874 terae
327 1819 488 1874 nominatim
512 1817 646 1874 adductas
671 1819 871 1890 praestationes
895 1821 1003 1874 solvant
1027 1820 1098 1875 sieut
1120 1821 1197 1892 prins
1224 1821 1288 1877 duci
1315 1822 1466 1878 solvebant

228 1907 428 1961 Monaeterium
441 1905 496 1961 hoe
511 1906 604 1976 regale
621 1906 790 1961 declaratum
809 1913 851 1961 eet
868 1908 990 1962 immune
1008 1912 1037 1962 et
1053 1907 1170 1963 liberum
1188 1909 1224 1964 ab
1237 1909 1312 1964 omui
1323 1909 1377 1964 alia
1389 1910 1467 1964 iuris-

228 1993 350 2050 dictione
373 1999 481 2064 praeter
504 1995 576 2064 regis
599 1993 707 2048 iudicis.
731 1993 828 2050 Abbas
846 2011 911 2049 vero
928 1993 1013 2050 habet
1036 1995 1186 2065 plenariam
1205 2001 1233 2050 et
1250 1995 1466 2066 irrefragabilem

229 2087 396 2154 potestatem
413 2081 571 2137 universum
589 2081 725 2152 populum
743 2097 825 2136 suum
843 2082 885 2137 vel
904 2098 953 2152 per
972 2097 1002 2136 se
1019 2083 1062 2136 vel
1080 2099 1130 2152 per
1142 2098 1223 2137 suum
1241 2083 1368 2138 comitem
1380 2084 1467 2139 eurio

228 2169 285 2222 lem
300 2167 451 2239 judicandi,
470 2170 540 2222 sicut
563 2170 677 2223 comites
702 2168 738 2223 de
761 2167 838 2224 Gora
860 2175 942 2223 autea
962 2167 1133 2238 judicabant.
1152 2170 1342 2224 Existeutibus
1361 2170 1467 2226 Gaiano

228 2255 525 2326 Quinqueeoclesiensi,
545 2255 691 2312 (lethardo
708 2255 877 2326 zagrahieusi
897 2257 1042 2328 episeopis,
1067 2257 1198 2312 Bertoldo
1222 2258 1360 2312 colocensi
1382 2257 1468 2314 archi·

231 2343 366 2414 episeopo
383 2343 502 2399 ethaeo
520 2344 649 2398 Baucone
662 2343 825 2398 bichoriensi
838 2344 885 2413 qui
904 2349 931 2398 et
942 2343 1053 2398 curialis
1066 2349 1108 2398 est
1126 2361 1219 2399 comes
1236 2347 1354 2416 reginae.
1373 2346 1468 2402 Ochus

228 2431 408 2502 supruniensi
426 2436 477 2486 etc.

284 2517 411 2574 statae
429 2518 612 2574 lineamenta
630 2533 691 2588 epp.
711 2532 787 2588 supr.
805 2521 837 2588 l.,
855 2521 898 2574 25.

281 2657 463 2714 LXXXVII.
488 2659 521 2713 Α.
549 2661 624 2714 1211.
647 2657 773 2712 Andreas
796 2657 827 2712 11
849 2675 898 2713 rex
915 2658 1044 2726 declarat,
1069 2659 1144 2728 quod
1163 2676 1226 2714 cum
1245 2659 1342 2717 Simon
1366 2659 1464 2727 banus,

228 2745 313 2800 frater
331 2743 474 2800 Michaelis
497 2743 571 2813 bani,
594 2761 667 2800 novo
692 2750 719 2799 et
735 2744 861 2800 inaudito
885 2761 985 2816 genere
1002 2746 1153 2815 iniquitatis
1178 2752 1206 2801 et
1226 2747 1371 2816 nequitiae,
1390 2746 1466 2801 edin·

229 2833 404 2889 sectionibus
421 2832 629 2888 detestabilibus
647 2831 793 2888 crudeliter
810 2849 842 2887 ac
861 2833 1008 2888 enormiter
1020 2839 1149 2900 umatus,
1168 2850 1224 2888 una
1242 2850 1305 2889 eum
1318 2835 1376 2888 suis
1394 2851 1466 2888 com-

229 2919 354 2992 plicibus,
373 2921 468 2976 mortis
491 2919 581 2975 bonae
605 2920 754 2974 memoriae
778 2919 923 2976 Gertrudis
946 2921 1065 2989 reginae,
1084 2921 1220 2974 consortis
1237 2921 1309 2990 regis
1328 2921 1466 2992 particeps

229 3008 370 3075 extitisset,
389 3007 484 3062 habito
502 3009 640 3062 communi
658 3008 777 3063 liliorum
796 3014 824 3062 et
841 3009 1033 3078 episcoporum
1051 3024 1084 3062 ac
1106 3007 1228 3062 omnium
1247 3007 1383 3062 banorum
1402 3024 1466 3063 eon-

229 3095 299 3163 erlio,
317 3095 459 3150 universas
477 3093 599 3150 eiusdem
619 3095 808 3166 possessiones
826 3094 946 3148 decrevit
957 3093 1155 3149 confiscandas.

282 3182 376 3250 Feles:
396 3183 488 3238 Oodea
505 3182 573 3252 dipl.
592 3185 684 3252 Hesp.
704 3183 759 3236 Ill.
773 3201 803 3249 p.
821 3185 881 3236 152.

282 3331 476 3386 LXXXVIII.
495 3331 599 3398 habu,
618 3335 642 3385 3.
661 3331 799 3388 Januarts·
816 3335 891 3384 1212.
903 3331 1086 3401 Temporibus
1097 3330 1171 3386 Petri
1183 3330 1261 3384 ziani
1279 3329 1357 3384 ducis
1375 3328 1466 3386 Veue·

228 3419 341 3484 tiaurm,
357 3417 477 3474 Predani
495 3417 618 3490 episcopi
637 3418 770 3486 arbensis,
788 3436 911 3474 necnon
931 3419 1018 3472 Marci
1031 3417 1192 3472 Mauroceui
1210 3417 1317 3472 comitis
1335 3417 1465 3472 arbensis.

229 3506 263 3562 In
282 3506 385 3578 palatio
409 3505 533 3576 episcopi
557 3505 681 3560 arbensis
704 3509 871 3576 congregato
893 3523 957 3561 eum
982 3505 1113 3575 episcopo
1138 3510 1165 3558 et
1188 3504 1310 3575 capitulo
1337 3504 1404 3574 ejus,
1425 3504 1466 3558 vir

229 3593 330 3648 nobilis
349 3593 480 3648 albertus
497 3592 639 3662 quondam
656 3592 780 3648 Mathaei
798 3592 941 3662 Gauaigna
959 3591 1094 3661 (Gozinic)
1112 3597 1254 3660 amquam
1266 3591 1356 3646 senior
1374 3591 1466 3661 stirpis

229 3697 294 3736 eum
311 3681 440 3736 omnibus
459 3681 621 3751 propinquis
639 3679 739 3735 domus
757 3697 824 3735 auae
842 3680 971 3750 exposuit
989 3695 1069 3734 suam
1086 3695 1215 3748 maguam
1233 3693 1298 3748 erga
1316 3695 1337 3732 s.
1350 3677 1466 3749 Stepha-

228 3785 297 3824 num
314 3768 496 3834 devotionem,
516 3775 543 3822 et
561 3772 622 3822 orat
633 3769 785 3838 capitulum
797 3768 956 3822 facultatem
969 3783 1053 3838 supra
1065 3767 1173 3820 'turrim
1186 3765 1221 3820 ad
1235 3782 1282 3820 eos
1295 3771 1466 3836 spectantem

229 3861 258 3911 et
275 3855 437 3910 animalem
456 3871 541 3926 supra
565 3853 707 3908 Cetribum
732 3854 894 3910 aedificandi
919 3872 1002 3910 unam
1021 3854 1164 3910 ecelesiam
1182 3852 1218 3907 ad
1235 3853 1368 3908 honorem
1387 3869 1466 3923 prae-

228 3941 295 3997 slicti
313 3941 409 3996 sancti.
427 3941 499 3996 Item
523 3946 554 3994 ut
577 3941 637 4011 ipse
661 3947 688 3996 et
712 3943 857 4013 progenies
882 3958 964 3998 sexus
983 3941 1127 3996 masculini
1147 3940 1269 3995 habeant
1287 3941 1314 3994 in
1339 3940 1465 3995 eamdem

228 4029 372 4084 ecelesiam
389 4029 596 4098 iuspatrouatus
615 4046 678 4084 eum
696 4029 827 4085 facultate
844 4029 964 4100 eligendi
982 4029 1155 4100 capellanum
1167 4045 1216 4098 per
1229 4027 1390 4099 episcopum
1402 4044 1466 4081 con·

228 4115 402 4171 firmandum.
421 4115 578 4187 Episcopus
596 4122 624 4170 et
642 4117 795 4187 capitulum
813 4117 949 4172 consentit
961 4117 1086 4188 petitioni
1104 4115 1157 4170 sub
1175 4114 1379 4170 conditionibus
1398 4117 1421 4169 1.
1435 4119 1466 4169 ut

228 4203 344 4258 ecelesia
361 4203 398 4258 sit
421 4219 542 4272 oongnse
565 4203 677 4271 dotata3
702 4204 726 4258 2.
751 4204 775 4258 si
798 4204 957 4274 capellanus
975 4219 1032 4258 neu
1054 4204 1171 4273 eligatur
1191 4202 1264 4256 intra
1281 4217 1331 4256 sex
1348 4217 1465 4268 menses,

228 4289 328 4346 electio
344 4289 379 4344 ad
398 4289 561 4362 episcopum
578 4291 746 4361 intelligatur
764 4290 900 4346 devoluta

280 4377 412 4434 Farlati:
430 4377 512 4448 Illyr.
531 4377 610 4434 ster.
631 4380 660 4432 Τ.
684 4377 724 4448 V„
739 4395 770 4447 p.
788 4383 849 4432 239.

280 4517 445 4573 LXXXIX.
464 4518 498 4572 A.
511 4520 586 4574 1212.
600 4517 735 4588 Tempore
748 4515 880 4573 Bernardi
887 4517 1094 4589 archiepiscopi,
1104 4515 1234 4572 Domaldi
1243 4515 1359 4582 comitis,
1369 4515 1465 4584 Draga

227 4605 337 4675 nepotis
361 4605 461 4660 Darrue
484 4604 583 4671 vicarii,
612 4602 723 4658 Medius
748 4605 820 4660 filius
844 4605 934 4673 Jorre,
958 4623 1021 4662 oum
1045 4605 1122 4675 Stoje
1146 4605 1229 4673 longo
1254 4607 1283 4657 et
1301 4619 1387 4657 uxore
1406 4618 1464 4669 sua,

227 4692 294 4746 facit
319 4693 475 4748 cambium?
502 4692 665 4762 (gaubitnm)
690 4698 718 4747 et
740 4710 817 4748 more
841 4699 957 4764 paterno
980 4693 1105 4762 assignat
1130 4692 1158 4745 in
1177 4690 1260 4746 Hileo
1283 4691 1322 4745 eis
1340 4689 1375 4744 de
1393 4695 1465 4744 terra
