<?xml version="1.0" encoding="UTF-8"?>
<!DOCTYPE html PUBLIC "-//W3C//DTD XHTML 1.0 Transitional//EN"
    "http://www.w3.org/TR/xhtml1/DTD/xhtml1-transitional.dtd">
<html xmlns="http://www.w3.org/1999/xhtml" xml:lang="en" lang="en">
 <head>
  <title>
</title>
<meta http-equiv="Content-Type" content="text/html;charset=utf-8" />
  <meta name='ocr-system' content='tesseract 3.04.00' />
  <meta name='ocr-capabilities' content='ocr_page ocr_carea ocr_par ocr_line ocrx_word'/>
</head>
<body>
  <div class='ocr_page' id='page_1' title='image "./regestadocument00sakcgoog_0353.png"; bbox 0 0 3480 5356; ppageno 0'>
   <div class='ocr_carea' id='block_1_1' title="bbox 714 432 1404 500">
    <p class='ocr_par' dir='ltr' id='par_1_1' title="bbox 714 432 1404 500">
     <span class='ocr_line' id='line_1_1' title="bbox 714 432 1404 500; baseline -0.001 0"><span class='ocrx_word' id='word_1_1' title='bbox 714 456 858 500; x_wconf 81' lang='lat' dir='ltr'><strong>annuam.</strong></span> <span class='ocrx_word' id='word_1_2' title='bbox 1339 432 1404 500; x_wconf 83' lang='lat'><strong>349</strong></span> 
     </span>
    </p>
   </div>
   <div class='ocr_carea' id='block_1_2' title="bbox 162 619 1411 1904">
    <p class='ocr_par' dir='ltr' id='par_1_2' title="bbox 162 619 1411 1904">
     <span class='ocr_line' id='line_1_2' title="bbox 166 619 1410 693; baseline 0.001 -17"><span class='ocrx_word' id='word_1_3' title='bbox 166 619 276 678; x_wconf 86' lang='lat' dir='ltr'><strong>fidelem</strong></span> <span class='ocrx_word' id='word_1_4' title='bbox 294 621 368 693; x_wconf 80' lang='lat' dir='ltr'><strong>regis</strong></span> <span class='ocrx_word' id='word_1_5' title='bbox 386 620 560 676; x_wconf 83' lang='lat' dir='ltr'><strong>declinarunt</strong></span> <span class='ocrx_word' id='word_1_6' title='bbox 577 637 650 692; x_wconf 89' lang='lat' dir='ltr'><strong>quae</strong></span> <span class='ocrx_word' id='word_1_7' title='bbox 668 620 731 677; x_wconf 87' lang='lat' dir='ltr'><strong>illos</strong></span> <span class='ocrx_word' id='word_1_8' title='bbox 757 621 877 692; x_wconf 79' lang='lat' dir='ltr'><strong>benigne</strong></span> <span class='ocrx_word' id='word_1_9' title='bbox 901 621 1012 692; x_wconf 89' lang='lat' dir='ltr'><strong>recepit,</strong></span> <span class='ocrx_word' id='word_1_10' title='bbox 1037 620 1204 676; x_wconf 73' lang='lat' dir='ltr'><strong>familialiter</strong></span> <span class='ocrx_word' id='word_1_11' title='bbox 1230 621 1358 677; x_wconf 63' lang='lat' dir='ltr'><strong>trabunt</strong></span> <span class='ocrx_word' id='word_1_12' title='bbox 1381 625 1410 678; x_wconf 90' lang='lat' dir='ltr'><strong>et</strong></span> 
     </span>
     <span class='ocr_line' id='line_1_3' title="bbox 166 707 1411 780; baseline 0.002 -17"><span class='ocrx_word' id='word_1_13' title='bbox 166 708 200 764; x_wconf 89' lang='lat' dir='ltr'><strong>de</strong></span> <span class='ocrx_word' id='word_1_14' title='bbox 218 709 299 764; x_wconf 91' lang='lat' dir='ltr'><strong>bonis</strong></span> <span class='ocrx_word' id='word_1_15' title='bbox 318 710 377 764; x_wconf 89' lang='lat' dir='ltr'><strong>suis</strong></span> <span class='ocrx_word' id='word_1_16' title='bbox 395 708 588 764; x_wconf 77' lang='lat' dir='ltr'><strong>honoraverat.</strong></span> <span class='ocrx_word' id='word_1_17' title='bbox 606 709 643 764; x_wconf 83' lang='lat' dir='ltr'><strong>Et</strong></span> <span class='ocrx_word' id='word_1_18' title='bbox 661 725 724 764; x_wconf 87' lang='lat' dir='ltr'><strong>eum</strong></span> <span class='ocrx_word' id='word_1_19' title='bbox 743 715 856 780; x_wconf 87' lang='lat' dir='ltr'><strong>propter</strong></span> <span class='ocrx_word' id='word_1_20' title='bbox 874 709 952 763; x_wconf 88' lang='lat' dir='ltr'><strong>nauli</strong></span> <span class='ocrx_word' id='word_1_21' title='bbox 970 709 1191 780; x_wconf 73' lang='lat' dir='ltr'><strong>expectationem</strong></span> <span class='ocrx_word' id='word_1_22' title='bbox 1209 707 1314 764; x_wconf 88' lang='lat' dir='ltr'><strong>diutius</strong></span> <span class='ocrx_word' id='word_1_23' title='bbox 1332 717 1411 765; x_wconf 58' lang='lat' dir='ltr'><strong>man*</strong></span> 
     </span>
     <span class='ocr_line' id='line_1_4' title="bbox 165 795 1411 868; baseline -0.001 -16"><span class='ocrx_word' id='word_1_24' title='bbox 165 799 267 853; x_wconf 87' lang='lat' dir='ltr'><strong>sissent</strong></span> <span class='ocrx_word' id='word_1_25' title='bbox 290 798 318 852; x_wconf 90' lang='lat' dir='ltr'><strong>iu</strong></span> <span class='ocrx_word' id='word_1_26' title='bbox 345 798 464 864; x_wconf 82' lang='lat' dir='ltr'><strong>civitate,</strong></span> <span class='ocrx_word' id='word_1_27' title='bbox 483 802 673 852; x_wconf 89' lang='lat' dir='ltr'><strong>monstrarunt</strong></span> <span class='ocrx_word' id='word_1_28' title='bbox 695 797 734 852; x_wconf 91' lang='lat' dir='ltr'><strong>eis</strong></span> <span class='ocrx_word' id='word_1_29' title='bbox 759 797 833 851; x_wconf 80' lang='lat' dir='ltr'><strong>cives</strong></span> <span class='ocrx_word' id='word_1_30' title='bbox 855 797 928 866; x_wconf 83' lang='lat' dir='ltr'><strong>regia</strong></span> <span class='ocrx_word' id='word_1_31' title='bbox 952 795 1036 851; x_wconf 88' lang='lat' dir='ltr'><strong>Belae</strong></span> <span class='ocrx_word' id='word_1_32' title='bbox 1060 796 1234 868; x_wconf 83' lang='lat' dir='ltr'><strong>privilegium</strong></span> <span class='ocrx_word' id='word_1_33' title='bbox 1258 813 1308 868; x_wconf 89' lang='lat' dir='ltr'><strong>per</strong></span> <span class='ocrx_word' id='word_1_34' title='bbox 1334 795 1411 868; x_wconf 92' lang='lat' dir='ltr'><strong>quod</strong></span> 
     </span>
     <span class='ocr_line' id='line_1_5' title="bbox 164 869 1410 956; baseline 0 -16"><span class='ocrx_word' id='word_1_35' title='bbox 164 889 274 940; x_wconf 86' lang='lat' dir='ltr'><strong>oonetat</strong></span> <span class='ocrx_word' id='word_1_36' title='bbox 291 886 383 956; x_wconf 91' lang='lat' dir='ltr'><strong>ipsum</strong></span> <span class='ocrx_word' id='word_1_37' title='bbox 401 899 494 954; x_wconf 80' lang='lat' dir='ltr'><strong>regem</strong></span> <span class='ocrx_word' id='word_1_38' title='bbox 515 901 565 956; x_wconf 89' lang='lat' dir='ltr'><strong>pro</strong></span> <span class='ocrx_word' id='word_1_39' title='bbox 583 883 691 940; x_wconf 82' lang='lat' dir='ltr'><strong>eximiis</strong></span> <span class='ocrx_word' id='word_1_40' title='bbox 712 883 829 940; x_wconf 84' lang='lat' dir='ltr'><strong>servitiis</strong></span> <span class='ocrx_word' id='word_1_41' title='bbox 855 882 993 938; x_wconf 87' lang='lat' dir='ltr'><strong>dictorum</strong></span> <span class='ocrx_word' id='word_1_42' title='bbox 1019 883 1120 938; x_wconf 85' lang='lat' dir='ltr'><strong>civium</strong></span> <span class='ocrx_word' id='word_1_43' title='bbox 1143 883 1285 954; x_wconf 88' lang='lat' dir='ltr'><strong>quandam</strong></span> <span class='ocrx_word' id='word_1_44' title='bbox 1308 869 1410 940; x_wconf 81' lang='lat' dir='ltr'><strong>terram</strong></span> 
     </span>
     <span class='ocr_line' id='line_1_6' title="bbox 164 955 1410 1042; baseline 0 -14"><span class='ocrx_word' id='word_1_45' title='bbox 164 973 218 1028; x_wconf 89' lang='lat' dir='ltr'><strong>illie</strong></span> <span class='ocrx_word' id='word_1_46' title='bbox 236 973 395 1040; x_wconf 75' lang='lat' dir='ltr'><strong>contulisse,</strong></span> <span class='ocrx_word' id='word_1_47' title='bbox 413 972 493 1028; x_wconf 88' lang='lat' dir='ltr'><strong>euius</strong></span> <span class='ocrx_word' id='word_1_48' title='bbox 512 955 690 1026; x_wconf 73' lang='lat' dir='ltr'><strong>donationem&#39;</strong></span> <span class='ocrx_word' id='word_1_49' title='bbox 708 987 756 1026; x_wconf 88' lang='lat' dir='ltr'><strong>rex</strong></span> <span class='ocrx_word' id='word_1_50' title='bbox 776 972 860 1026; x_wconf 89' lang='lat' dir='ltr'><strong>etiam</strong></span> <span class='ocrx_word' id='word_1_51' title='bbox 875 970 1034 1042; x_wconf 81' lang='lat' dir='ltr'><strong>Stephanus</strong></span> <span class='ocrx_word' id='word_1_52' title='bbox 1053 976 1142 1026; x_wconf 87' lang='lat' dir='ltr'><strong>ratam</strong></span> <span class='ocrx_word' id='word_1_53' title='bbox 1160 970 1265 1028; x_wconf 90' lang='lat' dir='ltr'><strong>habuit.</strong></span> <span class='ocrx_word' id='word_1_54' title='bbox 1285 970 1410 1028; x_wconf 78' lang='lat' dir='ltr'><strong>Tandem</strong></span> 
     </span>
     <span class='ocr_line' id='line_1_7' title="bbox 164 1059 1406 1130; baseline -0.001 -14"><span class='ocrx_word' id='word_1_55' title='bbox 164 1065 193 1116; x_wconf 91' lang='lat' dir='ltr'><strong>et</strong></span> <span class='ocrx_word' id='word_1_56' title='bbox 209 1077 259 1116; x_wconf 88' lang='lat' dir='ltr'><strong>rex</strong></span> <span class='ocrx_word' id='word_1_57' title='bbox 276 1059 425 1116; x_wconf 86' lang='lat' dir='ltr'><strong>Ladislsnr</strong></span> <span class='ocrx_word' id='word_1_58' title='bbox 444 1059 548 1116; x_wconf 88' lang='lat' dir='ltr'><strong>factum</strong></span> <span class='ocrx_word' id='word_1_59' title='bbox 566 1061 610 1116; x_wconf 85' lang='lat' dir='ltr'><strong>avi</strong></span> <span class='ocrx_word' id='word_1_60' title='bbox 630 1065 659 1116; x_wconf 84' lang='lat' dir='ltr'><strong>st</strong></span> <span class='ocrx_word' id='word_1_61' title='bbox 675 1059 762 1130; x_wconf 87' lang='lat' dir='ltr'><strong>patris</strong></span> <span class='ocrx_word' id='word_1_62' title='bbox 774 1059 919 1114; x_wconf 84' lang='lat' dir='ltr'><strong>ratificavit</strong></span> <span class='ocrx_word' id='word_1_63' title='bbox 936 1065 964 1114; x_wconf 89' lang='lat' dir='ltr'><strong>et</strong></span> <span class='ocrx_word' id='word_1_64' title='bbox 982 1075 1034 1114; x_wconf 87' lang='lat' dir='ltr'><strong>auo</strong></span> <span class='ocrx_word' id='word_1_65' title='bbox 1053 1059 1197 1130; x_wconf 76' lang='lat' dir='ltr'><strong>privilegio</strong></span> <span class='ocrx_word' id='word_1_66' title='bbox 1218 1060 1406 1126; x_wconf 83' lang='lat' dir='ltr'><strong>communivit,</strong></span> 
     </span>
     <span class='ocr_line' id='line_1_8' title="bbox 164 1145 1404 1220; baseline -0.002 -16"><span class='ocrx_word' id='word_1_67' title='bbox 164 1165 236 1219; x_wconf 88' lang='lat' dir='ltr'><strong>quae</strong></span> <span class='ocrx_word' id='word_1_68' title='bbox 255 1149 398 1220; x_wconf 77' lang='lat' dir='ltr'><strong>privilegia</strong></span> <span class='ocrx_word' id='word_1_69' title='bbox 416 1147 552 1219; x_wconf 75' lang='lat' dir='ltr'><strong>Stephani</strong></span> <span class='ocrx_word' id='word_1_70' title='bbox 571 1153 598 1204; x_wconf 88' lang='lat' dir='ltr'><strong>et</strong></span> <span class='ocrx_word' id='word_1_71' title='bbox 616 1147 739 1202; x_wconf 86' lang='lat' dir='ltr'><strong>Ladislai</strong></span> <span class='ocrx_word' id='word_1_72' title='bbox 758 1163 806 1219; x_wconf 91' lang='lat' dir='ltr'><strong>per</strong></span> <span class='ocrx_word' id='word_1_73' title='bbox 824 1163 924 1202; x_wconf 88' lang='lat' dir='ltr'><strong>manue</strong></span> <span class='ocrx_word' id='word_1_74' title='bbox 943 1145 1095 1218; x_wconf 87' lang='lat' dir='ltr'><strong>supradicti</strong></span> <span class='ocrx_word' id='word_1_75' title='bbox 1112 1147 1144 1202; x_wconf 92' lang='lat' dir='ltr'><strong>B.</strong></span> <span class='ocrx_word' id='word_1_76' title='bbox 1162 1147 1319 1204; x_wconf 86' lang='lat' dir='ltr'><strong>cancellarii</strong></span> <span class='ocrx_word' id='word_1_77' title='bbox 1331 1164 1404 1204; x_wconf 87' lang='lat' dir='ltr'><strong>ema·</strong></span> 
     </span>
     <span class='ocr_line' id='line_1_9' title="bbox 165 1234 1407 1307; baseline -0.001 -16"><span class='ocrx_word' id='word_1_78' title='bbox 165 1242 274 1292; x_wconf 88' lang='lat' dir='ltr'><strong>narunt.</strong></span> <span class='ocrx_word' id='word_1_79' title='bbox 293 1236 451 1292; x_wconf 81' lang='lat' dir='ltr'><strong>Novissime</strong></span> <span class='ocrx_word' id='word_1_80' title='bbox 471 1252 536 1291; x_wconf 81' lang='lat' dir='ltr'><strong>vero</strong></span> <span class='ocrx_word' id='word_1_81' title='bbox 554 1237 628 1292; x_wconf 84' lang='lat' dir='ltr'><strong>cives</strong></span> <span class='ocrx_word' id='word_1_82' title='bbox 646 1234 977 1307; x_wconf 74' lang='lat' dir='ltr'><strong>spalatenser‘dieuntur</strong></span> <span class='ocrx_word' id='word_1_83' title='bbox 1000 1251 1030 1290; x_wconf 90' lang='lat' dir='ltr'><strong>se</strong></span> <span class='ocrx_word' id='word_1_84' title='bbox 1054 1235 1208 1290; x_wconf 74' lang='lat' dir='ltr'><strong>obtinuisse</strong></span> <span class='ocrx_word' id='word_1_85' title='bbox 1232 1235 1407 1307; x_wconf 81' lang='lat' dir='ltr'><strong>privilegium</strong></span> 
     </span>
     <span class='ocr_line' id='line_1_10' title="bbox 163 1322 1402 1394; baseline 0.001 -16"><span class='ocrx_word' id='word_1_86' title='bbox 163 1323 287 1378; x_wconf 86' lang='lat' dir='ltr'><strong>Ladislai</strong></span> <span class='ocrx_word' id='word_1_87' title='bbox 305 1325 386 1394; x_wconf 81' lang='lat' dir='ltr'><strong>regis,</strong></span> <span class='ocrx_word' id='word_1_88' title='bbox 400 1339 450 1394; x_wconf 88' lang='lat' dir='ltr'><strong>per</strong></span> <span class='ocrx_word' id='word_1_89' title='bbox 462 1322 537 1393; x_wconf 90' lang='lat' dir='ltr'><strong>quod</strong></span> <span class='ocrx_word' id='word_1_90' title='bbox 556 1339 684 1378; x_wconf 77' lang='lat' dir='ltr'><strong>reuocare</strong></span> <span class='ocrx_word' id='word_1_91' title='bbox 703 1327 831 1377; x_wconf 89' lang='lat' dir='ltr'><strong>asserunt</strong></span> <span class='ocrx_word' id='word_1_92' title='bbox 848 1323 900 1388; x_wconf 80' lang='lat' dir='ltr'><strong>avi,</strong></span> <span class='ocrx_word' id='word_1_93' title='bbox 918 1323 1004 1394; x_wconf 83' lang='lat' dir='ltr'><strong>patris</strong></span> <span class='ocrx_word' id='word_1_94' title='bbox 1022 1338 1055 1378; x_wconf 88' lang='lat' dir='ltr'><strong>ac</strong></span> <span class='ocrx_word' id='word_1_95' title='bbox 1073 1338 1155 1378; x_wconf 90' lang='lat' dir='ltr'><strong>suum</strong></span> <span class='ocrx_word' id='word_1_96' title='bbox 1168 1322 1302 1389; x_wconf 78' lang='lat' dir='ltr'><strong>(ladislai</strong></span> <span class='ocrx_word' id='word_1_97' title='bbox 1318 1325 1402 1394; x_wconf 78' lang='lat' dir='ltr'><strong>regis)</strong></span> 
     </span>
     <span class='ocr_line' id='line_1_11' title="bbox 164 1407 1400 1488; baseline 0 -22"><span class='ocrx_word' id='word_1_98' title='bbox 164 1411 347 1482; x_wconf 83' lang='lat' dir='ltr'><strong>privilegium,</strong></span> <span class='ocrx_word' id='word_1_99' title='bbox 364 1408 440 1480; x_wconf 93' lang='lat' dir='ltr'><strong>quod</strong></span> <span class='ocrx_word' id='word_1_100' title='bbox 458 1425 516 1465; x_wconf 91' lang='grc' dir='ltr'>ιιοιι</span> <span class='ocrx_word' id='word_1_101' title='bbox 532 1409 670 1464; x_wconf 89' lang='lat' dir='ltr'><strong>credimus</strong></span> <span class='ocrx_word' id='word_1_102' title='bbox 688 1407 786 1466; x_wconf 89' lang='lat' dir='ltr'><strong>dieunt</strong></span> <span class='ocrx_word' id='word_1_103' title='bbox 797 1409 922 1488; x_wconf 83' lang='lat' dir='ltr'><strong>magistri</strong></span> <span class='ocrx_word' id='word_1_104' title='bbox 933 1409 1029 1464; x_wconf 88' lang='lat' dir='ltr'><strong>nuntii.</strong></span> <span class='ocrx_word' id='word_1_105' title='bbox 1042 1409 1195 1466; x_wconf 87' lang='lat' dir='ltr'><strong>Occasione</strong></span> <span class='ocrx_word' id='word_1_106' title='bbox 1207 1415 1299 1466; x_wconf 88' lang='lat' dir='ltr'><strong>tamen</strong></span> <span class='ocrx_word' id='word_1_107' title='bbox 1311 1411 1400 1482; x_wconf 87' lang='lat' dir='ltr'><strong>ipsius</strong></span> 
     </span>
     <span class='ocr_line' id='line_1_12' title="bbox 163 1496 1400 1570; baseline 0 -17"><span class='ocrx_word' id='word_1_108' title='bbox 163 1498 299 1570; x_wconf 76' lang='lat' dir='ltr'><strong>privilegii</strong></span> <span class='ocrx_word' id='word_1_109' title='bbox 317 1497 520 1566; x_wconf 84' lang='lat' dir='ltr'><strong>(emanationis)</strong></span> <span class='ocrx_word' id='word_1_110' title='bbox 539 1497 605 1552; x_wconf 91' lang='lat' dir='ltr'><strong>dicti</strong></span> <span class='ocrx_word' id='word_1_111' title='bbox 627 1496 805 1566; x_wconf 82' lang='lat' dir='ltr'><strong>Spalstensee</strong></span> <span class='ocrx_word' id='word_1_112' title='bbox 822 1497 899 1567; x_wconf 90' lang='lat' dir='ltr'><strong>ipsos</strong></span> <span class='ocrx_word' id='word_1_113' title='bbox 916 1496 1085 1567; x_wconf 82' lang='lat' dir='ltr'><strong>Tragurinos</strong></span> <span class='ocrx_word' id='word_1_114' title='bbox 1104 1497 1212 1568; x_wconf 78' lang='lat' dir='ltr'><strong>magnis</strong></span> <span class='ocrx_word' id='word_1_115' title='bbox 1238 1497 1345 1552; x_wconf 89' lang='lat' dir='ltr'><strong>iniuriis</strong></span> <span class='ocrx_word' id='word_1_116' title='bbox 1371 1503 1400 1554; x_wconf 87' lang='lat' dir='ltr'><strong>et</strong></span> 
     </span>
     <span class='ocr_line' id='line_1_13' title="bbox 163 1583 1400 1654; baseline 0.001 -14"><span class='ocrx_word' id='word_1_117' title='bbox 163 1584 272 1641; x_wconf 87' lang='lat' dir='ltr'><strong>damnis</strong></span> <span class='ocrx_word' id='word_1_118' title='bbox 288 1584 446 1640; x_wconf 86' lang='lat' dir='ltr'><strong>afflixemnt</strong></span> <span class='ocrx_word' id='word_1_119' title='bbox 463 1590 491 1639; x_wconf 90' lang='lat' dir='ltr'><strong>et</strong></span> <span class='ocrx_word' id='word_1_120' title='bbox 508 1583 631 1654; x_wconf 78' lang='lat' dir='ltr'><strong>affligere</strong></span> <span class='ocrx_word' id='word_1_121' title='bbox 642 1599 698 1638; x_wconf 87' lang='lat' dir='ltr'><strong>non</strong></span> <span class='ocrx_word' id='word_1_122' title='bbox 710 1587 845 1639; x_wconf 87' lang='lat' dir='ltr'><strong>verentur.</strong></span> <span class='ocrx_word' id='word_1_123' title='bbox 859 1583 996 1653; x_wconf 80' lang='lat' dir='ltr'><strong>Quocirca</strong></span> <span class='ocrx_word' id='word_1_124' title='bbox 1008 1583 1153 1640; x_wconf 86' lang='lat' dir='ltr'><strong>hortantur</strong></span> <span class='ocrx_word' id='word_1_125' title='bbox 1163 1583 1269 1640; x_wconf 86' lang='lat' dir='ltr'><strong>dictum</strong></span> <span class='ocrx_word' id='word_1_126' title='bbox 1281 1585 1400 1641; x_wconf 86' lang='lat' dir='ltr'><strong>electum</strong></span> 
     </span>
     <span class='ocr_line' id='line_1_14' title="bbox 164 1671 1403 1744; baseline -0.001 -16"><span class='ocrx_word' id='word_1_127' title='bbox 164 1673 411 1744; x_wconf 87' lang='lat' dir='ltr'><strong>archiepiscopum,</strong></span> <span class='ocrx_word' id='word_1_128' title='bbox 430 1677 568 1743; x_wconf 89' lang='lat' dir='ltr'><strong>quatenus</strong></span> <span class='ocrx_word' id='word_1_129' title='bbox 592 1679 705 1742; x_wconf 88' lang='lat' dir='ltr'><strong>propter</strong></span> <span class='ocrx_word' id='word_1_130' title='bbox 729 1671 821 1726; x_wconf 91' lang='lat' dir='ltr'><strong>Deum</strong></span> <span class='ocrx_word' id='word_1_131' title='bbox 848 1676 877 1725; x_wconf 89' lang='lat' dir='ltr'><strong>et</strong></span> <span class='ocrx_word' id='word_1_132' title='bbox 897 1671 1033 1741; x_wconf 86' lang='lat' dir='ltr'><strong>justitiam</strong></span> <span class='ocrx_word' id='word_1_133' title='bbox 1060 1677 1088 1727; x_wconf 90' lang='lat' dir='ltr'><strong>et</strong></span> <span class='ocrx_word' id='word_1_134' title='bbox 1113 1671 1203 1744; x_wconf 90' lang='lat' dir='ltr'><strong>ipsius</strong></span> <span class='ocrx_word' id='word_1_135' title='bbox 1228 1671 1403 1728; x_wconf 77' lang='lat' dir='ltr'><strong>honestatem</strong></span> 
     </span>
     <span class='ocr_line' id='line_1_15' title="bbox 163 1757 1399 1830; baseline 0 -14"><span class='ocrx_word' id='word_1_136' title='bbox 163 1760 254 1816; x_wconf 83' lang='lat' dir='ltr'><strong>dictos</strong></span> <span class='ocrx_word' id='word_1_137' title='bbox 271 1759 478 1830; x_wconf 84' lang='lat' dir='ltr'><strong>Tragurienses,</strong></span> <span class='ocrx_word' id='word_1_138' title='bbox 496 1759 525 1812; x_wconf 95' lang='lat' dir='ltr'><strong>in</strong></span> <span class='ocrx_word' id='word_1_139' title='bbox 544 1759 601 1814; x_wconf 90' lang='lat' dir='ltr'><strong>suis</strong></span> <span class='ocrx_word' id='word_1_140' title='bbox 627 1757 737 1828; x_wconf 89' lang='lat' dir='ltr'><strong>juribus</strong></span> <span class='ocrx_word' id='word_1_141' title='bbox 761 1758 828 1813; x_wconf 82' lang='lat' dir='ltr'><strong>velit</strong></span> <span class='ocrx_word' id='word_1_142' title='bbox 851 1757 983 1814; x_wconf 81' lang='lat' dir='ltr'><strong>adiuvare</strong></span> <span class='ocrx_word' id='word_1_143' title='bbox 1006 1758 1083 1830; x_wconf 89' lang='lat' dir='ltr'><strong>apud</strong></span> <span class='ocrx_word' id='word_1_144' title='bbox 1111 1775 1213 1830; x_wconf 78' lang='lat' dir='ltr'><strong>regem,</strong></span> <span class='ocrx_word' id='word_1_145' title='bbox 1237 1759 1356 1816; x_wconf 87' lang='lat' dir='ltr'><strong>barones</strong></span> <span class='ocrx_word' id='word_1_146' title='bbox 1383 1777 1399 1816; x_wconf 89' lang='lat' dir='ltr'><strong>e</strong></span> 
     </span>
     <span class='ocr_line' id='line_1_16' title="bbox 162 1848 274 1904; baseline 0.018 -1"><span class='ocrx_word' id='word_1_147' title='bbox 162 1848 274 1904; x_wconf 90' lang='lat' dir='ltr'><strong>hanum.</strong></span> 
     </span>
    </p>
   </div>
   <div class='ocr_carea' id='block_1_3' title="bbox 220 1951 697 2021">
    <p class='ocr_par' dir='ltr' id='par_1_3' title="bbox 220 1951 697 2021">
     <span class='ocr_line' id='line_1_17' title="bbox 220 1951 697 2021; baseline -0.004 -13"><span class='ocrx_word' id='word_1_148' title='bbox 220 1954 342 2010; x_wconf 65' lang='lat' dir='ltr'><strong>Lucium</strong></span> <span class='ocrx_word' id='word_1_149' title='bbox 360 1953 440 2006; x_wconf 72' lang='lat' dir='ltr'><strong>Mes.</strong></span> <span class='ocrx_word' id='word_1_150' title='bbox 458 1951 490 2006; x_wconf 81' lang='lat' dir='ltr'><strong>di</strong></span> <span class='ocrx_word' id='word_1_151' title='bbox 509 1953 593 2008; x_wconf 73' lang='lat' dir='ltr'><strong>ileu.</strong></span> <span class='ocrx_word' id='word_1_152' title='bbox 611 1968 639 2021; x_wconf 83' lang='lat' dir='ltr'><strong>p.</strong></span> <span class='ocrx_word' id='word_1_153' title='bbox 655 1956 697 2006; x_wconf 83' lang='lat'><strong>95.</strong></span> 
     </span>
    </p>
   </div>
   <div class='ocr_carea' id='block_1_4' title="bbox 168 2069 1413 2270">
    <p class='ocr_par' dir='ltr' id='par_1_4' title="bbox 168 2069 1413 2270">
     <span class='ocr_line' id='line_1_18' title="bbox 192 2069 1413 2168; baseline 0.002 -4"><span class='ocrx_word' id='word_1_154' title='bbox 192 2069 193 2072; x_wconf 7' lang='grc' dir='ltr'><strong>Ἴ</strong></span> <span class='ocrx_word' id='word_1_155' title='bbox 220 2109 427 2166; x_wconf 80' lang='lat' dir='ltr'><strong>MOLXXXV.</strong></span> <span class='ocrx_word' id='word_1_156' title='bbox 445 2109 586 2168; x_wconf 72' lang='lat' dir='ltr'><strong>venetiis.</strong></span> <span class='ocrx_word' id='word_1_157' title='bbox 605 2113 686 2165; x_wconf 78' lang='lat'><strong>12⁷6.</strong></span> <span class='ocrx_word' id='word_1_158' title='bbox 704 2113 746 2164; x_wconf 81' lang='lat'><strong>1⁷.</strong></span> <span class='ocrx_word' id='word_1_159' title='bbox 764 2110 912 2166; x_wconf 73' lang='lat' dir='ltr'><strong>Januarll.</strong></span> <span class='ocrx_word' id='word_1_160' title='bbox 929 2110 1055 2166; x_wconf 87' lang='lat' dir='ltr'><strong>Jaoohua</strong></span> <span class='ocrx_word' id='word_1_161' title='bbox 1079 2109 1255 2168; x_wconf 74' lang='lat' dir='ltr'><strong>contarenus</strong></span> <span class='ocrx_word' id='word_1_162' title='bbox 1280 2110 1339 2167; x_wconf 85' lang='lat' dir='ltr'><strong>dux</strong></span> <span class='ocrx_word' id='word_1_163' title='bbox 1356 2109 1413 2168; x_wconf 90' lang='lat' dir='ltr'><strong>Ve-</strong></span> 
     </span>
     <span class='ocr_line' id='line_1_19' title="bbox 168 2196 1409 2270; baseline 0.003 -18"><span class='ocrx_word' id='word_1_164' title='bbox 168 2196 582 2265; x_wconf 83' lang='lat' dir='ltr'><strong>netiamm,h1arooh1ichaeli</strong></span> <span class='ocrx_word' id='word_1_165' title='bbox 606 2197 700 2254; x_wconf 84' lang='lat' dir='ltr'><strong>comiti</strong></span> <span class='ocrx_word' id='word_1_166' title='bbox 724 2197 824 2252; x_wconf 82' lang='lat' dir='ltr'><strong>Abseri</strong></span> <span class='ocrx_word' id='word_1_167' title='bbox 848 2197 950 2266; x_wconf 89' lang='lat' dir='ltr'><strong>scribit,</strong></span> <span class='ocrx_word' id='word_1_168' title='bbox 975 2197 1107 2269; x_wconf 60' lang='lat' dir='ltr'><strong>maribus</strong></span> <span class='ocrx_word' id='word_1_169' title='bbox 1125 2215 1189 2254; x_wconf 90' lang='lat' dir='ltr'><strong>cum</strong></span> <span class='ocrx_word' id='word_1_170' title='bbox 1214 2199 1361 2270; x_wconf 89' lang='lat' dir='ltr'><strong>quaerellis</strong></span> <span class='ocrx_word' id='word_1_171' title='bbox 1379 2214 1409 2256; x_wconf 87' lang='lat' dir='ltr'><strong>se</strong></span> 
     </span>
    </p>
   </div>
   <div class='ocr_carea' id='block_1_5' title="bbox 167 2282 1511 2356">
    <p class='ocr_par' dir='ltr' id='par_1_5' title="bbox 167 2282 1511 2356">
     <span class='ocr_line' id='line_1_20' title="bbox 167 2282 1511 2356; baseline 0.001 -16"><span class='ocrx_word' id='word_1_172' title='bbox 167 2283 315 2351; x_wconf 85' lang='lat' dir='ltr'><strong>audivisse,</strong></span> <span class='ocrx_word' id='word_1_173' title='bbox 333 2283 408 2356; x_wconf 90' lang='lat' dir='ltr'><strong>quod</strong></span> <span class='ocrx_word' id='word_1_174' title='bbox 425 2301 489 2340; x_wconf 89' lang='lat' dir='ltr'><strong>eum</strong></span> <span class='ocrx_word' id='word_1_175' title='bbox 498 2282 600 2340; x_wconf 85' lang='lat' dir='ltr'><strong>Veneti</strong></span> <span class='ocrx_word' id='word_1_176' title='bbox 618 2302 680 2340; x_wconf 89' lang='lat' dir='ltr'><strong>oum</strong></span> <span class='ocrx_word' id='word_1_177' title='bbox 699 2285 757 2340; x_wconf 89' lang='lat' dir='ltr'><strong>suis</strong></span> <span class='ocrx_word' id='word_1_178' title='bbox 775 2285 866 2354; x_wconf 78' lang='lat' dir='ltr'><strong>lignis,</strong></span> <span class='ocrx_word' id='word_1_179' title='bbox 886 2284 970 2340; x_wconf 90' lang='lat' dir='ltr'><strong>blado</strong></span> <span class='ocrx_word' id='word_1_180' title='bbox 988 2291 1016 2341; x_wconf 89' lang='lat' dir='ltr'><strong>et</strong></span> <span class='ocrx_word' id='word_1_181' title='bbox 1034 2285 1096 2340; x_wconf 87' lang='lat' dir='ltr'><strong>aliis</strong></span> <span class='ocrx_word' id='word_1_182' title='bbox 1115 2286 1330 2344; x_wconf 76' lang='lat' dir='ltr'><strong>mercationibus</strong></span> <span class='ocrx_word' id='word_1_183' title='bbox 1347 2303 1413 2344; x_wconf 88' lang='lat' dir='ltr'><strong>oue·</strong></span> <span class='ocrx_word' id='word_1_184' title='bbox 1506 2293 1511 2303; x_wconf 87' lang='lat'>&#39;</span> 
     </span>
    </p>
   </div>
   <div class='ocr_carea' id='block_1_6' title="bbox 166 2371 1414 3056">
    <p class='ocr_par' dir='ltr' id='par_1_6' title="bbox 166 2371 1414 3056">
     <span class='ocr_line' id='line_1_21' title="bbox 167 2371 1412 2448; baseline 0.003 -22"><span class='ocrx_word' id='word_1_185' title='bbox 167 2373 235 2427; x_wconf 86' lang='lat' dir='ltr'><strong>ratis</strong></span> <span class='ocrx_word' id='word_1_186' title='bbox 254 2389 303 2444; x_wconf 92' lang='lat' dir='ltr'><strong>per</strong></span> <span class='ocrx_word' id='word_1_187' title='bbox 321 2377 414 2444; x_wconf 87' lang='lat' dir='ltr'><strong>partes</strong></span> <span class='ocrx_word' id='word_1_188' title='bbox 433 2372 496 2427; x_wconf 87' lang='lat' dir='ltr'><strong>illas</strong></span> <span class='ocrx_word' id='word_1_189' title='bbox 514 2373 670 2440; x_wconf 83' lang='lat' dir='ltr'><strong>transirent,</strong></span> <span class='ocrx_word' id='word_1_190' title='bbox 688 2378 746 2427; x_wconf 89' lang='lat' dir='ltr'><strong>tam</strong></span> <span class='ocrx_word' id='word_1_191' title='bbox 764 2371 799 2428; x_wconf 88' lang='lat' dir='ltr'><strong>de</strong></span> <span class='ocrx_word' id='word_1_192' title='bbox 817 2373 938 2430; x_wconf 88' lang='lat' dir='ltr'><strong>marchia</strong></span> <span class='ocrx_word' id='word_1_193' title='bbox 957 2391 1040 2446; x_wconf 87' lang='lat' dir='ltr'><strong>quam</strong></span> <span class='ocrx_word' id='word_1_194' title='bbox 1058 2373 1093 2431; x_wconf 91' lang='lat' dir='ltr'><strong>de</strong></span> <span class='ocrx_word' id='word_1_195' title='bbox 1112 2374 1175 2430; x_wconf 87' lang='lat' dir='ltr'><strong>aliis</strong></span> <span class='ocrx_word' id='word_1_196' title='bbox 1193 2375 1320 2448; x_wconf 85' lang='lat' dir='ltr'><strong>partibus</strong></span> <span class='ocrx_word' id='word_1_197' title='bbox 1338 2376 1412 2432; x_wconf 79' lang='lat' dir='ltr'><strong>veni-</strong></span> 
     </span>
     <span class='ocr_line' id='line_1_22' title="bbox 169 2451 1414 2530; baseline 0.002 -15"><span class='ocrx_word' id='word_1_198' title='bbox 169 2465 256 2526; x_wconf 83' lang='lat' dir='ltr'><strong>entes,</strong></span> <span class='ocrx_word' id='word_1_199' title='bbox 275 2459 402 2516; x_wconf 90' lang='lat' dir='ltr'><strong>homines</strong></span> <span class='ocrx_word' id='word_1_200' title='bbox 419 2459 528 2514; x_wconf 89' lang='lat' dir='ltr'><strong>insulae</strong></span> <span class='ocrx_word' id='word_1_201' title='bbox 553 2457 654 2514; x_wconf 83' lang='lat' dir='ltr'><strong>Abssri</strong></span> <span class='ocrx_word' id='word_1_202' title='bbox 677 2475 741 2514; x_wconf 89' lang='lat' dir='ltr'><strong>cum</strong></span> <span class='ocrx_word' id='word_1_203' title='bbox 759 2459 870 2514; x_wconf 88' lang='lat' dir='ltr'><strong>barchis</strong></span> <span class='ocrx_word' id='word_1_204' title='bbox 888 2465 915 2514; x_wconf 94' lang='lat' dir='ltr'><strong>et</strong></span> <span class='ocrx_word' id='word_1_205' title='bbox 932 2460 1015 2530; x_wconf 84' lang='lat' dir='ltr'><strong>lignis</strong></span> <span class='ocrx_word' id='word_1_206' title='bbox 1034 2477 1130 2517; x_wconf 90' lang='lat' dir='ltr'><strong>eorum</strong></span> <span class='ocrx_word' id='word_1_207' title='bbox 1147 2467 1253 2516; x_wconf 85' lang='lat' dir='ltr'><strong>armata</strong></span> <span class='ocrx_word' id='word_1_208' title='bbox 1270 2477 1356 2518; x_wconf 89' lang='lat' dir='ltr'><strong>manu</strong></span> <span class='ocrx_word' id='word_1_209' title='bbox 1374 2451 1414 2518; x_wconf 79' lang='lat' dir='ltr'><strong>iri·</strong></span> 
     </span>
     <span class='ocr_line' id='line_1_23' title="bbox 166 2547 1414 2621; baseline 0.003 -19"><span class='ocrx_word' id='word_1_210' title='bbox 166 2552 272 2602; x_wconf 73' lang='lat' dir='ltr'><strong>mantes</strong></span> <span class='ocrx_word' id='word_1_211' title='bbox 290 2547 319 2602; x_wconf 89' lang='lat' dir='ltr'><strong>iu</strong></span> <span class='ocrx_word' id='word_1_212' title='bbox 337 2563 421 2615; x_wconf 88' lang='lat' dir='ltr'><strong>mare,</strong></span> <span class='ocrx_word' id='word_1_213' title='bbox 440 2563 517 2602; x_wconf 93' lang='lat' dir='ltr'><strong>more</strong></span> <span class='ocrx_word' id='word_1_214' title='bbox 535 2547 651 2617; x_wconf 90' lang='lat' dir='ltr'><strong>piratico</strong></span> <span class='ocrx_word' id='word_1_215' title='bbox 669 2547 796 2618; x_wconf 80' lang='lat' dir='ltr'><strong>praefata</strong></span> <span class='ocrx_word' id='word_1_216' title='bbox 814 2547 891 2618; x_wconf 77' lang='lat' dir='ltr'><strong>ligna</strong></span> <span class='ocrx_word' id='word_1_217' title='bbox 908 2554 1067 2620; x_wconf 88' lang='lat' dir='ltr'><strong>caeperunt,</strong></span> <span class='ocrx_word' id='word_1_218' title='bbox 1091 2547 1127 2603; x_wconf 91' lang='lat' dir='ltr'><strong>ad</strong></span> <span class='ocrx_word' id='word_1_219' title='bbox 1152 2550 1293 2621; x_wconf 88' lang='lat' dir='ltr'><strong>propriam</strong></span> <span class='ocrx_word' id='word_1_220' title='bbox 1317 2566 1414 2606; x_wconf 91' lang='lat' dir='ltr'><strong>eorum</strong></span> 
     </span>
     <span class='ocr_line' id='line_1_24' title="bbox 166 2633 1414 2708; baseline 0.002 -18"><span class='ocrx_word' id='word_1_221' title='bbox 166 2635 286 2690; x_wconf 87' lang='lat' dir='ltr'><strong>insulam</strong></span> <span class='ocrx_word' id='word_1_222' title='bbox 312 2651 345 2690; x_wconf 90' lang='lat' dir='ltr'><strong>ea</strong></span> <span class='ocrx_word' id='word_1_223' title='bbox 371 2633 559 2690; x_wconf 86' lang='lat' dir='ltr'><strong>conducentes</strong></span> <span class='ocrx_word' id='word_1_224' title='bbox 577 2639 605 2689; x_wconf 89' lang='lat' dir='ltr'><strong>et</strong></span> <span class='ocrx_word' id='word_1_225' title='bbox 622 2633 658 2690; x_wconf 91' lang='lat' dir='ltr'><strong>de</strong></span> <span class='ocrx_word' id='word_1_226' title='bbox 683 2635 766 2705; x_wconf 77' lang='lat' dir='ltr'><strong>lignis</strong></span> <span class='ocrx_word' id='word_1_227' title='bbox 784 2633 898 2690; x_wconf 89' lang='lat' dir='ltr'><strong>bladum</strong></span> <span class='ocrx_word' id='word_1_228' title='bbox 926 2640 954 2690; x_wconf 91' lang='lat' dir='ltr'><strong>et</strong></span> <span class='ocrx_word' id='word_1_229' title='bbox 979 2635 1034 2691; x_wconf 85' lang='lat' dir='ltr'><strong>alia</strong></span> <span class='ocrx_word' id='word_1_230' title='bbox 1060 2635 1243 2708; x_wconf 78' lang='lat' dir='ltr'><strong>abstulerunt,</strong></span> <span class='ocrx_word' id='word_1_231' title='bbox 1274 2637 1348 2693; x_wconf 89' lang='lat' dir='ltr'><strong>unde</strong></span> <span class='ocrx_word' id='word_1_232' title='bbox 1373 2638 1414 2692; x_wconf 92' lang='lat' dir='ltr'><strong>illi</strong></span> 
     </span>
     <span class='ocr_line' id='line_1_25' title="bbox 168 2721 1411 2794; baseline 0.001 -16"><span class='ocrx_word' id='word_1_233' title='bbox 168 2722 292 2790; x_wconf 89' lang='lat' dir='ltr'><strong>mandat,</strong></span> <span class='ocrx_word' id='word_1_234' title='bbox 311 2727 343 2777; x_wconf 91' lang='lat' dir='ltr'><strong>ut</strong></span> <span class='ocrx_word' id='word_1_235' title='bbox 360 2721 463 2778; x_wconf 88' lang='lat' dir='ltr'><strong>dictum</strong></span> <span class='ocrx_word' id='word_1_236' title='bbox 488 2722 658 2777; x_wconf 83' lang='lat' dir='ltr'><strong>frumentum</strong></span> <span class='ocrx_word' id='word_1_237' title='bbox 682 2727 709 2777; x_wconf 88' lang='lat' dir='ltr'><strong>et</strong></span> <span class='ocrx_word' id='word_1_238' title='bbox 732 2721 846 2776; x_wconf 92' lang='lat' dir='ltr'><strong>bladum</strong></span> <span class='ocrx_word' id='word_1_239' title='bbox 864 2727 1009 2794; x_wconf 87' lang='lat' dir='ltr'><strong>acceptum</strong></span> <span class='ocrx_word' id='word_1_240' title='bbox 1028 2721 1144 2780; x_wconf 88' lang='lat' dir='ltr'><strong>Venetis</strong></span> <span class='ocrx_word' id='word_1_241' title='bbox 1168 2724 1269 2781; x_wconf 88' lang='lat' dir='ltr'><strong>debeat</strong></span> <span class='ocrx_word' id='word_1_242' title='bbox 1291 2725 1411 2781; x_wconf 89' lang='lat' dir='ltr'><strong>totaliter</strong></span> 
     </span>
     <span class='ocr_line' id='line_1_26' title="bbox 171 2807 1411 2884; baseline 0.002 -20"><span class='ocrx_word' id='word_1_243' title='bbox 171 2810 322 2877; x_wconf 84' lang='lat' dir='ltr'><strong>restituere,</strong></span> <span class='ocrx_word' id='word_1_244' title='bbox 340 2815 484 2881; x_wconf 85' lang='lat' dir='ltr'><strong>praeterea</strong></span> <span class='ocrx_word' id='word_1_245' title='bbox 501 2807 585 2864; x_wconf 86' lang='lat' dir='ltr'><strong>debet</strong></span> <span class='ocrx_word' id='word_1_246' title='bbox 603 2825 652 2864; x_wconf 85' lang='lat' dir='ltr'><strong>sex</strong></span> <span class='ocrx_word' id='word_1_247' title='bbox 671 2807 705 2864; x_wconf 90' lang='lat' dir='ltr'><strong>de</strong></span> <span class='ocrx_word' id='word_1_248' title='bbox 724 2809 803 2864; x_wconf 90' lang='lat' dir='ltr'><strong>honis</strong></span> <span class='ocrx_word' id='word_1_249' title='bbox 815 2809 974 2866; x_wconf 89' lang='lat' dir='ltr'><strong>hominibus</strong></span> <span class='ocrx_word' id='word_1_250' title='bbox 992 2810 1082 2866; x_wconf 87' lang='lat' dir='ltr'><strong>dictae</strong></span> <span class='ocrx_word' id='word_1_251' title='bbox 1100 2817 1189 2868; x_wconf 89' lang='lat' dir='ltr'><strong>terrae</strong></span> <span class='ocrx_word' id='word_1_252' title='bbox 1207 2827 1297 2884; x_wconf 87' lang='lat' dir='ltr'><strong>usque</strong></span> <span class='ocrx_word' id='word_1_253' title='bbox 1315 2811 1351 2868; x_wconf 91' lang='lat' dir='ltr'><strong>ad</strong></span> <span class='ocrx_word' id='word_1_254' title='bbox 1368 2813 1411 2867; x_wconf 91' lang='lat' dir='ltr'><strong>in·</strong></span> 
     </span>
     <span class='ocr_line' id='line_1_27' title="bbox 168 2895 1411 2972; baseline 0.005 -22"><span class='ocrx_word' id='word_1_255' title='bbox 168 2897 282 2953; x_wconf 88' lang='lat' dir='ltr'><strong>troitum</strong></span> <span class='ocrx_word' id='word_1_256' title='bbox 301 2897 411 2952; x_wconf 79' lang='lat' dir='ltr'><strong>futurae</strong></span> <span class='ocrx_word' id='word_1_257' title='bbox 422 2896 659 2967; x_wconf 80' lang='lat' dir='ltr'><strong>Quadragesimae</strong></span> <span class='ocrx_word' id='word_1_258' title='bbox 672 2895 802 2952; x_wconf 79' lang='lat' dir='ltr'><strong>adducis</strong></span> <span class='ocrx_word' id='word_1_259' title='bbox 820 2898 1005 2968; x_wconf 85' lang='lat' dir='ltr'><strong>praesentiam</strong></span> <span class='ocrx_word' id='word_1_260' title='bbox 1022 2897 1161 2955; x_wconf 87' lang='lat' dir='ltr'><strong>destinare</strong></span> <span class='ocrx_word' id='word_1_261' title='bbox 1180 2917 1230 2972; x_wconf 92' lang='lat' dir='ltr'><strong>pro</strong></span> <span class='ocrx_word' id='word_1_262' title='bbox 1248 2898 1411 2956; x_wconf 83' lang='lat' dir='ltr'><strong>obediendia</strong></span> 
     </span>
     <span class='ocr_line' id='line_1_28' title="bbox 171 2982 1013 3056; baseline -0.001 -17"><span class='ocrx_word' id='word_1_263' title='bbox 171 2985 229 3040; x_wconf 89' lang='lat' dir='ltr'><strong>suia</strong></span> <span class='ocrx_word' id='word_1_264' title='bbox 247 2983 385 3040; x_wconf 85' lang='lat' dir='ltr'><strong>mandatis</strong></span> <span class='ocrx_word' id='word_1_265' title='bbox 404 2989 433 3040; x_wconf 92' lang='lat' dir='ltr'><strong>et</strong></span> <span class='ocrx_word' id='word_1_266' title='bbox 450 3001 501 3056; x_wconf 91' lang='lat' dir='ltr'><strong>pro</strong></span> <span class='ocrx_word' id='word_1_267' title='bbox 520 2982 653 3038; x_wconf 85' lang='lat' dir='ltr'><strong>solvenda</strong></span> <span class='ocrx_word' id='word_1_268' title='bbox 671 3000 762 3054; x_wconf 89' lang='lat' dir='ltr'><strong>poena</strong></span> <span class='ocrx_word' id='word_1_269' title='bbox 779 2983 855 3040; x_wconf 91' lang='lat' dir='ltr'><strong>mille</strong></span> <span class='ocrx_word' id='word_1_270' title='bbox 872 2983 1013 3042; x_wconf 89' lang='lat' dir='ltr'><strong>librarum.</strong></span> 
     </span>
    </p>
   </div>
   <div class='ocr_carea' id='block_1_7' title="bbox 225 3089 603 3158">
    <p class='ocr_par' dir='ltr' id='par_1_7' title="bbox 225 3089 603 3158">
     <span class='ocr_line' id='line_1_29' title="bbox 225 3089 603 3158; baseline -0.005 -12"><span class='ocrx_word' id='word_1_271' title='bbox 225 3089 340 3158; x_wconf 63' lang='lat' dir='ltr'><strong>Manu:</strong></span> <span class='ocrx_word' id='word_1_272' title='bbox 361 3091 440 3146; x_wconf 78' lang='lat' dir='ltr'><strong>Mos.</strong></span> <span class='ocrx_word' id='word_1_273' title='bbox 457 3089 483 3146; x_wconf 90' lang='grc' dir='ltr'><strong>Ι.</strong></span> <span class='ocrx_word' id='word_1_274' title='bbox 498 3105 528 3158; x_wconf 78' lang='lat' dir='ltr'><strong>p.</strong></span> <span class='ocrx_word' id='word_1_275' title='bbox 549 3092 603 3144; x_wconf 88' lang='lat'><strong>111.</strong></span> 
     </span>
    </p>
   </div>
   <div class='ocr_carea' id='block_1_8' title="bbox 169 3244 1451 3774">
    <p class='ocr_par' dir='ltr' id='par_1_8' title="bbox 169 3244 1451 3669">
     <span class='ocr_line' id='line_1_30' title="bbox 220 3244 1409 3306; baseline 0.003 -3"><span class='ocrx_word' id='word_1_276' title='bbox 220 3247 442 3304; x_wconf 85' lang='lat' dir='ltr'><strong>MOLXXXVI.</strong></span> <span class='ocrx_word' id='word_1_277' title='bbox 461 3249 497 3304; x_wconf 78' lang='lat' dir='ltr'><strong>ln</strong></span> <span class='ocrx_word' id='word_1_278' title='bbox 514 3247 623 3306; x_wconf 78' lang='lat' dir='ltr'><strong>Labod.</strong></span> <span class='ocrx_word' id='word_1_279' title='bbox 642 3252 717 3304; x_wconf 81' lang='lat'><strong>1276.</strong></span> <span class='ocrx_word' id='word_1_280' title='bbox 736 3252 781 3304; x_wconf 85' lang='lat'><strong>20.</strong></span> <span class='ocrx_word' id='word_1_281' title='bbox 799 3248 945 3304; x_wconf 79' lang='lat' dir='ltr'><strong>Joauarii</strong></span> <span class='ocrx_word' id='word_1_282' title='bbox 973 3244 1120 3305; x_wconf 81' lang='lat' dir='ltr'><strong>ladislaus</strong></span> <span class='ocrx_word' id='word_1_283' title='bbox 1144 3248 1196 3306; x_wconf 86' lang='lat' dir='ltr'><strong>IV.</strong></span> <span class='ocrx_word' id='word_1_284' title='bbox 1219 3265 1269 3304; x_wconf 83' lang='lat' dir='ltr'><strong>rex</strong></span> <span class='ocrx_word' id='word_1_285' title='bbox 1293 3248 1409 3306; x_wconf 87' lang='lat' dir='ltr'><strong>mandat</strong></span> 
     </span>
     <span class='ocr_line' id='line_1_31' title="bbox 170 3335 1451 3406; baseline 0.002 -14"><span class='ocrx_word' id='word_1_286' title='bbox 170 3335 293 3392; x_wconf 90' lang='lat' dir='ltr'><strong>Jobanui</strong></span> <span class='ocrx_word' id='word_1_287' title='bbox 311 3336 386 3391; x_wconf 87' lang='lat' dir='ltr'><strong>bauo</strong></span> <span class='ocrx_word' id='word_1_288' title='bbox 404 3336 491 3392; x_wconf 90' lang='lat' dir='ltr'><strong>totius</strong></span> <span class='ocrx_word' id='word_1_289' title='bbox 510 3335 665 3403; x_wconf 80' lang='lat' dir='ltr'><strong>Slavoniae,</strong></span> <span class='ocrx_word' id='word_1_290' title='bbox 685 3339 716 3390; x_wconf 89' lang='lat' dir='ltr'><strong>ut</strong></span> <span class='ocrx_word' id='word_1_291' title='bbox 732 3337 866 3406; x_wconf 78' lang='lat' dir='ltr'><strong>magistro</strong></span> <span class='ocrx_word' id='word_1_292' title='bbox 880 3335 1004 3393; x_wconf 85' lang='lat' dir='ltr'><strong>Gerardo</strong></span> <span class='ocrx_word' id='word_1_293' title='bbox 1017 3337 1095 3393; x_wconf 83' lang='lat' dir='ltr'><strong>heico</strong></span> <span class='ocrx_word' id='word_1_294' title='bbox 1107 3352 1160 3394; x_wconf 90' lang='lat' dir='ltr'><strong>suo</strong></span> <span class='ocrx_word' id='word_1_295' title='bbox 1171 3337 1299 3394; x_wconf 87' lang='lat' dir='ltr'><strong>restituat</strong></span> <span class='ocrx_word' id='word_1_296' title='bbox 1310 3343 1411 3394; x_wconf 86' lang='lat' dir='ltr'><strong>terram</strong></span> <span class='ocrx_word' id='word_1_297' title='bbox 1448 3375 1451 3382; x_wconf 84' lang='lat'><em>·</em></span> 
     </span>
     <span class='ocr_line' id='line_1_32' title="bbox 171 3422 1412 3496; baseline 0.002 -18"><span class='ocrx_word' id='word_1_298' title='bbox 171 3423 301 3479; x_wconf 81' lang='lat' dir='ltr'><strong>Tomora</strong></span> <span class='ocrx_word' id='word_1_299' title='bbox 318 3423 449 3479; x_wconf 87' lang='lat' dir='ltr'><strong>collatam</strong></span> <span class='ocrx_word' id='word_1_300' title='bbox 468 3423 493 3478; x_wconf 90' lang='lat' dir='ltr'><strong>ei</strong></span> <span class='ocrx_word' id='word_1_301' title='bbox 511 3422 548 3477; x_wconf 90' lang='lat' dir='ltr'><strong>ab</strong></span> <span class='ocrx_word' id='word_1_302' title='bbox 566 3439 619 3479; x_wconf 81' lang='lat' dir='ltr'><strong>aro</strong></span> <span class='ocrx_word' id='word_1_303' title='bbox 637 3439 689 3478; x_wconf 90' lang='lat' dir='ltr'><strong>sno</strong></span> <span class='ocrx_word' id='word_1_304' title='bbox 707 3439 771 3494; x_wconf 82' lang='lat' dir='ltr'><strong>rege</strong></span> <span class='ocrx_word' id='word_1_305' title='bbox 798 3423 866 3478; x_wconf 88' lang='lat' dir='ltr'><strong>Bela</strong></span> <span class='ocrx_word' id='word_1_306' title='bbox 890 3423 942 3478; x_wconf 85' lang='lat' dir='ltr'><strong>IV.</strong></span> <span class='ocrx_word' id='word_1_307' title='bbox 962 3429 991 3480; x_wconf 87' lang='lat' dir='ltr'><strong>et</strong></span> <span class='ocrx_word' id='word_1_308' title='bbox 1008 3441 1057 3496; x_wconf 92' lang='lat' dir='ltr'><strong>per</strong></span> <span class='ocrx_word' id='word_1_309' title='bbox 1080 3425 1174 3495; x_wconf 90' lang='lat' dir='ltr'><strong>ipsum</strong></span> <span class='ocrx_word' id='word_1_310' title='bbox 1196 3441 1290 3496; x_wconf 79' lang='lat' dir='ltr'><strong>regem</strong></span> <span class='ocrx_word' id='word_1_311' title='bbox 1314 3425 1412 3482; x_wconf 86' lang='lat' dir='ltr'><strong>contir-</strong></span> 
     </span>
     <span class='ocr_line' id='line_1_33' title="bbox 171 3510 1412 3583; baseline 0.002 -18"><span class='ocrx_word' id='word_1_312' title='bbox 171 3515 282 3578; x_wconf 89' lang='lat' dir='ltr'><strong>matam,</strong></span> <span class='ocrx_word' id='word_1_313' title='bbox 311 3511 384 3568; x_wconf 88' lang='lat' dir='ltr'><strong>sieut</strong></span> <span class='ocrx_word' id='word_1_314' title='bbox 409 3512 492 3566; x_wconf 71' lang='grc' dir='ltr'>θιὶιιιιι</span> <span class='ocrx_word' id='word_1_315' title='bbox 516 3510 552 3565; x_wconf 92' lang='lat' dir='ltr'><strong>ad</strong></span> <span class='ocrx_word' id='word_1_316' title='bbox 580 3511 741 3583; x_wconf 89' lang='lat' dir='ltr'><strong>petitionem</strong></span> <span class='ocrx_word' id='word_1_317' title='bbox 767 3511 841 3580; x_wconf 81' lang='lat' dir='ltr'><strong>regis</strong></span> <span class='ocrx_word' id='word_1_318' title='bbox 867 3510 896 3565; x_wconf 94' lang='lat' dir='ltr'><strong>id</strong></span> <span class='ocrx_word' id='word_1_319' title='bbox 924 3527 954 3567; x_wconf 91' lang='lat' dir='ltr'><strong>se</strong></span> <span class='ocrx_word' id='word_1_320' title='bbox 980 3512 1119 3568; x_wconf 82' lang='lat' dir='ltr'><strong>iacturum</strong></span> <span class='ocrx_word' id='word_1_321' title='bbox 1146 3512 1237 3568; x_wconf 88' lang='lat' dir='ltr'><strong>banus</strong></span> <span class='ocrx_word' id='word_1_322' title='bbox 1262 3511 1412 3568; x_wconf 84' lang='lat' dir='ltr'><strong>liberaliter</strong></span> 
     </span>
     <span class='ocr_line' id='line_1_34' title="bbox 169 3599 302 3669; baseline 0.008 -16"><span class='ocrx_word' id='word_1_323' title='bbox 169 3599 302 3669; x_wconf 87' lang='lat' dir='ltr'><strong>promisit</strong></span> 
     </span>
    </p>

    <p class='ocr_par' dir='ltr' id='par_1_9' title="bbox 224 3703 739 3774">
     <span class='ocr_line' id='line_1_35' title="bbox 224 3703 739 3774; baseline 0 -14"><span class='ocrx_word' id='word_1_324' title='bbox 224 3703 350 3760; x_wconf 71' lang='lat' dir='ltr'><strong>staldid:</strong></span> <span class='ocrx_word' id='word_1_325' title='bbox 367 3706 442 3761; x_wconf 77' lang='lat' dir='ltr'><strong>Mon.</strong></span> <span class='ocrx_word' id='word_1_326' title='bbox 460 3704 525 3760; x_wconf 77' lang='lat' dir='ltr'><strong>hiet.</strong></span> <span class='ocrx_word' id='word_1_327' title='bbox 545 3704 574 3759; x_wconf 84' lang='lat' dir='ltr'><strong>T.</strong></span> <span class='ocrx_word' id='word_1_328' title='bbox 593 3707 616 3758; x_wconf 93' lang='lat' dir='ltr'><strong>I.</strong></span> <span class='ocrx_word' id='word_1_329' title='bbox 631 3719 661 3774; x_wconf 88' lang='lat' dir='ltr'><strong>p.</strong></span> <span class='ocrx_word' id='word_1_330' title='bbox 681 3707 739 3760; x_wconf 83' lang='lat'><strong>180.</strong></span> 
     </span>
    </p>
   </div>
   <div class='ocr_carea' id='block_1_9' title="bbox 156 3862 1413 4807">
    <p class='ocr_par' dir='ltr' id='par_1_10' title="bbox 156 3862 1413 4807">
     <span class='ocr_line' id='line_1_36' title="bbox 222 3862 1413 3920; baseline 0.001 -2"><span class='ocrx_word' id='word_1_331' title='bbox 222 3863 461 3919; x_wconf 83' lang='lat' dir='ltr'><strong>MOLXXXVII.</strong></span> <span class='ocrx_word' id='word_1_332' title='bbox 488 3863 610 3920; x_wconf 81' lang='lat' dir='ltr'><strong>chereii.</strong></span> <span class='ocrx_word' id='word_1_333' title='bbox 637 3866 714 3918; x_wconf 81' lang='lat'><strong>1276.</strong></span> <span class='ocrx_word' id='word_1_334' title='bbox 741 3867 783 3920; x_wconf 77' lang='lat'><strong>12.</strong></span> <span class='ocrx_word' id='word_1_335' title='bbox 808 3863 965 3920; x_wconf 75' lang='lat' dir='ltr'><strong>Februarii.</strong></span> <span class='ocrx_word' id='word_1_336' title='bbox 989 3862 1187 3919; x_wconf 86' lang='lat' dir='ltr'><strong>Praesentibus</strong></span> <span class='ocrx_word' id='word_1_337' title='bbox 1205 3864 1302 3920; x_wconf 84' lang='lat' dir='ltr'><strong>Marco</strong></span> <span class='ocrx_word' id='word_1_338' title='bbox 1328 3862 1413 3919; x_wconf 91' lang='lat' dir='ltr'><strong>Dodo</strong></span> 
     </span>
     <span class='ocr_line' id='line_1_37' title="bbox 170 3949 1411 4022; baseline 0.001 -16"><span class='ocrx_word' id='word_1_339' title='bbox 170 3953 247 4008; x_wconf 90' lang='lat' dir='ltr'><strong>socio</strong></span> <span class='ocrx_word' id='word_1_340' title='bbox 265 3951 354 4007; x_wconf 87' lang='lat' dir='ltr'><strong>Marci</strong></span> <span class='ocrx_word' id='word_1_341' title='bbox 377 3951 523 4006; x_wconf 88' lang='lat' dir='ltr'><strong>Michaelis</strong></span> <span class='ocrx_word' id='word_1_342' title='bbox 545 3951 655 4006; x_wconf 87' lang='lat' dir='ltr'><strong>comitis</strong></span> <span class='ocrx_word' id='word_1_343' title='bbox 680 3949 788 4017; x_wconf 88' lang='lat' dir='ltr'><strong>Abseri‚</strong></span> <span class='ocrx_word' id='word_1_344' title='bbox 811 3949 941 4006; x_wconf 86' lang='lat' dir='ltr'><strong>Gabriele</strong></span> <span class='ocrx_word' id='word_1_345' title='bbox 958 3949 993 4005; x_wconf 90' lang='lat' dir='ltr'><strong>de</strong></span> <span class='ocrx_word' id='word_1_346' title='bbox 1011 3951 1140 4022; x_wconf 85' lang='lat' dir='ltr'><strong>Topertis</strong></span> <span class='ocrx_word' id='word_1_347' title='bbox 1157 3952 1265 4006; x_wconf 87' lang='lat' dir='ltr'><strong>notario</strong></span> <span class='ocrx_word' id='word_1_348' title='bbox 1284 3951 1349 4007; x_wconf 81' lang='lat' dir='ltr'><strong>dicti</strong></span> <span class='ocrx_word' id='word_1_349' title='bbox 1367 3967 1411 4008; x_wconf 86' lang='lat' dir='ltr'><strong>eo·</strong></span> 
     </span>
     <span class='ocr_line' id='line_1_38' title="bbox 169 4035 1413 4108; baseline -0.002 -14"><span class='ocrx_word' id='word_1_350' title='bbox 169 4040 253 4108; x_wconf 87' lang='lat' dir='ltr'><strong>mitis,</strong></span> <span class='ocrx_word' id='word_1_351' title='bbox 271 4037 423 4094; x_wconf 81' lang='lat' dir='ltr'><strong>Benedicta</strong></span> <span class='ocrx_word' id='word_1_352' title='bbox 449 4037 538 4094; x_wconf 91' lang='lat' dir='ltr'><strong>Baldo</strong></span> <span class='ocrx_word' id='word_1_353' title='bbox 555 4037 591 4093; x_wconf 89' lang='lat' dir='ltr'><strong>de</strong></span> <span class='ocrx_word' id='word_1_354' title='bbox 609 4037 737 4094; x_wconf 87' lang='lat' dir='ltr'><strong>Venetiie</strong></span> <span class='ocrx_word' id='word_1_355' title='bbox 763 4043 791 4092; x_wconf 90' lang='lat' dir='ltr'><strong>et</strong></span> <span class='ocrx_word' id='word_1_356' title='bbox 814 4038 884 4105; x_wconf 89' lang='lat' dir='ltr'><strong>aliis,</strong></span> <span class='ocrx_word' id='word_1_357' title='bbox 907 4035 1077 4094; x_wconf 86' lang='lat' dir='ltr'><strong>Androssius</strong></span> <span class='ocrx_word' id='word_1_358' title='bbox 1102 4037 1191 4094; x_wconf 83' lang='lat' dir='ltr'><strong>Cerne</strong></span> <span class='ocrx_word' id='word_1_359' title='bbox 1206 4037 1295 4107; x_wconf 86' lang='lat' dir='ltr'><strong>judex</strong></span> <span class='ocrx_word' id='word_1_360' title='bbox 1313 4037 1413 4094; x_wconf 82' lang='lat' dir='ltr'><strong>Abssri</strong></span> 
     </span>
     <span class='ocr_line' id='line_1_39' title="bbox 156 4123 1412 4196; baseline -0.002 -14"><span class='ocrx_word' id='word_1_361' title='bbox 156 4143 226 4182; x_wconf 89' lang='lat' dir='ltr'><strong>-una</strong></span> <span class='ocrx_word' id='word_1_362' title='bbox 245 4143 309 4182; x_wconf 91' lang='lat' dir='ltr'><strong>cum</strong></span> <span class='ocrx_word' id='word_1_363' title='bbox 327 4126 444 4182; x_wconf 90' lang='lat' dir='ltr'><strong>consilio</strong></span> <span class='ocrx_word' id='word_1_364' title='bbox 462 4123 596 4194; x_wconf 88' lang='lat' dir='ltr'><strong>eiusdem,</strong></span> <span class='ocrx_word' id='word_1_365' title='bbox 613 4123 744 4180; x_wconf 89' lang='lat' dir='ltr'><strong>Janettus</strong></span> <span class='ocrx_word' id='word_1_366' title='bbox 762 4124 875 4180; x_wconf 75' lang='lat' dir='ltr'><strong>Simeon</strong></span> <span class='ocrx_word' id='word_1_367' title='bbox 896 4124 1025 4179; x_wconf 87' lang='lat' dir='ltr'><strong>Petricha</strong></span> <span class='ocrx_word' id='word_1_368' title='bbox 1039 4123 1127 4196; x_wconf 76' lang='lat' dir='ltr'><strong>Judex</strong></span> <span class='ocrx_word' id='word_1_369' title='bbox 1152 4125 1243 4180; x_wconf 86' lang='lat' dir='ltr'><strong>Kersii</strong></span> <span class='ocrx_word' id='word_1_370' title='bbox 1266 4141 1323 4180; x_wconf 90' lang='lat' dir='ltr'><strong>uua</strong></span> <span class='ocrx_word' id='word_1_371' title='bbox 1348 4141 1412 4181; x_wconf 90' lang='lat' dir='ltr'><strong>cum</strong></span> 
     </span>
     <span class='ocr_line' id='line_1_40' title="bbox 171 4210 1413 4283; baseline -0.002 -13"><span class='ocrx_word' id='word_1_372' title='bbox 171 4231 223 4270; x_wconf 89' lang='lat' dir='ltr'><strong>suo</strong></span> <span class='ocrx_word' id='word_1_373' title='bbox 241 4213 367 4282; x_wconf 88' lang='lat' dir='ltr'><strong>oonsilio,</strong></span> <span class='ocrx_word' id='word_1_374' title='bbox 386 4213 557 4283; x_wconf 83' lang='lat' dir='ltr'><strong>Dragossius</strong></span> <span class='ocrx_word' id='word_1_375' title='bbox 579 4211 703 4268; x_wconf 88' lang='lat' dir='ltr'><strong>Jacobus</strong></span> <span class='ocrx_word' id='word_1_376' title='bbox 718 4210 808 4282; x_wconf 84' lang='lat' dir='ltr'><strong>judex</strong></span> <span class='ocrx_word' id='word_1_377' title='bbox 831 4210 984 4268; x_wconf 89' lang='lat' dir='ltr'><strong>Lubinicae</strong></span> <span class='ocrx_word' id='word_1_378' title='bbox 1001 4228 1058 4266; x_wconf 88' lang='lat' dir='ltr'><strong>una</strong></span> <span class='ocrx_word' id='word_1_379' title='bbox 1075 4229 1140 4267; x_wconf 90' lang='lat' dir='ltr'><strong>cum</strong></span> <span class='ocrx_word' id='word_1_380' title='bbox 1158 4227 1210 4268; x_wconf 89' lang='lat' dir='ltr'><strong>auo</strong></span> <span class='ocrx_word' id='word_1_381' title='bbox 1228 4212 1352 4281; x_wconf 79' lang='lat' dir='ltr'><strong>oonshio,</strong></span> <span class='ocrx_word' id='word_1_382' title='bbox 1370 4229 1413 4268; x_wconf 86' lang='lat' dir='ltr'><strong>on·</strong></span> 
     </span>
     <span class='ocr_line' id='line_1_41' title="bbox 171 4297 1413 4372; baseline -0.001 -16"><span class='ocrx_word' id='word_1_383' title='bbox 171 4301 337 4358; x_wconf 86' lang='lat' dir='ltr'><strong>dinaverunt</strong></span> <span class='ocrx_word' id='word_1_384' title='bbox 364 4306 448 4372; x_wconf 89' lang='lat' dir='ltr'><strong>atque</strong></span> <span class='ocrx_word' id='word_1_385' title='bbox 475 4300 600 4356; x_wconf 82' lang='lat' dir='ltr'><strong>lecemnt</strong></span> <span class='ocrx_word' id='word_1_386' title='bbox 627 4301 754 4355; x_wconf 85' lang='lat' dir='ltr'><strong>Marcum</strong></span> <span class='ocrx_word' id='word_1_387' title='bbox 782 4299 948 4354; x_wconf 87' lang='lat' dir='ltr'><strong>Michaelem</strong></span> <span class='ocrx_word' id='word_1_388' title='bbox 974 4301 1103 4354; x_wconf 85' lang='lat' dir='ltr'><strong>comitem</strong></span> <span class='ocrx_word' id='word_1_389' title='bbox 1130 4299 1239 4370; x_wconf 66' lang='lat' dir='ltr'><strong>theeri,</strong></span> <span class='ocrx_word' id='word_1_390' title='bbox 1263 4297 1413 4356; x_wconf 91' lang='lat' dir='ltr'><strong>Budissam</strong></span> 
     </span>
     <span class='ocr_line' id='line_1_42' title="bbox 171 4385 1412 4458; baseline -0.002 -13"><span class='ocrx_word' id='word_1_391' title='bbox 171 4387 290 4446; x_wconf 89' lang='lat' dir='ltr'><strong>condam</strong></span> <span class='ocrx_word' id='word_1_392' title='bbox 317 4387 521 4458; x_wconf 82' lang='lat' dir='ltr'><strong>vicecomitem,</strong></span> <span class='ocrx_word' id='word_1_393' title='bbox 550 4388 639 4444; x_wconf 89' lang='lat' dir='ltr'><strong>Zerne</strong></span> <span class='ocrx_word' id='word_1_394' title='bbox 666 4387 807 4442; x_wconf 82' lang='lat' dir='ltr'><strong>Andream</strong></span> <span class='ocrx_word' id='word_1_395' title='bbox 834 4385 954 4443; x_wconf 88' lang='lat' dir='ltr'><strong>condam</strong></span> <span class='ocrx_word' id='word_1_396' title='bbox 980 4403 1082 4457; x_wconf 84' lang='lat' dir='ltr'><strong>aupan,</strong></span> <span class='ocrx_word' id='word_1_397' title='bbox 1108 4387 1266 4443; x_wconf 88' lang='lat' dir='ltr'><strong>Jobannem</strong></span> <span class='ocrx_word' id='word_1_398' title='bbox 1293 4387 1412 4444; x_wconf 89' lang='lat' dir='ltr'><strong>condam</strong></span> 
     </span>
     <span class='ocr_line' id='line_1_43' title="bbox 171 4473 1413 4548; baseline -0.001 -16"><span class='ocrx_word' id='word_1_399' title='bbox 171 4477 341 4548; x_wconf 77' lang='lat' dir='ltr'><strong>Dragoguae</strong></span> <span class='ocrx_word' id='word_1_400' title='bbox 365 4481 449 4546; x_wconf 89' lang='lat' dir='ltr'><strong>atque</strong></span> <span class='ocrx_word' id='word_1_401' title='bbox 467 4475 596 4530; x_wconf 88' lang='lat' dir='ltr'><strong>Piculum</strong></span> <span class='ocrx_word' id='word_1_402' title='bbox 614 4473 753 4530; x_wconf 89' lang='lat' dir='ltr'><strong>Joannem</strong></span> <span class='ocrx_word' id='word_1_403' title='bbox 771 4475 858 4530; x_wconf 89' lang='lat' dir='ltr'><strong>lilium</strong></span> <span class='ocrx_word' id='word_1_404' title='bbox 876 4473 994 4531; x_wconf 86' lang='lat' dir='ltr'><strong>condam</strong></span> <span class='ocrx_word' id='word_1_405' title='bbox 1019 4474 1157 4543; x_wconf 83' lang='lat' dir='ltr'><strong>Andreae,</strong></span> <span class='ocrx_word' id='word_1_406' title='bbox 1183 4491 1249 4532; x_wconf 86' lang='lat' dir='ltr'><strong>suos</strong></span> <span class='ocrx_word' id='word_1_407' title='bbox 1272 4475 1413 4545; x_wconf 80' lang='lat' dir='ltr'><strong>legitimos</strong></span> 
     </span>
     <span class='ocr_line' id='line_1_44' title="bbox 172 4559 1412 4634; baseline -0.003 -14"><span class='ocrx_word' id='word_1_408' title='bbox 172 4565 294 4621; x_wconf 89' lang='lat' dir='ltr'><strong>sindicos</strong></span> <span class='ocrx_word' id='word_1_409' title='bbox 313 4570 342 4620; x_wconf 87' lang='lat' dir='ltr'><strong>et</strong></span> <span class='ocrx_word' id='word_1_410' title='bbox 358 4564 472 4619; x_wconf 87' lang='lat' dir='ltr'><strong>nuntios</strong></span> <span class='ocrx_word' id='word_1_411' title='bbox 491 4563 625 4634; x_wconf 84' lang='lat' dir='ltr'><strong>speciales</strong></span> <span class='ocrx_word' id='word_1_412' title='bbox 649 4577 743 4623; x_wconf 88' lang='lat' dir='ltr'><strong>coram</strong></span> <span class='ocrx_word' id='word_1_413' title='bbox 766 4561 874 4618; x_wconf 84' lang='lat' dir='ltr'><strong>Jacobo</strong></span> <span class='ocrx_word' id='word_1_414' title='bbox 893 4559 1051 4619; x_wconf 83' lang='lat' dir='ltr'><strong>(lontsreno</strong></span> <span class='ocrx_word' id='word_1_415' title='bbox 1075 4562 1146 4618; x_wconf 92' lang='lat' dir='ltr'><strong>duce</strong></span> <span class='ocrx_word' id='word_1_416' title='bbox 1170 4561 1352 4618; x_wconf 81' lang='lat' dir='ltr'><strong>venetiarum</strong></span> <span class='ocrx_word' id='word_1_417' title='bbox 1376 4561 1412 4616; x_wconf 91' lang='lat' dir='ltr'><strong>ad</strong></span> 
     </span>
     <span class='ocr_line' id='line_1_45' title="bbox 172 4649 1412 4725; baseline -0.003 -17"><span class='ocrx_word' id='word_1_418' title='bbox 172 4651 323 4725; x_wconf 89' lang='lat' dir='ltr'><strong>petendum</strong></span> <span class='ocrx_word' id='word_1_419' title='bbox 341 4651 470 4707; x_wconf 82' lang='lat' dir='ltr'><strong>comitem</strong></span> <span class='ocrx_word' id='word_1_420' title='bbox 490 4650 696 4722; x_wconf 87' lang='lat' dir='ltr'><strong>perpetualiter.</strong></span> <span class='ocrx_word' id='word_1_421' title='bbox 714 4649 833 4720; x_wconf 90' lang='lat' dir='ltr'><strong>Insuper</strong></span> <span class='ocrx_word' id='word_1_422' title='bbox 851 4649 978 4704; x_wconf 91' lang='lat' dir='ltr'><strong>tribuunt</strong></span> <span class='ocrx_word' id='word_1_423' title='bbox 995 4649 1099 4706; x_wconf 92' lang='lat' dir='ltr'><strong>nuntiis</strong></span> <span class='ocrx_word' id='word_1_424' title='bbox 1118 4651 1175 4705; x_wconf 90' lang='lat' dir='ltr'><strong>suis</strong></span> <span class='ocrx_word' id='word_1_425' title='bbox 1193 4650 1304 4722; x_wconf 86' lang='lat' dir='ltr'><strong>plenam</strong></span> <span class='ocrx_word' id='word_1_426' title='bbox 1315 4655 1412 4722; x_wconf 90' lang='lat' dir='ltr'><strong>poten-</strong></span> 
     </span>
     <span class='ocr_line' id='line_1_46' title="bbox 172 4735 1412 4807; baseline -0.003 -10"><span class='ocrx_word' id='word_1_427' title='bbox 172 4741 238 4796; x_wconf 88' lang='lat' dir='ltr'><strong>tiam</strong></span> <span class='ocrx_word' id='word_1_428' title='bbox 257 4740 350 4797; x_wconf 89' lang='lat' dir='ltr'><strong>omnia</strong></span> <span class='ocrx_word' id='word_1_429' title='bbox 368 4739 523 4794; x_wconf 87' lang='lat' dir='ltr'><strong>necessaria</strong></span> <span class='ocrx_word' id='word_1_430' title='bbox 541 4735 660 4792; x_wconf 83' lang='lat' dir='ltr'><strong>faciendi</strong></span> <span class='ocrx_word' id='word_1_431' title='bbox 678 4738 706 4791; x_wconf 89' lang='lat' dir='ltr'><strong>in</strong></span> <span class='ocrx_word' id='word_1_432' title='bbox 724 4735 817 4792; x_wconf 89' lang='lat' dir='ltr'><strong>causis</strong></span> <span class='ocrx_word' id='word_1_433' title='bbox 844 4741 872 4791; x_wconf 90' lang='lat' dir='ltr'><strong>et</strong></span> <span class='ocrx_word' id='word_1_434' title='bbox 896 4736 991 4791; x_wconf 90' lang='lat' dir='ltr'><strong>litibus</strong></span> <span class='ocrx_word' id='word_1_435' title='bbox 1015 4753 1085 4807; x_wconf 88' lang='lat' dir='ltr'><strong>quas</strong></span> <span class='ocrx_word' id='word_1_436' title='bbox 1108 4737 1241 4794; x_wconf 89' lang='lat' dir='ltr'><strong>haberent</strong></span> <span class='ocrx_word' id='word_1_437' title='bbox 1267 4738 1412 4796; x_wconf 84' lang='lat' dir='ltr'><strong>occasione</strong></span> 
     </span>
    </p>
   </div>
   <div class='ocr_carea' id='block_1_10' title="bbox 1274 4865 1308 4918">
    <p class='ocr_par' dir='ltr' id='par_1_11' title="bbox 1274 4865 1308 4918">
     <span class='ocr_line' id='line_1_47' title="bbox 1274 4865 1308 4918; baseline 0.059 -2"><span class='ocrx_word' id='word_1_438' title='bbox 1274 4865 1308 4918; x_wconf 76' lang='lat' dir='ltr'><strong>ab</strong></span> 
     </span>
    </p>
   </div>
   <div class='ocr_carea' id='block_1_11' title="bbox 0 0 1746 5356">
    <p class='ocr_par' dir='ltr' id='par_1_12' title="bbox 0 0 1746 5356">
     <span class='ocr_line' id='line_1_48' title="bbox 0 0 1746 5356; baseline 0 0"><span class='ocrx_word' id='word_1_439' title='bbox 0 0 1746 5356; x_wconf 95' lang='lat' dir='ltr'><strong> </strong></span> 
     </span>
    </p>
   </div>
  </div>
 </body>
</html>
