3544 5344
415 252 458 318 26
912 277 933 320 1.
957 265 1154 336 autumavit,

414 441 498 509 Oche,
523 441 613 509 Rodii,
631 441 715 496 frater
733 440 793 513 ejus
817 440 937 508 Sionem,
962 439 1081 508 Drasda,
1105 441 1225 509 Wasete‚
1247 442 1375 510 Wolche;
1399 445 1446 514 qui
1463 445 1532 500 nulli
1550 447 1651 501 servire

414 535 543 586 tenentur
560 531 613 585 nisi
630 529 768 596 iratribus,
788 535 815 586 et
832 529 969 584 immunes
987 529 1042 583 sint
1060 530 1182 584 omnium
1206 531 1380 586 exactionum
1400 537 1427 588 et
1448 531 1649 602 collectionum,

420 636 492 688 quae
516 635 566 690 per
584 618 743 673 slavoniam
763 617 907 684 habentur,
925 618 982 672 sive
1009 635 1060 689 pro
1079 618 1242 674 necessitate
1259 619 1375 674 ducatus
1392 619 1573 690 imponentur.
1593 621 1651 677 Dat

414 723 526 777 quoque
553 707 645 760 villam
673 705 816 771 creseere,
844 721 928 774 quam
946 716 1024 776 pater
1052 706 1091 760 eis
1115 705 1277 774 contulerat,
1302 712 1329 761 et
1351 706 1440 760 villam
1463 706 1497 762 de
1524 708 1647 776 lhesina,

415 794 494 850 cuius
512 799 615 850 metae:
633 793 735 848 flumen
754 793 930 863 Cremekysa,
949 792 1024 847 vadit
1041 809 1130 864 usqne
1147 793 1183 848 ad
1202 793 1318 864 (lupam,
1337 793 1433 850 exalia
1450 801 1527 866 parte
1544 812 1648 866 magna

414 883 459 937 ria
475 883 556 952 regis,
570 897 641 952 quae
652 880 728 936 vadit
745 879 923 950 Zagrabiam3
941 896 976 934 ex
994 885 1071 951 parte
1088 881 1211 936 Boniche
1228 897 1317 951 usque
1335 881 1369 936 ad
1388 880 1499 952 (lupam,
1517 883 1647 952 superius

415 985 502 1036 mons,
515 968 580 1024 inde
592 968 627 1022 ad
640 969 732 1023 locum
744 967 847 1023 Selath
867 966 1013 1022 Civitatem
1030 983 1096 1022 vero
1114 967 1194 1034 Scan,
1212 985 1296 1038 quam
1314 969 1366 1022 illis
1381 985 1429 1022 rex
1440 967 1505 1022 Bela
1522 970 1645 1036 contulit,

414 1075 479 1112 cum
501 1056 672 1128 pertinentiis
696 1062 723 1110 et
741 1055 856 1111 ecclesia
879 1071 900 1108 s.
920 1054 1032 1124 Georgii
1055 1055 1084 1108 in
1108 1054 1231 1110 eiusdem
1255 1056 1372 1110 civitatis
1394 1053 1535 1122 territorio,
1562 1073 1647 1126 quam

415 1145 513 1200 Petrus
538 1143 761 1215 archiepiscopus
786 1141 915 1198 Saloniae
937 1141 1021 1208 dedit,
1046 1141 1196 1198 oonfinnat.
1223 1142 1327 1198 Villam
1353 1159 1463 1213 quoque
1488 1141 1649 1213 Glogoniee,

415 1249 500 1303 quam
520 1231 666 1286 Prodamus
683 1229 868 1300 aagrabiensis
887 1229 1035 1300 episcopus
1054 1245 1105 1283 sna
1127 1231 1244 1300 mannia
1268 1231 1341 1298 emit,
1365 1235 1393 1285 et
1415 1245 1463 1284 rer
1485 1229 1564 1284 Bella
1587 1247 1651 1286 con·

414 1321 505 1387 cessit,
524 1320 606 1374 ctiam
618 1335 667 1374 rex
678 1316 812 1384 concedit,
825 1317 906 1388 quus
917 1322 992 1372 meta
1003 1317 1098 1387 incipit
1110 1316 1145 1371 de
1162 1318 1250 1372 rivulo
1265 1319 1365 1382 Zelina,
1375 1317 1423 1387 qui
1432 1317 1491 1371 fluit
1508 1318 1537 1372 in
1549 1335 1653 1389 aquam

415 1409 576 1478 Glogoniaa,
589 1413 617 1462 et
627 1406 705 1462 ducit
716 1405 751 1460 ad
765 1411 867 1460 metam
879 1403 969 1459 Outhe
988 1411 1015 1459 et
1027 1421 1076 1474 per
1089 1405 1185 1458 silvam
1197 1405 1233 1460 ad
1251 1411 1353 1460 metam
1370 1404 1512 1460 cuiusdam
1531 1407 1654 1476 proceris
1765 1475 1768 1483 ἢ

414 1496 541 1552 Vinislav
553 1501 580 1550 et
592 1495 627 1550 ad
646 1495 726 1558 viam,
744 1509 817 1562 quae
835 1492 911 1548 ducit
923 1491 958 1546 ad
970 1493 1062 1546 locum
1081 1491 1260 1559 Orieieneem;
1279 1492 1343 1546 inde
1357 1491 1432 1546 vadit
1444 1491 1478 1546 ad
1496 1492 1592 1564 Zopoc
1604 1511 1655 1565 per

416 1584 499 1638 silvas
518 1589 545 1637 ct
557 1582 618 1636 fluit
635 1599 716 1652 aqua,
735 1597 808 1649 quae
821 1580 896 1634 vadit
907 1580 935 1633 in
948 1579 1029 1633 aliam
1042 1595 1143 1649 aquam
1156 1579 1299 1634 Vertilena
1311 1586 1338 1634 et
1349 1580 1484 1634 hauniens
1496 1587 1605 1636 montes
1619 1581 1655 1636 ad
1761 1595 1770 1622 ι·

415 1672 487 1726 viam
498 1669 637 1736 Rostinaz,
646 1668 711 1723 inde
720 1668 756 1722 ad
766 1667 899 1721 minorem
908 1667 1145 1737 Vertilanausque
1155 1665 1276 1734 adriam,
1285 1683 1356 1736 quae
1366 1665 1440 1720 ducit
1447 1665 1656 1738 adKemyheth‚

415 1765 444 1813 et
461 1773 511 1828 per
528 1761 636 1811 montes
654 1760 683 1810 et
699 1754 785 1809 valles
803 1754 859 1808 itur
876 1751 911 1807 ad
924 1759 1024 1808 terram
1035 1753 1138 1823 Vsysa,
1151 1753 1186 1808 ad
1199 1771 1301 1823 aquam
1313 1753 1405 1820 Zelna,
1418 1758 1445 1808 et
1456 1758 1542 1808 terras
1554 1754 1655 1824 Baths,

416 1843 512 1900 Bocko
531 1849 559 1898 et
577 1842 694 1897 Cramca
711 1858 781 1912 quas
798 1857 847 1895 rex
865 1841 1030 1896 Homericus
1048 1839 1162 1896 dederat
1173 1841 1310 1896 fratribus.
1328 1840 1452 1908 Quarum
1462 1847 1553 1896 metae
1564 1843 1656 1912 prima

416 1948 504 2003 prope
521 1929 705 1986 Dumbovach
724 1928 879 1998 (Dubovac)
896 1927 961 1983 inde
978 1929 1005 1982 in
1031 1928 1146 1984 Glonice
1167 1946 1269 2000 aquam
1287 1928 1321 1984 ad
1340 1934 1440 1984 terram
1457 1927 1583 1998 Logdon,
1602 1948 1655 2001 per

416 2025 537 2074 montem
555 2016 697 2073 descendit
715 2017 742 2071 in
761 2016 915 2072 Graaenam
933 2031 1048 2086 aqnam;
1068 2016 1187 2072 alatere
1204 2017 1305 2072 montis
1324 2015 1360 2070 ad
1378 2015 1479 2086 pothoc
1492 2015 1657 2073 Liscoviche

416 2112 444 2162 et
461 2105 603 2160 descendit
629 2103 664 2159 ad
692 2103 847 2175 Gopronice
873 2109 900 2158 et
927 2119 976 2174 per
1002 2109 1110 2158 montes
1136 2111 1164 2159 et
1181 2105 1271 2158 varias
1295 2109 1381 2158 metas
1400 2101 1435 2156 ad
1452 2107 1561 2170 terram,
1581 2121 1656 2175 quae

415 2192 512 2248 dividit
529 2199 615 2247 terras
633 2191 728 2262 templi
747 2198 774 2246 et
792 2191 937 2262 sepulchri,
957 2208 1006 2262 per
1023 2191 1096 2246 viam
1113 2191 1149 2246 ad
1168 2191 1284 2258 foveam,
1298 2207 1369 2260 quae
1381 2190 1519 2245 slavonice
1536 2191 1656 2247 Kalioha

415 2283 598 2350 nuncupatur.
623 2278 726 2334 Villam
749 2295 860 2348 quoque
883 2278 968 2333 Eedel
991 2278 1115 2351 (Zdelja),
1139 2295 1224 2348 quam
1247 2277 1336 2332 banus
1359 2277 1483 2332 Borieich
1506 2277 1541 2332 de
1559 2277 1655 2334 Bonna

416 2385 467 2440 pro
485 2365 606 2422 remedio
624 2366 732 2420 animae
751 2382 817 2421 suae
836 2363 930 2420 domui
948 2365 1064 2420 miliciae
1082 2366 1177 2437 templi
1199 2383 1214 2420 e
1232 2365 1410 2420 concessione
1429 2363 1563 2434 Stephani
1579 2369 1655 2436 regis

416 2460 444 2510 et
460 2453 611 2508 munimine
629 2453 713 2508 Belae
729 2453 802 2522 regis
820 2453 942 2508 contulit
961 2455 1074 2508 Terram
1092 2453 1175 2508 etiam
1192 2469 1277 2523 quam
1290 2450 1414 2522 ejusdem
1425 2452 1525 2506 Boricii
1536 2460 1656 2524 nepotes

416 2541 511 2597 domui
528 2539 668 2598 dederant.
687 2541 800 2594 Terram
823 2541 905 2595 etiam
930 2557 951 2594 s.
976 2540 1088 2595 Martini
1106 2557 1123 2594 a
1146 2547 1237 2595 castro
1254 2539 1432 2608 aagrabiense
1450 2545 1606 2610 exemptam
1625 2542 1656 2596 in

416 2645 515 2701 puram
541 2627 618 2683 dedit
644 2629 837 2699 elemosynam.
865 2629 1034 2699 Templariis,
1058 2629 1122 2684 lieet
1140 2627 1257 2684 eandem
1280 2633 1381 2682 terram
1405 2625 1527 2682 Orakoni
1549 2627 1655 2699 velpe,

416 2733 480 2772 cum
503 2715 594 2770 adhuc
626 2714 714 2772 fidelis
736 2715 872 2783 existeret,
902 2716 1041 2784 donasset,
1068 2729 1148 2772 versa
1172 2721 1266 2770 antem
1283 2713 1339 2770 fide
1356 2719 1384 2768 et
1401 2717 1485 2784 caput
1508 2717 1537 2768 et
1560 2717 1657 2771 omnia

417 2803 529 2874 propria
559 2802 656 2857 infami
684 2801 781 2857 fraude
811 2801 937 2872 perdidit
973 2803 1070 2875 Hujus
1097 2809 1185 2858 terrae
1221 2801 1310 2872 prima
1341 2805 1415 2854 meta
1441 2805 1496 2854 eet:
1526 2799 1657 2857 Prelistia

416 2907 466 2961 per
492 2890 580 2945 rivum
607 2891 744 2946 Oriconox
771 2889 964 2946 descendendo
991 2889 1027 2946 ad
1053 2890 1161 2956 Licoos‚
1195 2887 1295 2944 deiude
1321 2886 1357 2941 ad
1385 2885 1498 2954 Ouchia,
1525 2886 1588 2942 hinc
1616 2889 1656 2944 ad

417 2977 549 3032 Schemct
572 2993 708 3047 magnam,
731 2993 821 3047 nsque
844 2975 911 3032 dum
928 2977 1003 3032 eadit
1025 2978 1054 3032 in
1077 2977 1179 3043 Polica,
1197 2975 1233 3030 de
1250 2974 1345 3030 Poliea
1362 2974 1390 3028 in
1407 2989 1537 3044 magnam
1556 2974 1657 3031 Scher-

415 3070 464 3119 net
487 3069 514 3120 et
542 3064 607 3118 inde
629 3065 657 3118 in
682 3064 784 3132 Zellna,
808 3065 856 3120 ubi
880 3071 923 3120 est
945 3071 1018 3120 terra
1041 3063 1215 3136 episcopalis,
1239 3061 1304 3117 inde
1326 3061 1362 3116 ad
1387 3077 1499 3132 parvam
1524 3059 1655 3132 Ohsrnet,

417 3151 452 3207 ad
476 3151 687 3222 Terbensapole‚
711 3151 776 3207 inde
800 3151 836 3206 ad
863 3151 986 3219 (ihorem
1013 3151 1078 3207 dein
1101 3149 1137 3205 ad
1155 3151 1325 3222 Lupoglave‚
1343 3148 1379 3204 ad
1397 3149 1498 3204 siccam
1515 3149 1655 3220 Loignam

417 3239 495 3292 iuxta
518 3244 619 3292 terram
642 3238 777 3306 Petconis,
802 3238 836 3294 de
855 3240 928 3294 sicca
945 3239 974 3293 in
998 3255 1128 3308 magnam
1151 3238 1295 3307 Loignam,
1320 3241 1348 3292 et
1371 3237 1448 3292 iuxta
1471 3241 1571 3290 terram
1589 3237 1656 3293 Phi·

416 3325 485 3395 lippi
503 3341 592 3394 usque
616 3323 651 3379 ad
675 3341 804 3394 magnam
827 3326 907 3392 viam,
934 3341 1005 3396 quae
1028 3323 1103 3378 ducit
1127 3323 1305 3394 Zagrabiam;
1329 3321 1428 3378 deinde
1451 3323 1528 3377 iuxta
1551 3328 1656 3379 terram

418 3411 566 3466 Hertconis
593 3409 629 3465 ad
654 3411 761 3466 Babina
779 3429 859 3482 gora;
886 3411 951 3468 inde
977 3411 1026 3466 ubi
1049 3411 1178 3480 Begorod
1202 3410 1275 3466 cadit
1298 3411 1326 3464 in
1350 3409 1487 3476 Zelinam;
1514 3409 1578 3465 inde
1602 3428 1655 3480 per

417 3497 539 3553 medium
557 3497 693 3569 Olennyze
710 3499 786 3554 vadit
803 3498 839 3554 ad
862 3499 997 3566 Dumbro,
1020 3497 1120 3553 deinde
1144 3497 1180 3552 ad
1198 3497 1380 3552 Chermchina
1404 3503 1431 3552 et
1448 3495 1522 3551 cadit
1539 3497 1567 3551 in
1585 3496 1656 3554 Glo-

417 3585 476 3640 viee
503 3589 531 3639 et
547 3585 575 3638 in
600 3583 749 3652 Characem
774 3603 823 3656 per
846 3585 941 3640 silvam
967 3585 1139 3656 protenditur
1161 3585 1190 3638 in
1210 3583 1334 3639 cassina.
1357 3584 1411 3638 His
1435 3584 1514 3638 metis
1538 3583 1654 3639 circum-

418 3672 527 3743 scriptis
544 3671 621 3726 iubet
637 3671 699 3726 illos
717 3688 765 3726 rex
783 3672 811 3726 in
830 3673 1034 3743 possessionem
1057 3671 1148 3727 induci
1168 3688 1217 3742 per
1234 3671 1362 3726 comitem
1383 3671 1569 3739 Vanleginum
1587 3689 1654 3727 con·

321 3823 325 3832 ,
418 3759 605 3814 turbenarium
627 3759 766 3813 Baneonis
789 3758 861 3813 bani.
886 3760 1031 3814 Praeterea
1054 3758 1090 3812 ad
1114 3759 1275 3830 petitionem
1297 3757 1388 3812 fratris
1414 3757 1535 3813 Cononis
1562 3757 1654 3816 dictae

417 3846 513 3902 domui
538 3847 633 3917 templi
660 3845 708 3900 dat
734 3846 874 3900 servitium
900 3845 1019 3900 duorum
1041 3845 1185 3900 hominum
1207 3844 1356 3899 liberorum
1380 3844 1414 3900 de
1440 3845 1523 3912 Gora,
1545 3863 1616 3916 quos
1636 3865 1654 3902 a

418 3933 557 3989 communi
569 3933 679 3988 servitio
693 3949 743 3987 sex
755 3933 963 4002 generationum
975 3932 1083 4002 excipit,
1096 3931 1222 3987 videlieet
1233 3932 1387 3987 Velialaum
1404 3938 1433 3988 et
1445 3931 1652 4002 Ohudislavum‚

419 4025 449 4076 ut
467 4021 606 4076 servitium
625 4037 675 4090 pro
693 4035 757 4090 rege
775 4020 818 4074 vel
836 4019 908 4073 bano
926 4025 1079 4073 teneantur.
1099 4018 1246 4074 Caeterum
1261 4019 1332 4073 sicut
1351 4035 1400 4074 rex
1421 4019 1488 4074 Bela
1499 4019 1653 4091 templariis

418 4125 468 4178 per
485 4113 574 4162 totum
591 4123 706 4176 regnum
724 4105 800 4160 dedit
824 4107 990 4176 singularem
1008 4106 1169 4172 libertatem,
1194 4111 1225 4160 ut
1242 4123 1259 4160 a
1277 4106 1359 4160 nullis
1377 4107 1542 4162 invadantur
1558 4107 1652 4179 hospi·
1762 4167 1770 4189 ί

418 4194 500 4260 tibus,
519 4211 569 4249 nec
587 4193 683 4260 banus,
702 4210 753 4248 nec
770 4193 870 4264 aliquis
888 4192 958 4248 alius
975 4194 1004 4247 in
1022 4193 1075 4248 illis
1094 4199 1253 4264 praesumat
1269 4193 1410 4263 hospitari,
1428 4195 1467 4248 ita
1485 4199 1512 4248 et
1529 4193 1575 4250 ifle
1586 4211 1652 4251 con-

418 4283 516 4336 firmat.
535 4282 599 4336 Hoc
617 4280 789 4352 privilegium
806 4280 957 4336 communit
974 4297 1022 4334 rex
1040 4297 1123 4334 aurea
1141 4279 1225 4334 bulla.
1242 4280 1348 4334 Datum
1365 4297 1415 4350 per
1426 4281 1560 4336 Thomam
1573 4299 1652 4352 prae-

419 4369 540 4440 positum
558 4368 699 4422 albensem
716 4373 744 4422 et
761 4367 842 4422 aulae
859 4366 1065 4434 cancellarium
1078 4367 1238 4438 subscriptis
1248 4368 1317 4421 inter
1329 4373 1451 4423 caeteros
1462 4367 1568 4424 Calano
1580 4371 1652 4440 epis·

418 4473 490 4527 copo
502 4455 789 4526 quinqueeoclesiensi‚
802 4452 945 4510 Gothardo
963 4453 1140 4524 aagrabiensi,
1158 4454 1238 4508 Banlr
1250 4453 1332 4520 bano,
1345 4453 1449 4510 Ochiua
1467 4456 1650 4526 suproniensi.

473 4540 595 4597 Ttaldic':
614 4541 798 4597 Monameata
815 4556 876 4610 epp.
894 4540 1006 4611 111111.
1023 4540 1049 4610 1,
1067 4545 1109 4596 20.
