3544 5344
703 470 848 514 suamne.
1361 451 1402 515 79

151 635 256 692 audivit
289 635 412 693 Obteuta
435 635 546 692 licentia
563 635 631 691 dum
649 635 721 691 inter
739 653 769 691 se
787 637 925 692 discutere
943 637 1090 693 malefacta
1113 639 1259 711 cepissent,
1285 639 1401 695 Bartho-

150 725 277 780 lomaeus
295 725 446 795 episcopus
464 723 677 794 vesprimensis,
703 724 799 780 Cnhuz
823 725 935 790 banum,
959 725 1006 794 qui
1024 742 1098 780 unus
1122 733 1233 782 crater
1252 727 1299 794 eis,
1318 730 1402 783 traxit

151 813 179 866 in
198 829 313 866 causam
330 829 424 866 coram
449 813 497 878 eis,
523 812 588 882 quia
607 811 759 882 quamdam
783 817 885 867 terram
910 813 1041 868 ecclesiae
1063 815 1267 886 vesprimiensis
1292 816 1403 870 nomine

152 897 300 954 Wesmech
318 915 336 952 a
354 899 444 970 prima
467 898 623 954 fundatrice
648 899 780 954 ecclesiae
805 915 872 954 suae
891 899 986 969 regina
1005 899 1093 971 Gysla
1110 900 1251 970 donatam,
1270 919 1342 972 quae
1361 908 1403 957 est

153 985 224 1040 inter
242 985 366 1040 Dravam
385 991 413 1040 et
431 985 541 1040 Murem
559 986 628 1040 citra
646 993 758 1057 portum
776 987 904 1050 Worosd‚
918 988 1019 1044 iniuste
1032 995 1197 1059 occupasset
1215 997 1243 1044 et
1260 989 1402 1046 detineret.

152 1072 248 1128 Ochua
266 1079 361 1128 autem
379 1073 469 1128 banus
487 1073 638 1144 respondit,
657 1073 732 1142 quod
753 1073 850 1129 eadem
868 1079 942 1129 terra
960 1081 1034 1130 essct
1052 1092 1103 1130 sua
1121 1076 1312 1132 haereditaria.
1332 1078 1404 1132 Evo-

152 1165 231 1216 catus
250 1161 340 1215 banus
359 1160 394 1216 ad
414 1161 610 1232 praestandam
629 1161 892 1232 comprobationem,
912 1163 947 1217 ud
966 1162 1099 1218 iudicium
1115 1181 1171 1220 non
1185 1165 1341 1235 comparuit
1353 1181 1403 1219 nec

152 1253 237 1304 esus
256 1248 395 1320 produxit,
421 1249 569 1320 episcopus
593 1254 688 1303 autem
712 1248 845 1320 produxit
867 1256 954 1305 testes
980 1267 1030 1321 pro
1058 1255 1135 1322 parte
1161 1267 1220 1318 sua,
1243 1252 1314 1307 inter
1332 1268 1404 1322 quos

152 1335 278 1391 meunt:
297 1335 452 1406 capitulum
470 1335 657 1405 rngrsbiense,
677 1335 771 1390 Burad
790 1337 880 1392 banus
900 1343 927 1392 et
945 1337 1064 1392 Michael
1084 1338 1168 1393 frater
1180 1339 1239 1394 eius
1253 1338 1402 1404 Wulcbuk,

154 1423 267 1477 Marcus
284 1421 320 1476 de
337 1439 439 1492 genere
458 1421 582 1490 Gordon,
601 1422 741 1494 Georgius
758 1424 832 1478 tilius
842 1425 949 1480 comitis
968 1425 1069 1491 Lucae,
1087 1424 1213 1480 Jacobus
1225 1425 1315 1495 major
1327 1441 1403 1479 exer-

154 1511 227 1564 citus
244 1509 408 1565 saladiensis
427 1516 477 1565 etc.
497 1510 570 1566 Cum
588 1519 682 1567 autem
699 1512 753 1582 ipsi
768 1509 877 1581 judices
896 1511 1035 1566 misissent
1053 1510 1218 1582 pristaldum
1234 1511 1404 1568 Oudornnoh

154 1597 190 1654 de
209 1597 301 1669 Opath
327 1605 355 1652 et
379 1597 451 1653 duos
475 1599 566 1653 socios
585 1614 652 1654 suos
676 1597 712 1652 ad
737 1597 969 1673 introductionem
994 1599 1117 1669 episcopi
1141 1599 1169 1652 iu
1189 1599 1403 1670 possessionem,

154 1685 211 1756 ipsi
229 1702 315 1740 manu
338 1685 470 1742 violentia
493 1701 543 1756 per
568 1685 664 1742 Ochua
688 1684 792 1740 barrum
817 1683 946 1756 prohibiti
971 1690 1043 1738 sunt.
1063 1685 1099 1740 Et
1117 1685 1156 1740 sic
1174 1684 1264 1740 banus
1282 1685 1310 1740 in
1328 1685 1405 1742 nullo

155 1774 267 1844 penitus
285 1773 451 1829 sententiam
464 1772 588 1842 iudicum
606 1773 763 1828 observavit
780 1778 877 1828 contra
894 1787 977 1826 suum
991 1772 1190 1843 jrrramentum.

214 1878 335 1934 Weorcl:
358 1877 425 1934 Cnd.
444 1879 514 1948 dipl.
533 1879 635 1948 Arpnd
661 1879 714 1948 XI,
737 1895 766 1947 p.
792 1881 853 1931 249.
872 1877 970 1946 Fejer:
990 1878 1018 1934 0.
1043 1879 1071 1936 d.
1089 1879 1146 1947 ΙΙΙ,
1163 1879 1216 1934 voi.
1236 1881 1274 1949 ΙΙ,
1291 1896 1320 1948 p.
1338 1883 1399 1934 315.

212 2015 420 2074 CCLXX1.A.
444 2021 522 2074 1232.
548 2017 707 2090 Stephanus
731 2019 762 2074 11
787 2019 935 2090 episcopus
959 2017 1146 2088 ragrabiensis
1174 2018 1237 2073 licet
1263 2019 1335 2074 inter
1361 2017 1406 2072 sil-

158 2111 263 2160 vestres
282 2113 310 2161 et
327 2106 476 2161 indomitas
501 2113 598 2176 gentes
621 2107 736 2178 positus,
761 2107 790 2160 in
815 2107 904 2177 primo
929 2107 1042 2161 introitu
1066 2123 1125 2172 suo,
1150 2105 1289 2176 quaedam
1314 2105 1405 2160 bonae

157 2193 218 2264 spei
237 2193 372 2264 principia
389 2193 523 2264 iucipiens
543 2193 681 2260 inchoare,
700 2193 798 2249 nolens
815 2195 913 2248 terrori
926 2192 1077 2264 supradicti
1091 2194 1188 2264 populi
1199 2191 1304 2260 cedere,
1320 2210 1406 2263 »quos

155 2281 222 2336 licet
238 2297 288 2352 per
305 2280 409 2335 multos
427 2280 536 2336 labores
556 2281 658 2336 Christi
676 2280 745 2336 fides
757 2281 813 2335 iam
826 2281 949 2352 suscepit
960 2279 1141 2351 diligendos«,
1155 2281 1310 2336 construxit
1321 2281 1406 2335 ecole-

158 2368 230 2422 sism
257 2384 278 2422 s
298 2366 418 2439 Spiritus
445 2369 474 2423 in
492 2385 566 2423 nova
589 2367 719 2434 Chasma,
744 2368 772 2422 in
797 2368 862 2423 villu
880 2385 930 2438 per
948 2385 1012 2422 eum
1033 2375 1210 2438 conffeguta,
1238 2368 1286 2422 ubi
1304 2369 1407 2422 creavit

159 2461 188 2512 et
206 2454 338 2510 stabilivit
356 2455 578 2526 praeposituram
597 2463 624 2510 et
642 2456 794 2526 capitulum
813 2472 848 2510 ex
866 2454 1014 2510 duodecim
1031 2455 1179 2510 canonicis.
1198 2456 1254 2509 Pro
1273 2461 1409 2510 sustenta-

159 2543 235 2598 tione
253 2544 462 2614 praepositurae
480 2544 602 2598 annectit
621 2543 645 2598 ei
664 2541 920 2598 archidiaconatum
937 2541 973 2598 de
991 2541 1080 2598 Cesso
1099 2559 1162 2596 cnm
1175 2547 1274 2612 quarta
1286 2542 1408 2596 omniurn

160 2637 351 2702 proventuum,
377 2631 445 2685 item
468 2630 611 2701 praedium
636 2630 743 2702 Byenig
772 2647 835 2685 cum
865 2630 993 2685 omnibus
1018 2630 1076 2684 suis
1100 2629 1262 2696 redditibus,
1287 2629 1409 2699 capitulo

160 2723 255 2774 autem
272 2717 379 2774 confert
396 2724 498 2772 terram
516 2717 551 2773 de
569 2718 654 2772 veteri
674 2717 797 2772 Chasma
814 2735 878 2772 curn
896 2717 1025 2772 omuibus
1047 2716 1208 2782 redditibus,
1233 2717 1409 2788 pertinenciis

160 2811 188 2860 et
205 2805 371 2860 marturinis.
390 2804 486 2874 Hujus
505 2810 596 2860 metae
614 2810 692 2860 suut:
711 2821 728 2859 a
746 2811 831 2875 ponte
849 2820 934 2875 super
957 2803 1070 2859 fluvium
1092 2803 1244 2859 Morovcba
1268 2820 1317 2875 per
1337 2803 1410 2857 uam

161 2891 197 2948 ad
216 2909 238 2946 s.
257 2891 390 2958 Elisabet,
409 2891 474 2946 inde
492 2909 542 2962 per
560 2891 679 2948 eundem
698 2891 813 2946 fluvium
831 2897 859 2945 et
876 2891 995 2945 rivulum
1015 2891 1121 2946 Pothoc
1139 2891 1212 2945 inter
1224 2890 1324 2945 dumos
1338 2890 1410 2944 avel-

161 2981 290 3035 lanorum
306 2995 403 3034 versus
422 2979 592 3035 occidentem
613 2977 648 3034 ad
666 2978 780 3034 fluvium
798 2978 922 3041 Ravenn,
935 2977 1000 3032 inde
1013 2993 1109 3032 versus
1121 2977 1266 3032 ecclesiam
1278 2995 1299 3030 s.
1313 2977 1411 3031 Crucis

161 3067 276 3122 iuferius
294 3065 329 3121 ad
349 3066 463 3134 Potboc,
488 3067 536 3137 qui
561 3065 661 3121 dicitur
685 3065 776 3120 Botba
800 3065 929 3136 potocha,
948 3063 1049 3119 deinde
1073 3081 1122 3134 per
1145 3063 1243 3118 fluvios
1265 3063 1365 3119 Scelna
1383 3069 1411 3118 et

162 3155 315 3210 Morovcba
341 3153 442 3210 iterum
468 3153 503 3208 ad
522 3159 637 3224 pontem
657 3153 717 3224 jam
742 3152 853 3207 dictum.
878 3153 1026 3206 Praeterea
1050 3150 1136 3205 donat
1159 3157 1260 3204 terram
1284 3149 1411 3204 Radicha

162 3242 198 3298 ds
216 3259 238 3296 s.
258 3241 378 3296 Martiuo
397 3259 447 3312 pro
466 3241 628 3297 concambio
646 3247 736 3296 terrae
753 3239 789 3295 de
804 3240 909 3304 Kasna,
922 3239 1002 3308 nujus
1015 3244 1105 3292 metae
1118 3237 1224 3292 vadunt
1236 3255 1285 3308 per
1297 3245 1411 3308 pontem

163 3347 249 3402 super
272 3329 473 3384 Dobnichizum
500 3345 550 3399 per
573 3345 704 3399 magnam
728 3328 810 3393 viam,
835 3343 907 3397 quae
924 3325 1001 3381 ducit
1025 3326 1053 3379 in
1076 3324 1169 3395 Garig,
1196 3341 1286 3395 usque
1310 3330 1410 3379 terram

162 3417 284 3484 Dureau,
302 3415 367 3472 inde
385 3431 482 3471 versus
500 3433 602 3470 novam
620 3415 771 3470 Chasmam
789 3420 817 3469 et
828 3429 926 3469 versus
938 3413 1153 3484 septentrionem
1166 3413 1240 3468 cadit
1256 3414 1284 3466 iu
1297 3411 1411 3466 dudum

164 3505 359 3575 Raquitnicam
387 3520 509 3575 parvam,
538 3503 573 3558 nd
600 3501 751 3572 quemdam
776 3501 899 3568 fluvium,
928 3501 975 3571 qui
1003 3499 1077 3554 cedit
1103 3500 1131 3554 in
1149 3499 1350 3555 Dobnichizum
1374 3497 1410 3552 ad

163 3591 267 3648 dictam
285 3597 400 3664 partem.
421 3590 535 3646 Confert
553 3589 636 3645 etiam
654 3589 842 3643 immunitates
860 3588 965 3660 populo
992 3587 1115 3658 capituli.
1142 3587 1256 3640 Liberat
1282 3603 1346 3640 eum
1374 3585 1410 3638 ab

164 3679 310 3735 auctione
329 3685 356 3734 et
373 3677 510 3733 descensu
535 3693 586 3732 suo
614 3682 642 3731 et
665 3676 802 3730 banorum
826 3683 854 3730 et
878 3675 1002 3730 omnium
1020 3673 1144 3728 aliorum.
1163 3673 1270 3727 'i'ribuit
1288 3673 1411 3743 capitulo

165 3783 262 3822 omues
281 3766 410 3832 decimas,
430 3765 523 3820 omnia
543 3763 651 3835 judicia
675 3763 837 3833 spiritualia,
861 3763 926 3817 item
951 3777 1047 3816 ornnes
1065 3760 1188 3816 decimas
1209 3759 1244 3814 de
1263 3759 1411 3813 Monoslnv

165 3854 248 3910 simul
266 3871 330 3908 curn
348 3853 461 3915 tributo,
480 3852 528 3922 qui
547 3852 665 3923 pohisna
682 3851 789 3917 dicitur,
809 3849 930 3904 decimas
942 3848 977 3904 de
990 3848 1145 3914 Sabnicha;
1157 3847 1221 3902 item
1235 3853 1290 3901 tres
1303 3847 1410 3900 nuens:

164 3941 288 4007 Jalsova,
307 3939 455 3995 Dobuinha
472 3945 501 3994 et
517 3939 631 3994 terciam
649 3955 733 4009 super
750 3937 835 3992 veteri
855 3935 990 4002 Chasma;
1008 3936 1075 3990 item
1093 3933 1242 4004 quamdam
1254 3934 1412 3988 clausuram

165 4029 285 4099 piscium
302 4028 331 4081 in
350 4026 479 4094 Chanma,
499 4044 570 4097 quac
589 4025 688 4097 Scelep
706 4025 820 4090 dicitur;
838 4025 904 4079 item
917 4021 1106 4078 molendinum
1117 4023 1146 4076 in
1158 4021 1320 4076 Grabrouca
1330 4020 1412 4090 juxta

166 4131 298 4186 magnam
315 4115 396 4182 viam,
416 4121 558 4186 praeterea
575 4113 713 4184 quaedam
731 4111 870 4182 mancipia
888 4128 944 4166 una
962 4128 1026 4166 curu
1044 4111 1103 4164 suis
1120 4108 1285 4164 haeredibus
1305 4114 1332 4162 et
1347 4124 1408 4162 suc·

166 4202 324 4258 sessoribus
348 4195 376 4256 et
399 4201 511 4271 quidem
539 4201 661 4270 Dragilo,
688 4199 786 4266 Malca,
815 4198 930 4264 Stauka,
957 4198 1089 4263 Precana,
1118 4195 1223 4261 Cakan,
1249 4193 1410 4260 Cacumera,

166 4291 275 4355 Dauno,
301 4289 443 4356 Qnoislav,
471 4289 637 4354 Brathovuu,
665 4287 794 4352 Stoislav,
822 4284 959 4354 Stoidrag,
986 4283 1093 4348 Banlro,
1116 4281 1257 4350 Dragoua,
1277 4281 1411 4346 Zoimera,

167 4377 304 4448 Cupivoy,
324 4376 453 4442 Pervecb,
478 4376 586 4442 Lubna,
611 4375 719 4442 Goden,
745 4373 886 4439 Godislav‚
905 4373 1016 4437 Pethco,
1036 4370 1197 4435 Gudislavu,
1217 4368 1331 4436 Pethua,
1355 4368 1412 4422 Do-

166 4465 268 4531 mineo,
287 4463 452 4528 Stauislava,
472 4463 580 4530 Consu,
598 4463 748 4529 Demenca,
768 4461 883 4526 Stanlro,
902 4459 1014 4526 Deslcv,
1032 4457 1174 4528 Dregbua,
1188 4455 1328 4522 Svetbina,
1342 4455 1412 4510 Dra-

167 4553 276 4623 gouica,
296 4550 424 4621 Snoyba:
443 4551 508 4605 item
527 4551 633 4606 confert
651 4551 815 4622 pulsatores,
835 4565 953 4619 quorum
964 4547 1095 4602 nominat
1114 4545 1205 4600 Rufus
1224 4550 1251 4600 et
1267 4543 1413 4598 filiuseius

167 4638 275 4709 Stojau,
295 4637 410 4692 Pelesch
429 4643 456 4691 et
475 4637 547 4691 tilius
566 4637 717 4708 Halaputa,
737 4636 874 4704 chhina,
892 4635 981 4690 Cerne
994 4641 1022 4690 et
1033 4633 1117 4690 frater
1129 4634 1189 4689 eius
1208 4632 1333 4696 Seiuare;
1346 4631 1412 4684 item
