3464 5382
658 407 805 456 nacasra.
1290 392 1350 456 149

163 569 372 628 ccccxcm.
390 573 470 626 1216.
490 575 529 627 13.
549 575 632 632 Maii.
651 576 749 632 Frater
766 574 793 630 J.
811 573 847 630 de
866 575 957 643 Meus,
976 575 1107 644 magister
1124 575 1237 632 militiae
1255 577 1352 648 templi

110 675 160 732 per
177 659 333 732 Ungariam
356 665 385 714 et
406 659 588 730 batavorum,
613 663 744 733 notificat,
763 661 839 734 quod
859 667 960 718 terram
978 679 1062 732 quam
1080 669 1194 719 sanctus
1212 663 1352 736 Georgius

5 789 7 808 .
109 747 332 816 (monasterium)
350 747 378 802 in
397 745 493 818 Gepka
510 749 603 817 habet,
621 751 808 807 emendaverit
826 751 865 820 (iu
882 751 989 818 metis):
1008 751 1100 806 Prima
1118 757 1192 806 meta
1210 757 1252 808 est
1269 751 1352 808 arbor

108 835 191 906 tagus
209 835 238 890 iu
257 835 359 906 Tepte;
376 833 442 890 inde
465 836 644 908 progrediens
667 838 716 894 ubi
739 837 870 894 dividitur
896 853 952 892 una
969 837 1014 892 ria
1032 837 1068 893 ad
1086 837 1225 908 Geticam,
1244 839 1298 894 alia
1315 838 1351 894 ad

107 922 215 978 curiam
234 921 359 978 eiusdem
377 924 500 978 monacis
527 925 602 994 (sic);
626 924 691 982 inde
717 924 755 980 ad
771 925 898 982 arborem
917 923 1067 996 plathanus
1085 925 1239 980 sclavonice
1258 925 1351 995 topol;

107 1009 175 1064 inde
192 1008 228 1064 ad
247 1013 377 1081 stagnum
395 1025 499 1081 squae3
516 1010 589 1080 inde,
614 1011 663 1068 ubi
684 1013 811 1083 Jungitur
835 1017 908 1068 terra
932 1011 967 1067 de
985 1010 1168 1084 (loricarum
1194 1017 1267 1066 terra
1293 1027 1351 1067 mo·

106 1097 194 1164 nacis,
213 1097 241 1151 in
259 1096 410 1170 capitibus3
429 1097 493 1154 inde
517 1115 567 1171 per
590 1099 663 1155 viam
687 1099 723 1154 ad
748 1100 894 1155 Misciuam
921 1099 1048 1170 Goripam
1066 1098 1102 1154 ad
1121 1097 1268 1171 putheum;
1286 1097 1351 1154 inde

107 1199 160 1256 per
176 1201 289 1241 cursum
314 1201 412 1256 aquae,
436 1185 517 1257 eujus
540 1185 655 1244 dimidia
678 1203 743 1259 pars
767 1187 928 1259 templariis,
946 1185 1060 1243 dimidia
1077 1187 1201 1242 monacis
1219 1185 1350 1259 pertinet3

105 1271 135 1326 in
155 1271 248 1328 media
265 1289 339 1343 aqua
357 1279 400 1330 est
416 1273 502 1346 lapis;
519 1273 585 1330 iude
602 1291 692 1346 usque
709 1274 745 1330 sd
763 1279 886 1330 montem
903 1273 940 1329 ad
953 1274 1070 1346 primam
1082 1279 1199 1342 metam
1216 1274 1245 1328 in
1257 1277 1351 1329 monte

5 1365 7 1404 l
106 1363 203 1416 autem
219 1358 323 1416 debent
341 1377 455 1432 pascere
478 1367 506 1416 et
529 1361 665 1418 seminare
688 1363 798 1418 monaci
821 1367 956 1432 tanquam
974 1361 1025 1417 soli
1044 1362 1162 1432 patroni.
1181 1363 1283 1417 Actum
1301 1377 1351 1433 par

106 1447 255 1504 consilium
273 1447 388 1504 cauum
405 1447 479 1504 illius
497 1450 629 1521 temporis
653 1455 871 1521 praeceptorum,
896 1454 924 1506 et
946 1447 1058 1520 quidem
1075 1448 1108 1504 fr.
1125 1448 1255 1506 Iohanne
1273 1464 1351 1520 prae·

106 1538 221 1605 ceptore
240 1533 385 1604 segniensi
404 1533 436 1590 fr.
454 1535 596 1594 Bernardo
614 1542 792 1608 praeceptore
810 1535 845 1592 de
863 1534 968 1607 Gaplrs,
987 1535 1019 1590 fr.
1038 1535 1121 1591 Petro
1138 1535 1225 1591 milite
1237 1535 1272 1591 de
1283 1535 1351 1590 Bor·

106 1636 183 1690 gons
201 1627 229 1678 et
246 1626 370 1694 tempore
388 1622 497 1678 abbatis
514 1623 651 1679 Johannis
669 1622 824 1680 Pristaldua
845 1629 889 1680 est
905 1623 960 1678 Vel
979 1622 1052 1678 filius
1070 1622 1207 1694 Dragosci
1226 1628 1254 1678 et
1271 1623 1348 1676 Dim·

106 1708 208 1764 noslan
235 1709 309 1765 iilius
334 1709 461 1782 Ohranpi.
476 1709 661 1783 Temporibus
679 1727 790 1784 quoque
808 1711 881 1783 regis
899 1710 983 1768 Belse
1007 1715 1035 1768 et
1051 1710 1197 1782 Liadislai)
1216 1709 1289 1766 bani.
1308 1709 1350 1766 Si·

106 1795 207 1864 gillum
225 1797 350 1868 magistri
367 1797 465 1870 templi
483 1797 614 1870 pendens.

164 1882 310 1954 Ors'ps'nole
327 1885 358 1941 ia
375 1901 436 1942 mea
454 1885 619 1944 collectione.

160 2021 367 2080 ccccxciv.
386 2025 530 2096 hepatis,
550 2028 589 2082 15.
607 2025 776 2081 1111111216.
794 2025 978 2098 Temporibus
996 2023 1136 2097 Treguani
1154 2025 1279 2098 episcopi
1293 2029 1348 2080 tra-

107 2111 257 2181 guriensis,
285 2111 431 2183 Stepconis
458 2113 566 2168 comih's
594 2117 622 2169 et
648 2112 782 2185 Stephani
808 2113 844 2169 de
870 2114 962 2170 Picica
989 2113 1134 2186 potestatis
1160 2113 1349 2184 traguriensis

106 2197 195 2254 Stans
212 2198 309 2254 relicta
334 2198 476 2270 quondam
502 2199 594 2272 Helye
620 2201 669 2256 filii
696 2199 855 2256 Grnbessae
881 2202 988 2258 comitis
1016 2201 1169 2269 confitetur,
1188 2217 1219 2256 se
1236 2199 1347 2256 dedisse

106 2285 239 2341 Michaeli
257 2286 314 2342 filio
337 2286 478 2359 Bratossy,
504 2286 630 2344 Choteno
654 2287 710 2344 filio
728 2286 883 2359 Voylrouis,
908 2287 1047 2346 Radossio
1065 2288 1122 2346 filio
1140 2287 1302 2358 Drsgovaui
1320 2292 1348 2342 et

105 2373 251 2430 Bratossio
268 2373 325 2430 filio
344 2373 441 2430 Orissa
457 2373 493 2430 de
512 2373 605 2430 Glissa
621 2374 657 2431 de
674 2375 816 2431 voluntate
834 2375 960 2447 Gregorii
979 2377 1023 2431 sui
1041 2375 1091 2430 filii
1109 2375 1145 2430 ad
1163 2373 1349 2447 reparandum

105 2459 163 2516 duo
181 2458 343 2516 molendina
360 2461 502 2532 quondam
529 2463 580 2516 viri
608 2463 660 2530 sui,
688 2463 779 2534 posite
805 2463 833 2518 in
861 2481 918 2520 una
935 2463 1019 2520 domo
1037 2463 1113 2536 apud
1136 2463 1276 2530 Salonam,
1296 2461 1349 2516 sub

5 2581 8 2596 .
106 2547 274 2619 specificans
292 2548 321 2603 ln
339 2547 506 2604 documento
524 2549 739 2606 condicionibus.
764 2549 875 2606 Testes:
894 2551 1053 2622 Stephanus
1073 2555 1205 2624 potestas,
1222 2548 1349 2606 Jacobus

105 2635 258 2690 Dabranae
285 2640 314 2692 et
340 2635 505 2693 Valentinus
532 2635 605 2692 fliius
632 2637 706 2693 Petri
731 2637 767 2694 de
792 2637 877 2694 Luca.
896 2637 1029 2694 NIcolaus
1051 2637 1158 2693 Alherti
1177 2637 1351 2692 examinator

106 2740 224 2779 manum
241 2723 333 2780 mittit.
353 2722 476 2780 (laucius
494 2725 665 2796 primicerius
683 2730 710 2780 et
727 2725 855 2781 notarius
871 2727 1030 2796 tragurinus
1049 2724 1150 2781 scribit

161 2810 307 2882 Oricinais
324 2811 356 2866 iss
372 2827 432 2867 mea
450 2811 615 2868 coikdioae.
636 2813 722 2869 (laria
741 2829 832 2884 parua
849 2814 881 2869 ia
897 2829 1072 2886 perpetuosa.

158 2948 349 3006 OGOOXGV.
376 2950 463 3020 Apud
488 2952 604 3023 Albam,
630 2953 763 3009 1111111
790 2956 867 3008 1245.
896 2953 963 3008 Bela
990 2951 1034 3008 1v
1060 2967 1110 3007 rex
1128 2949 1347 3022 adpetitionem

106 3037 200 3092 fratris
219 3035 338 3094 Arnoldi
355 3038 480 3110 magistri
506 3037 606 3102 domus
631 3055 653 3094 s.
678 3039 817 3111 sepulchri
841 3039 877 3095 de
895 3039 1059 3110 Glogoncha
1076 3037 1268 3108 (Glogovnica)
1285 3053 1350 3092 con·

107 3125 200 3182 firmat
217 3125 392 3196 privilegium
410 3123 538 3182 Andreae
561 3125 592 3180 11
615 3126 697 3197 regis,
721 3127 807 3199 patris
831 3127 883 3195 sui,
901 3125 936 3182 de
954 3143 979 3182 s.
999 3127 1076 3182 1223.
1095 3141 1179 3196 super
1195 3124 1346 3182 donatione

106 3219 196 3356 ml:
213 3213 328 3356 aaa
345 3300 424 3370 repas·
443 3299 535 3356 Oroat.
555 3303 626 3357 Acta
643 3316 696 3358 sce.
714 3281 781 3358 Issa
799 3301 833 3357 de
844 3301 994 3370 Zaprats'a.
1013 3301 1098 3357 Face.
1120 3299 1199 3357 VIII.
1218 3303 1253 3354 N.
1271 3303 1294 3354 1.

159 3437 366 3496 ccccxcvi.
393 3439 517 3512 spellati,
545 3444 569 3496 5.
587 3439 671 3496 Juas'a‘
701 3443 777 3497 1245.
805 3439 942 3511 Ugolinus
968 3439 1192 3512 archiepiscopus
1210 3444 1238 3495 et
1255 3455 1347 3496 comes

107 3526 273 3598 spalatensis
291 3528 384 3584 iurant
401 3545 486 3600 supra
504 3545 525 3582 s.
545 3527 696 3598 evangelis,
714 3527 750 3583 ed
768 3527 903 3584 honorem
920 3527 1006 3583 Belse
1023 3527 1104 3598 regis,
1123 3532 1217 3583 tenere
1234 3527 1263 3581 in
1275 3527 1348 3582 sutu-

106 3632 169 3670 rum
187 3631 281 3670 veram
299 3615 447 3672 amicitiam
464 3633 529 3672 cum
546 3615 707 3687 Tragurinis
726 3621 754 3672 et
771 3615 970 3671 fraternitatem
988 3621 1084 3671 contra
1097 3632 1193 3670 omnes
1206 3614 1332 3670 homines
1341 3631 1348 3680 ;

107 3709 135 3759 et
152 3707 235 3759 erunt
252 3703 333 3760 amici
351 3705 503 3760 amicorum
521 3707 549 3760 et
566 3703 668 3760 inimici
686 3703 859 3760 inimicorum
877 3720 981 3772 eorum,
1000 3707 1028 3760 et
1040 3703 1119 3758 firma
1130 3703 1232 3758 habere
1249 3702 1346 3757 volunt

107 3791 251 3863 priuilegia
269 3807 373 3847 eorum.
393 3793 510 3847 Factam
527 3791 556 3845 in
574 3791 731 3864 praesentia
752 3791 860 3847 comitis
879 3791 1010 3848 Butconis
1028 3795 1056 3846 et
1073 3789 1225 3848 Alexandri
1243 3789 1343 3846 celate-

5 3929 7 3932 .
107 3879 172 3934 ralis
189 3877 256 3935 dicti
275 3879 482 3951 archiepiscopi.

162 3967 278 4023 Mus:
296 3967 425 4022 Memoria
443 3965 474 4022 di
494 3966 581 4035 Trois,
598 3981 626 4036 p.
647 3970 688 4022 ⁶4.

160 4105 379 4162 ccccxovn.
397 4107 432 4162 A.
459 4109 537 4164 1215.
563 4109 587 4160 8.
614 4105 742 4176 Aspasti.
772 4105 840 4161 Bela
866 4104 909 4162 IV
936 4122 984 4161 rex
1011 4104 1117 4160 confert
1135 4104 1193 4158 iure
1212 4105 1347 4174 perpetuo

109 4195 192 4266 Moys
210 4193 268 4249 filio
292 4193 374 4265 Moys
398 4193 513 4264 palatini
536 4198 636 4250 terram
660 4192 772 4248 Zdench
799 4193 872 4248 ultra
896 4192 1011 4248 flurium
1034 4192 1135 4246 Draus
1159 4190 1188 4244 iu
1214 4189 1347 4244 comitatu

108 4282 260 4354 simigiensi
277 4282 355 4336 iuxta
373 4280 459 4352 Garig
476 4287 504 4338 et
522 4280 653 4338 Gordova
671 4281 842 4348 existentem,
862 4280 915 4335 sub
936 4279 1017 4334 metis
1035 4277 1188 4334 declaratis

161 4370 257 4438 I'cjtr:
277 4369 343 4425 Ocd.
362 4369 430 4438 dipl.
449 4371 543 4440 Hanc.
563 4370 592 4425 T.
615 4368 678 4425 VH.
696 4367 748 4425 ccl.
767 4373 794 4440 3,
808 4385 836 4438 p.
854 4371 899 4425 27.

160 4507 398 4568 occcxcvm.
416 4509 561 4581 hunduni,
579 4513 623 4564 18.
641 4508 761 4578 depasti
787 4511 864 4562 1215.
883 4506 1061 4562 Innocentius
1079 4503 1122 4561 1v
1141 4519 1215 4576 papa
1232 4500 1348 4556 mandat

109 4598 332 4670 archiepiscopis,
350 4596 496 4670 episeopis,
521 4595 679 4664 abbatibus,
703 4595 841 4668 prioribus
868 4600 919 4652 etc.
938 4611 987 4666 per
1004 4609 1120 4664 regnum
1138 4589 1302 4660 Hungariae
1319 4593 1348 4643 et

110 4687 232 4757 Ystriae,
251 4685 406 4754 Slavonias,
432 4684 560 4742 croatiae
584 4689 612 4742 et
637 4684 802 4754 Dalmatiae,
826 4699 862 4740 ue
886 4682 984 4740 fratres
1009 4682 1128 4738 minores
1152 4675 1271 4750 amphus
1288 4691 1347 4733 mo-
