3544 5344
333 335 375 403 70
831 359 854 403 1.
876 346 1077 416 summarie,

331 543 448 598 regnum
467 531 495 582 st
511 525 633 580 mammo
650 525 679 580 in
697 522 873 596 expeditione
892 524 1017 592 Rasciae,
1037 541 1101 596 rege
1119 525 1300 596 personaliter
1318 525 1420 582 ibidem
1433 527 1576 593 existente,

331 613 469 668 indefesse
487 612 693 684 perserrissent,
706 617 735 668 et
746 613 848 668 totiens
866 627 896 667 se
909 629 1015 682 suaque
1027 613 1123 668 mortis
1142 613 1317 684 exposuisset
1329 614 1460 684 periculo,
1476 619 1578 670 terram

332 699 451 768 Gholrol,
469 705 614 755 vacantem
631 699 728 754 incolis
746 705 774 754 st
791 715 809 754 a
826 704 917 754 castro
936 699 1043 756 albensi
1061 705 1225 772 exemptam.
1517 709 1520 716 '

385 787 509 843 stallis:
529 789 606 845 Mors.
625 787 707 858 episc.
725 803 799 856 sapa.
817 789 850 856 1,
865 803 894 856 p.
916 790 960 840 64.

385 875 575 930 GOXXXIX.
600 876 726 946 Spalati
750 878 828 928 1229.
855 874 974 929 btiohael
998 875 1114 929 farensis
1138 875 1294 946 episcopus,
1317 875 1482 946 lbeguauus
1506 879 1577 950 epis·

332 979 420 1034 copus
435 963 614 1033 traguriensis
627 969 655 1018 et
668 961 801 1018 Gataldus
814 961 917 1017 electus
930 961 1140 1017 archidiaconus
1153 963 1317 1034 spalatensis
1330 981 1394 1020 cum
1405 964 1473 1019 Vita
1486 965 1578 1037 primi·

332 1051 406 1106 serio
424 1057 533 1106 etcum
551 1055 611 1105 toto
629 1049 759 1121 capitulo,
777 1049 857 1106 electi
876 1065 925 1120 per
943 1047 1109 1104 Guncellum
1128 1050 1366 1122 archiepiscopum
1379 1051 1575 1122 spalatensem,

332 1138 368 1193 ad
399 1138 635 1194 consecrationem
661 1137 770 1193 Nicolai
793 1137 872 1192 electi
897 1135 1103 1207 scardonensis‚
1134 1139 1282 1194 consulunt
1311 1139 1336 1193 ei
1366 1146 1394 1194 et
1423 1145 1578 1211 suggerunt

332 1223 423 1281 modis
442 1224 578 1290 omnibus,
597 1225 689 1296 ipsum
708 1241 765 1295 qua
783 1225 946 1297 episcopum
963 1226 1082 1292 tertium,
1101 1225 1208 1296 absque
1228 1225 1314 1280 dubio
1333 1225 1482 1298 procedere
1495 1245 1578 1299 posse

333 1314 576 1368 consecrationem
604 1313 641 1368 Et
667 1312 721 1368 boc
747 1313 872 1369 fecerimt
898 1330 933 1368 ex
960 1329 1098 1368 consensu
1122 1313 1245 1367 omnium
1264 1313 1510 1384 suffraganeorum,
1529 1317 1579 1386 qui

332 1399 527 1456 consultationi
551 1400 685 1455 interesse
708 1417 764 1456 non
788 1405 943 1472 potuerant,
969 1407 1083 1472 propter
1106 1400 1205 1456 Slavos
1229 1405 1317 1457 totam
1343 1401 1514 1457 Dalmatiam
1531 1401 1578 1458 de-

334 1494 481 1544 struentes

367 1575 499 1630 Farlats':
524 1574 608 1646 illyr.
627 1573 706 1630 Saos.
728 1573 756 1628 T.
775 1573 833 1630 m.
849 1590 881 1644 p.
898 1577 961 1629 256.

385 1661 562 1718 GOXXXX.
581 1663 616 1718 A
634 1665 712 1718 1229.
730 1661 858 1717 Andreas
875 1661 907 1716 11
923 1678 973 1716 rex
991 1661 1140 1718 accedente
1158 1661 1193 1716 ad
1212 1679 1292 1718 suum
1310 1663 1415 1718 curiam
1433 1669 1462 1718 et
1473 1664 1501 1718 in
1514 1681 1579 1720 eon·

333 1755 460 1822 spectum
478 1767 593 1805 suorum
612 1750 696 1805 etiam
710 1749 893 1821 jobagionum
912 1748 1055 1820 Stephano
1074 1750 1206 1821 episcopo
1225 1751 1404 1820 zagrabiensi,
1424 1752 1472 1822 qui
1484 1769 1501 1806 a
1513 1767 1579 1822 rege

334 1837 491 1908 postulavit,
512 1843 542 1891 ut
560 1843 608 1891 ant
626 1836 779 1892 secundum
796 1836 923 1891 instituta
940 1837 1039 1892 veteris
1057 1839 1213 1893 testamenti
1232 1843 1319 1894 totam
1338 1856 1418 1894 suam
1430 1839 1579 1895 dioecesim

333 1926 421 1979 iustas
439 1923 561 1979 decimas
580 1925 703 1980 omnium
721 1924 840 1994 frugum,
859 1929 908 1979 aut
926 1923 1079 1979 secundum
1092 1925 1234 1996 antiquam
1246 1926 1472 1982 consuetudinem
1484 1927 1579 1998 Uaga-

335 2013 392 2067 riae
411 2011 521 2082 sinfflrla
540 2011 664 2082 pondera
681 2029 733 2082 pro
751 2011 867 2082 singulis
885 2011 1004 2083 capeciis
1022 2013 1142 2083 persolvi
1160 2013 1270 2069 iaceret
1290 2013 1350 2068 Rex
1369 2021 1461 2069 autem
1474 2015 1578 2082 statuit,

333 2099 397 2154 licet
414 2099 468 2154 boc
486 2099 619 2170 episcopo
637 2114 720 2168 grave
738 2097 890 2166 videbatur,
909 2099 1005 2154 habito
1023 2099 1138 2155 consilio
1154 2099 1345 2171 jobagionum,
1364 2106 1396 2156 ut
1407 2102 1495 2156 iustas
1507 2101 1579 2158 deci·

334 2203 394 2240 mas
413 2186 537 2242 omnium
555 2186 666 2254 frugum
684 2186 712 2240 in
732 2185 831 2257 specie,
856 2193 906 2241 aut
929 2203 980 2256 pro
1005 2184 1114 2241 duabus
1138 2187 1257 2258 capeciis
1282 2205 1366 2242 unum
1390 2187 1500 2260 pondus
1519 2206 1580 2259 per·

334 2273 465 2329 solvatur.
484 2274 529 2328 Ita
545 2279 647 2341 tamem
667 2278 697 2328 ut
715 2274 874 2344 quicunque
892 2273 998 2330 solvere
1016 2274 1142 2340 noluerit,
1162 2275 1393 2330 excommunicari
1413 2276 1509 2346 possit.
1526 2277 1580 2332 Per

334 2360 441 2416 Bulchu
465 2361 635 2432 georiensem
654 2361 845 2432 praepositum
862 2367 890 2416 et
908 2361 988 2416 aulae
1006 2362 1213 2428 cancellarium
1232 2363 1415 2418 existentibus
1434 2363 1578 2434 Stephano

333 2448 506 2519 zagrabiensi
523 2449 664 2520 episcopo,
683 2449 779 2506 Ochus
797 2448 892 2503 curiali
910 2449 1011 2504 comite
1029 2448 1142 2518 reginae
1160 2454 1210 2504 etc.

389 2537 517 2592 Teates:
536 2537 611 2591 Most.
631 2537 712 2606 spise
730 2551 805 2606 supr.
824 2536 849 2606 1,
865 2552 894 2605 p.
915 2541 956 2589 63.

387 2623 582 2679 ccxxxxl.
600 2629 623 2678 6.
644 2623 800 2678 Decembris
818 2625 896 2676 1229.
923 2621 1084 2694 Capitulum
1102 2622 1273 2678 elrasmensis
1292 2623 1424 2678 ecclesiae
1442 2641 1580 2680 commen-

334 2713 384 2767 dat
401 2711 558 2778 memoriae,
583 2711 658 2782 quod
682 2727 775 2768 comes
798 2710 955 2766 Germanus
981 2727 998 2765 a
1021 2716 1100 2782 parte
1119 2727 1183 2776 uua,
1202 2711 1239 2765 ab
1260 2711 1346 2765 altera
1364 2717 1458 2767 autem
1476 2713 1580 2768 Paulus

335 2806 363 2854 et
395 2799 546 2868 Gregorius
577 2799 626 2853 filii
649 2799 693 2869 Ilij
724 2815 817 2853 coram
842 2799 998 2864 constituti,
1031 2797 1106 2852 idem
1136 2814 1229 2853 comes
1256 2798 1413 2853 Germanus
1440 2799 1581 2870 quandam

334 2892 435 2940 terram
453 2886 482 2940 in
500 2885 644 2941 Kamecha
662 2885 839 2956 (Kamarcha)
858 2903 946 2958 prope
964 2886 1109 2942 ecclesiam
1127 2885 1153 2940 b.
1173 2886 1296 2956 Virginis
1314 2887 1392 2941 iuxta
1411 2903 1513 2958 aquam
1524 2889 1581 2942 Ka·

335 2973 439 3040 manha,
458 2972 493 3027 ad
512 2973 604 3044 ipsum
623 2990 657 3028 ex
675 2978 754 3044 parte
772 2971 838 3028 dicti
856 2973 936 3028 Pauli
955 2991 1005 3044 pro
1024 2974 1058 3028 25
1070 2975 1170 3028 marcis
1182 2973 1263 3029 titulo
1276 2974 1399 3044 pignoris
1412 2973 1579 3043 devolutam,

335 3077 420 3131 quam
444 3061 549 3114 Paulus
573 3060 601 3114 iu
625 3060 743 3115 termino
770 3077 826 3114 non
854 3059 1016 3128 redemerat,
1041 3076 1135 3116 amore
1158 3061 1332 3130 cognationis
1354 3061 1464 3132 reliquit
1491 3063 1581 3118 eidem

334 3149 432 3215 Paulo,
450 3148 580 3203 relaxatis
598 3147 721 3218 quinque
739 3147 853 3214 marcis,
873 3164 923 3220 pro
942 3147 1061 3203 residuis
1088 3149 1123 3203 20
1141 3147 1240 3202 marcis
1258 3147 1342 3202 iidem
1359 3148 1458 3204 fratres
1477 3150 1581 3204 Paulus

335 3242 364 3293 et
381 3236 533 3307 Gregorius
552 3235 671 3290 confessi
690 3240 756 3290 sunt
773 3241 874 3290 terram
893 3234 928 3290 ad
947 3236 1069 3306 quinque
1088 3241 1179 3290 aratra
1197 3251 1259 3290 cum
1278 3236 1403 3291 sessione
1415 3235 1479 3307 llija
1495 3236 1580 3308 patris

338 3343 434 3380 eorsum
452 3325 479 3378 in
504 3328 600 3377 monte
623 3327 652 3377 et
675 3321 762 3376 fundo
788 3323 870 3378 unius
893 3321 1044 3376 molendini
1068 3322 1178 3394 pignori
1201 3322 1341 3393 obligasse
1359 3323 1507 3380 Dominioo
1525 3323 1582 3379 filio

336 3413 445 3469 comitis
464 3410 604 3466 Germani.

393 3498 516 3552 Wossslr
537 3497 602 3552 Ood.
621 3496 691 3566 dipl.
710 3497 811 3566 arpad.
834 3495 881 3566 VI,
896 3513 926 3566 p.
947 3500 1010 3551 4⁷9.

406 3583 612 3640 OGXXXXII.
640 3587 674 3638 A.
699 3588 778 3638 1229.
805 3583 975 3639 colomanus
999 3583 1128 3640 Haliciae
1152 3601 1201 3640 rex
1219 3583 1327 3640 sedux
1347 3583 1583 3641 Slavoniaeuoti·

336 3673 408 3739 ficet,
428 3671 503 3743 quod
527 3677 629 3726 terram
653 3670 794 3741 quandam
822 3678 966 3742 exceptam
990 3671 1026 3728 de
1051 3671 1116 3726 villa
1139 3671 1271 3738 Thomas,
1290 3671 1325 3726 ad
1344 3677 1465 3741 quatuor
1482 3680 1582 3740 aratra,

337 3777 422 3831 quam
440 3758 603 3815 Dominicus
621 3757 764 3829 quondam
781 3775 873 3814 comes
893 3759 966 3814 filius
984 3759 1089 3830 Rugas,
1108 3759 1173 3815 Don
1193 3765 1220 3814 et
1232 3757 1354 3814 Mathiae
1366 3760 1529 3828 contulerat,
1546 3760 1582 3814 ab

337 3848 377 3902 eis
396 3863 450 3900 nou
469 3845 615 3902 abstulerit
633 3862 727 3900 verum
746 3847 858 3916 cognita
876 3845 1007 3901 fidelitate
1026 3863 1130 3913 eornm,
1147 3847 1186 3901 eis
1199 3845 1397 3917 possidendam
1409 3853 1437 3902 st
1449 3847 1507 3902 suis
1519 3847 1583 3902 bae-

336 3932 448 3988 redibus
466 3933 590 4001 contulit,
610 3932 759 4003 assignatis
778 3933 858 3988 metis
877 3949 926 4005 per
944 3931 1109 4004 pristaldum
1127 3933 1222 3988 Polen.

394 4020 514 4076 Wsasel:
535 4021 599 4076 God.
618 4020 688 4090 dipl.
707 4019 808 4090 arpos&
833 4020 878 4088 Vl,
896 4035 923 4088 p.
944 4023 1008 4073 477.

390 4107 612 4163 GGXXXXIII.
634 4107 717 4163 OErca
737 4111 813 4164 1229.
832 4107 1002 4162 Oolomauus
1021 4106 1079 4162 dux
1099 4106 1227 4161 Oroatiae
1248 4113 1276 4161 et
1293 4107 1451 4163 Dalmatiae
1469 4108 1584 4162 mandat

338 4195 430 4252 comiti
449 4201 477 4250 et
494 4195 684 4250 communitati
703 4195 869 4266 spalatensis
887 4195 1014 4262 civitatis,
1034 4199 1065 4249 ut
1082 4211 1146 4249 cum
1164 4195 1294 4249 omuibus
1313 4194 1371 4248 suis
1383 4194 1510 4261 navibus,
1525 4202 1583 4250 tam

338 4283 431 4355 parvis
450 4299 534 4354 qnam
552 4281 668 4352 magnis,
693 4281 822 4337 decenter
846 4283 980 4353 apparati,
1004 4281 1072 4336 dum
1095 4281 1224 4336 nuntium
1242 4280 1278 4335 ad
1296 4297 1344 4336 eos
1365 4281 1470 4336 miserit
1487 4287 1584 4337 eontra

338 4369 509 4428 Domaldum
527 4371 669 4426 inimicum
687 4370 760 4441 regis
778 4371 806 4424 in
826 4369 960 4424 auxilium
973 4375 1119 4425 occurrant
1130 4377 1159 4425 et
1170 4369 1206 4425 de
1219 4369 1302 4426 rebus
1315 4367 1440 4424 eiusdem
1451 4366 1584 4424 Domaldi

339 4457 408 4512 nihil
426 4457 454 4511 in
473 4474 553 4512 suam
571 4456 726 4514 custodism
743 4457 865 4528 recipere
883 4461 1070 4527 praesumant.

393 4544 438 4598 Es
462 4545 575 4600 arctico
600 4545 693 4600 aulico
717 4544 943 4600 vindobonensi.
963 4545 1037 4600 Acta
1054 4544 1127 4614 spel.
1146 4544 1281 4610 Xlll12t.
1309 4543 1450 4601 Oarrara:
1473 4541 1583 4598 Arelate.

338 4631 427 4701 capit.
447 4630 478 4686 sa·
496 4630 617 4701 Spaloto
631 4649 661 4701 p.
685 4636 727 4686 73.
