3480 5356
717 429 863 474 asenna
1347 407 1410 474 327

223 596 287 653 ΜΟ.
305 600 382 654 1273.
401 599 445 652 23.
463 595 544 654 uass.
564 595 718 652 Lsdislsns
735 593 788 651 IV.
806 610 855 650 rex
873 592 1014 651 laudando
1025 594 1136 650 servitis
1153 595 1228 650 Petri
1245 599 1273 652 et
1290 595 1414 652 Mathaei

167 687 288 742 filiorum
307 685 433 742 Mstbaei
450 683 485 740 ds
503 699 605 754 genere
623 681 713 752 unat,
731 683 865 754 praestita
882 683 908 737 si
926 687 954 738 et
974 683 1046 754 patri
1058 697 1120 749 suo,
1132 687 1333 738 commemorat
1343 681 1414 738 inter

166 777 293 830 eastern
311 787 376 830 cum
394 771 486 844 Erncy
507 770 598 826 banus
623 775 652 826 ct
674 771 722 826 alii
746 771 790 826 avi
815 771 888 841 ragis
913 770 1040 838 bmones,
1065 771 1266 840 persecutionis
1288 775 1414 842 tempore

166 865 264 918 contra
281 866 389 932 patrem
407 858 533 930 ejusdem
557 859 631 928 ragis
659 857 783 914 Ladislai
810 862 918 914 armata
942 857 1040 912 militia
1066 858 1257 926 accessissent,
1283 858 1415 928 magister

167 949 268 1004 Petrus
285 963 349 1004 oum
366 947 451 1002 fratrs
469 962 522 1002 sno
539 944 700 1002 huiusmodi
719 945 901 1017 praeveniens
920 945 1080 1012 exercitum,
1098 945 1192 1018 ipsum
1204 945 1298 1016 Erney
1310 945 1415 1000 bannm

166 1033 307 1092 devictum
333 1035 361 1090 iu
389 1035 494 1106 praelio
518 1033 677 1106 captivavit,
702 1031 751 1088 ubi
775 1032 835 1104 ipss
860 1032 996 1088 batalitsr
1020 1033 1111 1088 extitit
1129 1025 1278 1090 nudatus.
1297 1031 1369 1087 Item
1386 1032 1415 1088 in

166 1121 294 1192 Mases
312 1137 376 1176 cum
394 1120 469 1176 idem
487 1125 565 1192 pater
583 1121 657 1190 regis
675 1123 772 1175 contra
796 1119 893 1174 Belam
911 1117 1012 1174 ducem
1034 1119 1243 1186 Presooilinum,
1262 1119 1415 1174 Hsnricnm

167 1209 273 1263 bannm
290 1211 319 1263 et
335 1207 406 1262 alios
433 1208 521 1279 ipsius
540 1207 585 1262 avi
603 1207 647 1262 sui
665 1205 807 1262 adiutores
825 1210 854 1262 et
872 1205 992 1262 barones
1015 1205 1172 1262 conflictum
1196 1205 1317 1272 haberet,
1341 1205 1416 1261 idem

167 1295 300 1366 magister
319 1295 419 1350 Petrus
437 1293 502 1350 licet
519 1294 691 1350 bansiossus
710 1293 809 1348 lances
826 1297 854 1348 et
872 1297 965 1348 sectus
983 1291 1077 1362 gladio
1095 1293 1213 1348 militare
1231 1309 1288 1348 non
1306 1293 1417 1361 valeret,

167 1383 236 1438 mori
262 1387 356 1438 tamen
375 1397 426 1453 pro
445 1386 523 1453 patre
541 1385 569 1436 et
588 1382 650 1452 ipso
674 1395 740 1450 rege
765 1381 849 1451 elegit
874 1381 967 1452 potius
991 1396 1076 1450 quam
1099 1381 1254 1450 relinquero
1278 1379 1417 1435 initiatum

171 1469 314 1540 negotium
333 1469 428 1540 patrie,
447 1468 495 1523 ubi
521 1484 653 1524 coronam
675 1469 753 1538 regni
772 1467 888 1523 coelitus
907 1468 933 1523 ei
952 1483 1001 1538 per
1019 1469 1222 1524 successionem
1240 1465 1370 1522 traditam
1387 1467 1416 1522 in

170 1549 290 1628 persona
309 1555 396 1627 patris
414 1556 457 1611 sni
475 1554 596 1612 obtinuit
613 1561 640 1610 et
658 1553 832 1626 recuperavit
858 1569 907 1623 per
933 1554 1058 1610 eiusdem
1082 1555 1157 1612 Petri
1185 1551 1354 1611 fidelitatem.
1381 1553 1416 1609 In

170 1659 227 1714 quo
254 1641 383 1700 conflictu
401 1643 470 1698 les
492 1641 564 1698 duce
583 1642 705 1714 effingato
728 1647 756 1698 st
781 1641 968 1698 Prswcsdlino
994 1642 1147 1710 interiecto,
1167 1641 1308 1697 Hsnricus
1326 1641 1417 1697 banus

173 1745 237 1785 curn
255 1729 319 1784 liliis
337 1733 366 1784 et
383 1729 568 1802 complicibus
585 1732 645 1785 suis
663 1729 754 1784 extitit
771 1730 936 1802 captivatus.
949 1759 981 1770 -
998 1729 1075 1786 Inter
1094 1729 1233 1800 praelatos
1252 1733 1280 1784 st
1299 1727 1417 1784 barones

174 1817 253 1887 regni
280 1822 431 1873 occurant:
454 1815 579 1872 Joannss
604 1816 830 1888 archiepiscopus
855 1815 1038 1888 spalatensis,
1061 1815 1244 1872 Thimothsus
1269 1815 1418 1886 spiscopus

170 1903 298 1974 Zagrab,
316 1903 456 1960 Henricus
476 1903 565 1958 banus
583 1904 670 1960 totius
688 1903 845 1972 slavonice,
870 1903 988 1974 Epidius
1011 1903 1101 1957 banus
1125 1901 1160 1957 de
1185 1902 1307 1958 Macbov
1330 1907 1357 1957 et
1381 1901 1416 1958 ds

168 1991 270 2054 Boaris,
289 1989 413 2060 Ugrinus
431 1991 563 2061 magister
581 1993 747 2062 Agaronnm
765 1995 793 2046 et
811 2007 904 2046 comes
923 1991 1104 2060 simigiensis.

226 2077 345 2132 Wsnscl:
364 2077 430 2134 oss.
447 2077 518 2148 sipi.
537 2078 647 2148 Arpcd.
666 2077 718 2132 IV.
734 2094 766 2148 p.
784 2081 827 2133 23.

222 2215 302 2272 nol.
321 2219 398 2272 1273.
423 2219 467 2271 29.
492 2217 574 2273 dicii.
600 2216 749 2273 Ladislsns
771 2217 824 2275 1v.
849 2233 898 2274 rex
922 2221 1020 2274 notum
1038 2217 1113 2286 iacit,
1132 2215 1208 2287 quod
1226 2231 1320 2272 comes
1340 2213 1413 2284 Rub,

170 2303 218 2374 qui
236 2304 355 2374 primum
373 2303 458 2358 Belae
475 2303 533 2374 regi
551 2320 605 2360 aso
623 2319 684 2374 suo,
703 2305 883 2376 postmodum
905 2307 977 2377 patri
1003 2305 1092 2377 ipsius
1119 2321 1183 2360 cum
1211 2304 1269 2360 suis
1298 2303 1417 2358 servitiis

173 2390 314 2462 pladdum
331 2407 361 2446 se
380 2390 554 2460 reddidisset,
572 2397 637 2462 post
660 2392 768 2448 obitum
792 2393 916 2448 eiusdem
941 2393 1036 2464 patris,
1061 2393 1114 2464 ipsi
1138 2391 1197 2462 regi
1223 2408 1288 2447 cnm
1316 2407 1418 2461 magna

173 2479 305 2535 socictate
324 2483 352 2533 et
370 2481 484 2550 sumptu
511 2477 634 2535 man'mo
661 2481 825 2536 servivisset
850 2480 888 2534 Et
905 2496 969 2536 cum
986 2481 1056 2535 inter
1075 2480 1168 2550 ipsum
1185 2468 1223 2534 ¹at
1249 2479 1417 2535 Boemorum

172 2579 274 2635 regem,
294 2565 372 2636 prins
390 2565 477 2635 patris
496 2565 540 2622 sui
557 2581 632 2649 nunc
651 2566 710 2621 eius
728 2571 756 2621 et
773 2569 851 2638 regni
869 2567 978 2624 bostem
1002 2573 1098 2624 conus
1122 2565 1242 2623 eundem
1259 2581 1354 2636 regem
1371 2581 1416 2636 gc-
1497 2631 1503 2644 .

174 2653 295 2708 uenalem
309 2652 461 2708 exercitum
477 2651 606 2721 levasset,
619 2651 693 2708 idem
705 2669 799 2710 comes
817 2654 890 2722 Ruit,
908 2655 973 2710 licet
991 2659 1058 2710 tuno
1076 2655 1154 2710 nullo
1172 2653 1286 2710 honoris
1298 2653 1418 2709 culmine

173 2745 248 2794 esset
265 2739 442 2806 sublimatus,
461 2740 536 2794 venit
560 2737 596 2794 ad
621 2741 772 2796 exercitum
799 2741 880 2812 ragis,
908 2741 1013 2798 ducens
1041 2757 1136 2797 secum
1164 2745 1290 2812 potentes
1317 2739 1418 2796 milites

172 2829 201 2882 et
217 2827 246 2880 in
263 2825 331 2881 belli
350 2827 476 2882 examine
495 2827 642 2882 virtuosos
668 2826 729 2882 Rex
747 2828 832 2898 igitur
849 2829 914 2884 licet
930 2830 1021 2884 minor
1039 2833 1130 2884 astate
1148 2833 1306 2884 certamen
1331 2827 1417 2882 senile

173 2927 285 2984 gerens,
315 2911 405 2969 eidem
435 2913 499 2968 Rnh
526 2913 554 2968 in
584 2915 834 2970 remunerationem
865 2931 978 2970 snorum
1006 2921 1119 2970 actuum
1147 2913 1417 2982 commendabilium,

173 2999 330 3056 nobilitavit
356 2999 471 3071 praedia
496 3000 556 3054 sins
580 2999 608 3054 in
633 3000 720 3072 Garig
744 3007 772 3056 et
794 3003 823 3056 in
849 3002 1008 3058 Guersonce
1027 3003 1181 3068 existentia,
1204 3019 1276 3074 quae
1303 2999 1417 3072 praedia

173 3087 237 3142 lieet
253 3104 271 3142 s
285 3086 485 3158 jobagionibus
509 3087 592 3142 castri
611 3103 660 3142 scu
680 3088 867 3159 praedialibna
885 3079 1034 3162 emptionis
1052 3090 1134 3145 titulo
1158 3095 1207 3145 aut
1230 3107 1280 3160 per
1303 3085 1417 3144 modurn

173 3172 274 3230 cambii
293 3173 450 3245 possiderat
467 3189 557 3244 nsque
575 3174 668 3242 modo,
687 3191 722 3230 ox
740 3193 815 3232 nunc
833 3183 927 3233 umen
946 3179 974 3232 in
994 3183 1077 3233 antea
1095 3177 1193 3232 eadem
1211 3175 1326 3249 praedia
1349 3187 1419 3246 pure

174 3265 202 3316 st
219 3261 380 3333 simpliciter
397 3261 457 3316 sins
475 3261 570 3317 debito
587 3263 694 3333 primae
712 3262 879 3320 conditionis
898 3269 956 3320 tam
973 3265 1033 3336 ipse
1052 3281 1137 3335 quam
1149 3262 1284 3320 haeredes
1304 3267 1419 3318 teneam

173 3353 201 3404 et
219 3347 389 3420 possideant,
408 3348 481 3404 sicut
504 3349 569 3417 veri,
595 3350 676 3421 primi
695 3355 722 3405 st
740 3351 881 3406 naturales
908 3351 1056 3408 slavonice
1082 3351 1191 3408 nobiles
1215 3367 1281 3406 suas
1309 3365 1419 3421 posses·

174 3436 266 3492 sicnss
283 3433 428 3507 possident
446 3441 474 3490 et
492 3451 580 3507 usque
598 3435 683 3493 modo
701 3437 894 3508 possederunt.
921 3438 1071 3494 Praedium
1088 3443 1181 3494 autom
1200 3440 1257 3494 sive
1276 3437 1417 3510 possessio

173 3521 297 3578 eiusdem
317 3521 382 3578 Rub
406 3521 515 3578 comitis
532 3523 561 3578 in
580 3524 713 3580 comitatu
731 3524 767 3580 ds
785 3524 965 3581 Guersenoho
988 3527 1119 3594 existens,
1144 3541 1228 3596 quam
1251 3541 1269 3579 a
1292 3523 1417 3594 Deayno,

172 3608 310 3665 sumaim
328 3615 356 3664 et
373 3608 502 3666 Diouiaio
520 3609 585 3666 tiliis
604 3609 750 3668 Vccheren
766 3611 966 3683 jobagionibus
984 3613 1068 3669 castri
1086 3611 1265 3684 comparavit,
1283 3611 1416 3682 Katynna

174 3697 340 3753 nominatur.
359 3697 431 3753 ltem
455 3697 531 3753 aliud
557 3697 633 3769 quod
656 3697 742 3754 habet
758 3700 787 3754 in
805 3699 939 3756 comitatu
957 3699 992 3756 de
1011 3699 1098 3770 Garig
1116 3705 1241 3771 emptum
1258 3715 1276 3754 a
1293 3698 1416 3754 ldartino

172 3785 232 3841 illio
258 3785 392 3842 Breabsal
418 3785 569 3856 iobsgione
592 3785 658 3841 dicti
685 3785 776 3854 castri,
803 3787 916 3843 Devchs
934 3793 1129 3858 nuncupatur;
1155 3789 1222 3842 item
1247 3786 1359 3841 tertium
1386 3787 1414 3840 in
1453 3787 1456 3796 ’

173 3872 271 3928 codem
295 3873 427 3928 comitatu
445 3873 480 3928 de
499 3871 586 3944 Garig
609 3873 688 3929 cuius
712 3874 876 3945 particulam
894 3891 911 3930 a
929 3875 993 3930 liliis
1014 3873 1112 3946 Dyene
1130 3873 1308 3944 comparavit,
1331 3873 1416 3928 aliam

173 3975 238 4016 vere
256 3975 274 4013 a
291 3975 357 4030 rege
374 3959 442 4015 Bela
461 3977 511 4031 pro
530 3961 634 4015 meritis
652 3961 780 4028 obtinuit,
799 3961 966 4018 Polosnichc
990 3961 1157 4034 appellatur.
1182 3961 1222 4016 Ut
1239 3959 1324 4032 igitur
1341 3959 1416 4016 idem

172 4045 237 4101 nan
255 4045 353 4102 cadens
372 4045 486 4118 praedia
504 4063 521 4101 a
540 4047 625 4119 priori
651 4047 746 4103 debito
771 4053 909 4120 exempta,
929 4049 1008 4103 iuxta
1025 4048 1181 4104 libertatem
1199 4047 1319 4103 aliorum
1337 4047 1414 4118 regni

172 4131 308 4188 nobilium
326 4139 462 4206 perpetuo
481 4133 623 4205 possidere
643 4134 742 4203 valeat,
760 4136 897 4192 concessit
914 4136 940 4191 ei
957 4135 1063 4190 litteras
1081 4135 1200 4206 duplicis
1218 4133 1303 4205 sigilli
1326 4133 1415 4189 muni-

172 4221 247 4276 mine
264 4220 417 4278 roboratas.
435 4220 543 4278 Datum
561 4237 611 4293 per
628 4238 729 4277 manus
752 4222 894 4279 Benedicti
920 4221 1083 4280 Orodiensis
1107 4222 1267 4294 praepositi.
1288 4221 1415 4276 Emesen-

171 4307 249 4362 tibus
268 4308 339 4364 iuter
356 4313 501 4365 caeteros:
518 4308 649 4365 Johanne
662 4309 870 4382 archiepiscopo
883 4309 1050 4382 spalatensi,
1069 4309 1216 4365 Timotheo
1234 4307 1415 4378 Zagrabiensi

172 4395 313 4467 episeopo,
341 4395 459 4453 Hem-ico
485 4397 559 4452 bano
583 4397 669 4453 totius
693 4395 849 4465 slavoniae,
873 4396 974 4468 Epidio
992 4395 1066 4452 bano
1085 4395 1120 4451 de
1138 4395 1267 4462 Machor,
1286 4393 1414 4465 Vugrino

171 4481 306 4552 magistro
333 4485 497 4554 Agasonum
524 4483 623 4541 comite
650 4483 801 4553 Sirmiensi,
828 4485 955 4540 Emerico
982 4484 1083 4540 comite
1110 4481 1278 4554 simigiensi,
1305 4479 1415 4537 Dedslo

172 4567 338 4625 mindiensi.

227 4655 292 4712 God.
310 4657 380 4726 dipl.
394 4657 517 4725 patrias.
538 4657 600 4714 VII.
615 4674 646 4728 p.
667 4661 728 4713 139.
747 4661 793 4714 lia
811 4655 1413 4727 croct.srcbicooom.1t'rdddysclacosam

171 4741 274 4798 ableto.
