3544 5344
707 423 853 464 scamna.
1358 399 1402 465 45

152 585 239 640 bouis
257 585 359 640 domus
376 601 478 655 magus
496 587 520 640 ei
540 587 650 640 servitia
667 587 769 652 lecerit,
795 605 844 658 per
861 587 941 658 cujus
959 588 1105 642 consilium
1124 595 1152 643 et
1170 589 1311 654 auxilium,
1338 595 1403 659 post

151 673 260 739 Deum,
289 673 360 727 sicut
377 672 500 739 credidit,
528 673 563 728 ed
588 673 700 744 propria
723 675 861 728 remearit.
891 675 1015 728 Labores
1034 692 1145 745 quoque
1163 676 1300 741 assiduos,
1328 692 1401 746 quos

152 776 223 814 cum
243 775 277 814 eo
296 765 324 814 et
342 765 454 830 propter
471 759 619 830 conjugem
636 777 747 829 quoque
761 759 883 829 reginam
896 761 1066 830 Y(olantam)
1079 762 1217 828 sustinuit,
1237 780 1304 832 prae
1317 763 1404 818 oculis

152 845 275 912 habens,
294 845 330 900 ad
348 847 509 916 petitionem
521 848 632 916 reginae
645 853 673 902 et
685 864 735 916 pro
755 848 843 902 salute
855 853 913 902 tam
925 864 1080 917 corporum,
1100 865 1184 918 quam
1203 855 1230 902 et
1248 851 1402 904 animarum

151 949 283 998 suarum,
301 939 403 988 terram
416 933 557 1002 quandam
569 935 597 988 in
611 933 723 988 Oroatia
734 941 823 988 terrae
841 935 923 988 castri
941 933 976 988 de
989 933 1061 988 Scen
1080 941 1108 988 et
1125 940 1214 989 terrae
1232 933 1267 988 de
1286 935 1403 989 Modrus

151 1025 183 1074 et
202 1018 239 1074 de
257 1020 368 1075 &asne
386 1021 553 1090 contiguam,
572 1019 668 1076 Gazlre
686 1023 804 1088 nornine,
833 1038 895 1076 cum
915 1021 1043 1076 omnibus
1062 1021 1234 1091 pertinentiis
1252 1022 1280 1075 in
1298 1037 1403 1076 recom-

151 1107 351 1178 pensationem
378 1123 563 1178 expensarum
581 1115 608 1162 et
625 1107 760 1174 laborum,
788 1123 859 1176 quos
883 1107 973 1162 dictus
997 1109 1128 1177 magister
1155 1109 1286 1162 sustinuit
1310 1125 1404 1162 sacrae

152 1194 275 1248 militiae
292 1194 396 1264 templi,
415 1194 453 1248 ita
470 1195 556 1249 libere
574 1197 645 1249 sicut
663 1201 785 1250 caeteras
798 1195 992 1264 elemosynam,
1011 1211 1081 1264 quas
1099 1195 1128 1248 in
1145 1212 1231 1264 regno
1250 1195 1403 1266 possident,

150 1280 235 1335 nullo
253 1280 383 1335 obstante
402 1281 545 1350 privilegio
564 1298 649 1352 supra
667 1281 790 1352 predicta
807 1287 880 1336 terra
898 1281 974 1352 prius
993 1287 1043 1336 aut
1061 1284 1198 1352 posterius
1220 1282 1336 1336 forsitan
1353 1283 1402 1338 im·

152 1371 275 1438 patrato,
299 1367 328 1420 in
346 1375 511 1438 perpetuum
529 1369 652 1432 contulit,
676 1367 833 1434 inhibendo,
857 1367 932 1437 quod
957 1369 1049 1423 nullus
1073 1367 1171 1435 banus,
1196 1369 1289 1423 nullus
1299 1385 1401 1436 comes,

150 1452 250 1507 nullus
269 1451 387 1519 baiulus,
407 1453 464 1508 sive
482 1453 597 1523 quilibet
614 1454 693 1520 alius,
713 1471 796 1524 super
817 1455 952 1524 populum
964 1454 1078 1509 indicta
1090 1461 1163 1509 terra
1175 1463 1401 1522 commorantem,

152 1539 266 1608 absque
284 1539 391 1594 litentia
414 1539 529 1594 fratrum
553 1541 649 1611 templi
669 1539 771 1595 audeat
788 1540 963 1606 descendere,
988 1543 1031 1595 vel
1049 1542 1192 1597 exactione
1210 1541 1326 1598 alicuius
1345 1543 1401 1598 col-

150 1627 246 1681 lectae
263 1627 418 1681 molestare.
437 1627 579 1682 Introduci
598 1627 662 1682 fecit
679 1627 777 1682 fratres
796 1627 895 1682 domus
920 1629 1014 1698 templi
1035 1645 1083 1700 per
1097 1629 1278 1699 jobagioncm
1295 1630 1402 1699 regium

152 1711 360 1768 Dodomerium
383 1714 519 1768 comitem.
547 1715 640 1768 Prima
657 1721 732 1769 meta
749 1720 838 1770 terrae
862 1715 941 1769 iuxta
958 1716 1077 1769 rivulum
1095 1715 1255 1784 Gcrnovine,
1283 1715 1347 1770 inde
1366 1716 1402 1770 ad

154 1799 250 1854 locum
269 1799 391 1856 Cedelov
409 1817 498 1872 usque
516 1800 551 1855 ad
570 1801 680 1866 Wrata;
707 1802 771 1856 hinc
788 1802 877 1856 tendit
903 1819 999 1856 versus
1017 1802 1111 1856 Busan
1130 1819 1219 1872 usque
1237 1803 1322 1857 Bsme
1341 1803 1403 1870 (Ba-

155 1887 258 1954 nove‘l)
276 1886 431 1953 Camenice,
451 1905 522 1956 quas
541 1893 582 1942 est
600 1887 698 1942 divisio
716 1889 786 1943 inter
804 1889 898 1942 Busan
917 1895 945 1944 et
958 1888 1092 1954 Gvesche,
1106 1889 1153 1943 ubi
1165 1891 1236 1961 lapis
1255 1897 1297 1944 est
1315 1889 1399 1957 lixos;

155 1973 253 2042 ibique
270 1979 314 2028 est
331 1991 396 2028 area
413 1973 566 2028 triturandi.
586 1973 762 2029 Protenditur
787 1973 928 2044 usquead
949 1975 1084 2042 Crastino,
1111 1976 1158 2029 ubi
1182 1981 1225 2030 est
1243 1976 1359 2030 ecclesia
1378 1993 1402 2030 s.

156 2059 273 2130 Georgii
291 2065 319 2114 et
337 2077 358 2114 s.
378 2060 473 2128 Marci,
495 2060 559 2115 inde
584 2061 619 2116 ad
645 2079 745 2131 aquam
769 2062 847 2116 iuxta
866 2060 983 2116 Vatenlc
1002 2061 1038 2115 ad
1056 2068 1177 2116 montem
1201 2062 1356 2117 Malcoenic
1373 2063 1402 2117 in

156 2146 286 2202 Obescbe
304 2145 432 2216 (Gesche)
451 2153 479 2202 et
496 2147 621 2203 Vinador
640 2147 677 2216 (V
678 2147 782 2217 inodol)
800 2165 895 2202 versus
915 2147 1098 2214 occidentem
1117 2148 1181 2202 inde
1199 2149 1276 2204 radit
1302 2148 1337 2204 ad
1355 2148 1402 2204 Je-

156 2235 253 2303 ceniqo
271 2233 417 2304 (Jesenioe)
442 2239 469 2289 et
493 2235 665 2306 protenditur
688 2234 724 2289 ad
750 2234 902 2290 Obemiche
925 2251 1022 2288 versus
1044 2236 1177 2289 orientem
1184 2254 1190 2300 ;
1218 2236 1282 2290 inde
1306 2251 1402 2290 versus

156 2319 307 2375 divisiones
326 2319 362 2374 de
380 2319 511 2376 Grechke
529 2327 557 2374 et
575 2321 692 2376 Modrus
710 2321 745 2376 ad
763 2321 893 2392 lapidem,
912 2322 959 2390 qui
978 2328 1091 2376 vocatur
1109 2323 1162 2376 Pes
1182 2321 1259 2387 Ursi;
1283 2321 1347 2376 inde
1365 2321 1401 2375 ad

155 2413 285 2462 montem
302 2407 382 2474 Plaz;
406 2407 471 2462 inde
489 2406 619 2462 dividittn
635 2408 664 2462 iu
682 2413 805 2464 montem
822 2409 888 2462 Plan
907 2415 934 2462 et
952 2407 1092 2474 Grecbke,
1116 2407 1260 2477 tenditque
1279 2407 1314 2462 ad
1334 2407 1402 2463 Ger·

156 2495 255 2548 nerim
273 2477 449 2564 (demetiae).
477 2495 583 2551 Datum
601 2512 651 2566 per
668 2511 767 2550 manns
794 2495 894 2566 Ugrini
912 2496 992 2550 aulae
1011 2495 1175 2549 Cancellarii
1193 2501 1220 2549 et
1238 2495 1402 2551 collocsnsis

157 2580 324 2648 archieleoti,
352 2582 486 2636 existente
509 2583 581 2636 inter
604 2587 727 2638 caemros
752 2582 895 2653 Stephano
924 2585 1056 2654 episcopo
1081 2582 1261 2651 aagrabiensi,
1288 2581 1403 2637 Neocka

154 2667 277 2740 vojvoda
295 2673 345 2722 stc.
365 2668 567 2724 Confirmmum
591 2674 633 2723 est
656 2670 709 2723 boc
728 2669 901 2740 privilegium
919 2687 969 2741 per
986 2670 1145 2724 Honorium
1162 2669 1207 2722 111
1233 2685 1336 2739 papam
1354 2671 1401 2723 4-0

155 2754 226 2808 Maii
246 2755 321 2809 1226.

215 2859 351 2914 Thaso:
369 2859 447 2914 Mon.
465 2860 529 2915 tat.
549 2861 643 2930 Hunp.
661 2876 732 2930 resp.
754 2861 783 2914 T.
800 2861 824 2915 I.
839 2877 870 2930 p.
891 2865 932 2914 68.

212 3013 390 3070 OXXXXV.
417 3016 452 3070 A.
470 3019 547 3070 1221.
574 3015 700 3070 Andreas
718 3015 756 3070 11.
781 3033 830 3070 rex
854 3015 890 3070 ad
913 3015 1072 3070 instantiam
1096 3015 1193 3070 Ochus
1216 3015 1281 3068 bani
1299 3020 1401 3069 terram

153 3101 322 3156 Kemesnice
341 3101 394 3155 sub
412 3101 544 3172 Keymulr
561 3102 683 3169 (Kalnik,
701 3103 842 3172 Kamnik),
861 3120 945 3172 quam
963 3108 1041 3172 pater
1053 3102 1114 3172 ejus
1126 3120 1176 3156 rex
1188 3102 1255 3156 Bela
1268 3119 1284 3155 a
1297 3102 1400 3156 maiore

154 3188 260 3256 Ochus,
288 3193 366 3260 patre
384 3188 511 3243 videlicet
529 3189 624 3245 Ochus
643 3187 716 3256 bani,
744 3189 896 3243 abstulerat
915 3195 941 3242 et
959 3188 1130 3258 zagrabiensi
1154 3188 1285 3242 ecclesias
1303 3192 1399 3241 contu·

153 3275 226 3330 larat
252 3274 457 3346 possidendam,
485 3275 605 3330 maxime
632 3276 699 3344 quia
724 3275 754 3328 in
779 3274 905 3330 ducentis
933 3277 1031 3330 marcis
1060 3274 1255 3345 persolvendis,
1283 3272 1397 3342 quassi

154 3361 288 3431 (segilde
306 3361 491 3416 ultramarinis
511 3362 634 3432 partibus
653 3361 786 3416 remeanti
805 3361 1039 3429 accomodaverat,
1059 3361 1111 3415 sibi
1128 3359 1281 3425 tenebatur,
1300 3356 1399 3413 eodem

154 3448 225 3516 iure,
251 3464 308 3518 quo
327 3449 442 3504 ecclesia
460 3465 522 3503 eam
549 3447 718 3519 possidebat,
745 3448 871 3514 restituit,
899 3447 1009 3513 sufficet,
1037 3454 1068 3501 ut
1086 3464 1136 3502 neo
1155 3446 1322 3501 marturinae
1340 3445 1399 3499 sive

155 3533 226 3589 alias
246 3535 415 3602 exaccioues,
434 3551 507 3604 quae
525 3540 597 3601 sunt,
616 3535 660 3588 vel
678 3552 750 3604 quae
768 3534 876 3588 fortein
889 3534 997 3588 Banatu
1010 3534 1178 3600 emerserint,
1198 3550 1249 3587 nec
1270 3531 1399 3586 victualia

155 3620 273 3676 banatui
290 3638 341 3676 uec
359 3621 500 3690 viccbsno,
527 3621 634 3676 incolae
653 3620 802 3676 earundem
821 3626 954 3674 terrarum
973 3621 1079 3673 solvere
1105 3625 1257 3674 teneantur.
1282 3618 1315 3672 In
1335 3633 1399 3688 pos-

156 3708 309 3763 sessionem
327 3706 391 3762 fecit
408 3707 486 3762 illum
503 3725 553 3762 rex
570 3707 707 3762 introduci
726 3724 774 3778 per
786 3706 904 3772 Reinolt,
922 3705 1009 3759 filium
1021 3705 1133 3760 Pertolt
1152 3705 1293 3760 Ecclesiae
1305 3710 1398 3758 autem

157 3810 232 3864 sagr.
250 3792 328 3848 dedit
344 3811 392 3850 rex
410 3795 438 3848 in
457 3793 650 3849 concambium
668 3793 703 3848 de
721 3794 779 3848 suis
798 3792 916 3863 propriis
928 3793 1020 3847 terris:
1040 3791 1144 3858 Rodos,
1162 3790 1280 3856 Vidusa,
1300 3789 1399 3860 Oupuc

157 3885 186 3935 et
203 3881 305 3934 Braten
323 3897 340 3934 a
358 3885 448 3934 castro
466 3897 539 3949 sagr.
559 3887 697 3950 exceptas.
717 3879 807 3934 Metas
826 3895 938 3948 quoque
956 3878 1029 3932 idem
1047 3878 1159 3932 Reinolt
1176 3877 1398 3946 circumscripsit,

156 3971 185 4021 et
203 3972 268 4020 sunt
285 3965 352 4020 hae:
370 3967 456 4021 Terra
473 3963 569 4022 Rodos
589 3965 727 4035 egreditur
738 3965 773 4020 de
792 3965 866 4020 Sava
884 3971 911 4019 et
923 3965 997 4018 venit
1009 3963 1044 4017 ad
1057 3965 1191 4018 fossatam
1203 3965 1296 4018 Mlscs
1308 3979 1398 4031 usque

157 4053 239 4120 viam,
267 4057 296 4108 et
312 4053 402 4108 tendit
418 4054 448 4107 in
465 4054 578 4122 longam
596 4053 717 4107 Mlacam
735 4059 763 4107 et
781 4051 938 4122 pervarias
956 4057 1044 4105 metas
1063 4051 1192 4105 arboreas
1211 4049 1246 4104 ad
1264 4049 1397 4104 terminos

156 4139 290 4211 Girymla,
309 4155 381 4208 quae
400 4147 443 4195 eat
459 4145 533 4194 terra
551 4139 682 4194 ccclesiae
700 4137 736 4192 ab
754 4139 877 4206 antiquo,
896 4155 913 4190 a
931 4137 1029 4191 dextra
1047 4143 1119 4191 terra
1138 4135 1307 4206 populorum
1324 4134 1398 4204 regis

156 4243 174 4280 a
191 4226 309 4280 sinistris
334 4225 465 4280 ecclesiae
483 4227 627 4280 etiterum
645 4241 694 4294 per
712 4226 801 4278 varias
825 4230 914 4278 metas
938 4223 1021 4277 intrat
1039 4222 1152 4278 Savum.
1179 4223 1280 4276 Terrae
1300 4221 1398 4291 Cupuc

155 4318 185 4368 et
201 4311 311 4366 Viduas
329 4311 425 4382 incipit
442 4312 521 4367 iuxta
539 4317 627 4365 metas
645 4311 777 4381 episcopi,
804 4309 873 4364 inde
898 4309 933 4364 ad
958 4316 1073 4380 puteum
1096 4308 1239 4374 Labavod,
1267 4307 1331 4362 inde
1349 4321 1399 4376 per

156 4400 229 4454 riam
248 4397 284 4452 ad
302 4414 437 4453 cacumen
454 4399 547 4466 magni
573 4397 681 4464 montis,
707 4403 735 4452 et
752 4397 781 4450 in
809 4397 912 4452 vertice
939 4395 1014 4450 vadit
1032 4396 1067 4451 sd
1085 4397 1232 4461 Jaaanovc,
1257 4393 1399 4448 descendit

156 4485 191 4540 ad
211 4491 335 4556 puteum,
353 4483 418 4539 inde
435 4484 520 4538 intrat
537 4499 639 4554 aquam
657 4483 762 4550 Bliana,
781 4483 904 4538 ascendit
921 4489 1043 4538 montem
1056 4482 1165 4537 Sterma
1178 4497 1237 4551 pec,
1256 4478 1399 4534 descendit

156 4571 191 4627 ad
210 4573 307 4628 Blima
325 4571 419 4642 potols,
438 4571 496 4626 exit
513 4570 548 4626 ad
567 4572 640 4626 viam
657 4571 837 4641 Struscogoy,
864 4571 940 4625 vadit
958 4571 993 4625 sd
1009 4587 1113 4640 squam
1126 4567 1232 4622 Zucher
1251 4573 1278 4622 et
1296 4566 1397 4620 finitur.

154 4659 257 4714 Terrae
267 4657 562 4714 Bratonismstavadit
580 4675 628 4728 per
647 4658 736 4712 varias
754 4664 850 4724 metas,
869 4657 1141 4712 ubiconterminstur
1151 4655 1397 4721 terraeBanconis,
