3488 5380
223 409 226 416 Δ
314 347 318 394 5
339 317 404 386 260
848 338 869 377 r.
887 325 1084 390 nusumnvrd,

394 503 620 574 DCCCLXXV.
641 507 721 562 12⁶4.
742 502 903 575 Capitulum
923 501 1055 558 ecclesiae
1073 501 1268 574 Zegrabiensis
1281 500 1427 572 significat,
1439 499 1516 571 quod
1527 515 1595 557 con·

342 594 445 650 stitutis
470 593 498 648 in
525 592 585 648 eina
609 591 765 664 praesentia
789 589 826 646 ab
848 606 905 644 nna
923 595 1001 660 parte
1018 587 1107 645 Jaeov
1125 593 1153 644 ct
1172 588 1280 660 Stephk
1298 587 1361 643 liliis
1380 586 1489 653 Cberal,
1508 593 1537 642 et
1555 586 1593 642 ab

341 681 429 736 altera
445 677 570 735 Ladicba
588 678 688 734 comite
707 693 758 748 pro
778 693 808 732 se
826 682 854 732 et
871 677 1015 748 Stephano
1040 675 1124 731 irntre
1143 692 1203 743 auo,
1222 675 1305 730 iidem
1323 673 1417 731 Jakov
1436 681 1464 730 et
1482 673 1593 746 Stepkh

341 767 462 824 confessi
480 767 543 835 sint,
562 771 664 822 terram
674 781 769 820 eorum
784 763 917 820 Colovrat
927 763 1005 820 iuxta
1018 768 1119 818 terram
1132 761 1273 818 Ladichae
1285 761 1393 818 comitis
1406 761 1488 818 sitam
1501 759 1593 821 eidem

345 855 439 912 comiti
457 857 485 910 et
503 853 580 908 fratri
608 869 660 908 aun
684 850 841 908 vendidisse
865 867 916 924 pro
940 851 1068 908 undecim
1093 851 1199 906 marcia.
1224 849 1301 908 Huic
1326 847 1476 906 venditioni
1499 849 1593 904 astite-

342 945 408 998 runt
433 941 634 1012 consanguinei
659 939 852 995 venditorums
871 937 984 1006 Subulo,
1011 937 1107 994 Obrad
1135 943 1163 992 et
1186 937 1264 993 Osko
1291 935 1480 1009 approbantes
1498 934 1594 992 vendi·

345 1029 458 1086 tionem.
478 1027 555 1084 Meta
574 1035 662 1084 terrae
681 1027 778 1098 incipit
795 1027 823 1080 in
842 1025 934 1080 radice
953 1025 1002 1080 rivi
1021 1025 1131 1081 Slotlna
1150 1024 1196 1080 ubi
1215 1024 1290 1080 cadit
1312 1026 1340 1080 in
1366 1024 1495 1096 Culpam,
1518 1023 1595 1078 venit

343 1115 379 1174 ad
398 1117 491 1172 locum
509 1115 589 1186 Sigei
608 1119 636 1170 ct
652 1115 736 1170 Birch
754 1121 782 1170 et
800 1113 920 1172 Clotvaa.

392 1203 438 1257 Ec
452 1203 588 1272 mincii
605 1201 636 1258 ia
650 1217 776 1272 perenm.
794 1203 825 1258 in
844 1201 957 1258 arabico
976 1201 1084 1258 concitis
1102 1199 1172 1256 Lati.
1192 1200 1296 1272 Blapai
1313 1201 1351 1257 N.
1372 1204 1397 1256 3.

395 1341 635 1400 DCCCLXXVI.
655 1345 732 1398 1264.
752 1341 914 1414 Capitulum
933 1343 1066 1398 ecclcsiae
1086 1341 1265 1398 Chasmenais
1278 1341 1426 1414 significi,
1439 1340 1515 1412 qnod
1527 1354 1594 1396 con·

342 1431 431 1487 stituti
449 1430 485 1486 ab
504 1446 560 1486 nna
579 1435 656 1502 parte
675 1419 774 1484 Petrus
800 1430 873 1485 tilius
898 1431 972 1486 Petri
991 1429 1028 1484 ab
1046 1430 1133 1484 altera
1151 1445 1216 1484 vero
1233 1429 1356 1484 Thomas
1374 1429 1449 1484 filius
1466 1427 1593 1484 Theman

343 1517 379 1574 de
398 1517 548 1574 Monozlov
567 1533 617 1589 pro
636 1533 667 1572 aa
686 1522 714 1571 et
733 1521 811 1587 petre
829 1533 882 1572 sno
906 1516 1058 1588 Stephano,
1077 1517 1124 1587 qui
1143 1516 1242 1572 Petrus
1266 1517 1412 1572 confessus
1436 1520 1487 1584 est,
1514 1514 1591 1586 quod

340 1604 377 1660 de
402 1609 475 1659 tarra
501 1605 591 1675 ipsius
618 1604 742 1660 Thomas
769 1604 956 1660 Hrastavicba
983 1608 1088 1672 vocata,
1110 1619 1195 1658 unam
1214 1604 1385 1675 particulam,
1410 1602 1447 1658 ad
1474 1607 1593 1658 mortam

343 1691 465 1747 duonum
483 1689 628 1746 hominum
645 1689 774 1746 videlicet
791 1691 920 1746 Neacben
939 1695 967 1746 et
985 1691 1035 1746 tilii
1049 1691 1169 1761 Dragus,
1182 1691 1247 1746 item
1260 1691 1362 1746 vuinus
1375 1689 1595 1746 utriushominis

319 1825 323 1834 .
342 1783 371 1836 et
389 1777 607 1834 destructionem
626 1777 808 1844 aninsulae,
827 1777 864 1832 ab
882 1778 944 1848 ipso
962 1777 1069 1834 Thema
1087 1785 1115 1834 et
1133 1775 1217 1834 fratre
1234 1778 1379 1849 Stephano
1394 1777 1593 1848 requisivisset,

345 1865 395 1937 qui
412 1864 524 1921 tandem
544 1863 581 1919 ad
599 1865 828 1935 compositionem
848 1866 925 1936 pacis
943 1865 1121 1932 devenerunt,
1140 1866 1216 1936 qnod
1235 1866 1295 1938 ipse
1319 1865 1428 1921 'lhoma
1451 1881 1515 1920 cum
1541 1879 1595 1918 suo

342 1953 427 2008 fratre
447 1967 497 2023 pro
515 1952 577 2023 ipsa
595 1957 668 2006 terra
686 1951 828 2021 requisita,
853 1951 928 2022 quod
954 1967 1006 2006 ana
1032 1953 1069 2007 sit
1089 1953 1247 2022 juravisset,
1271 1959 1301 2008 et
1324 1952 1364 2008 sie
1388 1952 1442 2006 sibi
1459 1957 1494 2006 et
1516 1950 1596 2006 fratri

344 2056 396 2096 suo
414 2055 477 2095 eam
491 2039 672 2110 justificasset
687 2039 751 2110 jure
769 2045 905 2109 perpetuo
923 2037 1136 2110 possidendam
1162 2039 1210 2094 sed
1232 2055 1282 2111 pro
1301 2045 1388 2094 morte
1406 2039 1526 2094 duorum
1544 2038 1596 2094 ho·

345 2128 453 2182 minum
472 2131 499 2182 et
516 2127 630 2181 vulnere
657 2127 739 2180 unius
764 2130 791 2182 et
815 2125 1002 2181 destructione
1025 2126 1110 2185 villae
1130 2126 1253 2182 Thomas
1277 2127 1331 2197 ipsi
1355 2127 1438 2181 Petro
1462 2124 1597 2197 persolvit

344 2214 442 2286 viginti
459 2229 568 2268 marcas
586 2213 678 2268 minus
697 2229 761 2268 uua.

399 2301 465 2356 Coei.
483 2300 552 2370 dipl.
569 2300 684 2369 patrina
707 2300 772 2354 Vll.
796 2305 837 2354 93.
857 2299 905 2355 Ea
923 2300 994 2356 actia
1011 2302 1100 2356 comit.
1119 2301 1246 2371 beloup.
1286 2339 1289 2346 .

398 2438 657 2496 DCCCLXXVII.
682 2443 760 2498 1161.
790 2439 951 2512 Capitulum
980 2441 1111 2498 ecclesiae
1139 2441 1318 2498 Chasmenais
1346 2441 1490 2511 signifieat,
1519 2439 1596 2512 quod

318 2589 321 2596 ,
344 2525 459 2582 Nsdulk
478 2527 551 2581 tilius
570 2527 730 2583 Tholomari
750 2527 899 2598 praedialis
918 2528 952 2584 de
971 2527 1131 2585 Gueraenoe
1150 2546 1201 2602 pro
1227 2546 1257 2586 ae
1282 2536 1310 2585 et
1333 2527 1417 2584 fratre
1442 2544 1496 2584 suo
1519 2527 1597 2584 Hor·

318 2605 320 2616 '
348 2613 424 2670 vatin
443 2629 507 2668 cum
526 2614 621 2672 curiali
646 2615 746 2670 comite
770 2631 822 2670 auo
848 2615 983 2672 Marcello
1000 2622 1029 2672 et
1046 2633 1109 2672 enm
1137 2616 1379 2688 conpracdialibus
1403 2617 1462 2672 suia
1486 2617 1598 2686 rogavit

346 2717 404 2768 eos,
422 2700 498 2772 quod
517 2706 604 2757 terras
622 2701 711 2773 ipsius
731 2703 813 2758 certia
836 2704 916 2758 metis
934 2708 1078 2775 separatas
1097 2722 1114 2759 a
1132 2706 1236 2773 vicinis,
1261 2705 1345 2760 inseri
1369 2720 1421 2760 suo
1446 2703 1593 2775 privilegio

345 2788 477 2856 facerent,
496 2789 563 2859 quia
581 2788 664 2844 iidem
683 2789 838 2860 praediales
856 2787 994 2858 dicebant,
1018 2791 1094 2861 qnod
1120 2793 1247 2862 quamvis
1270 2792 1325 2863 ipsi
1349 2791 1398 2846 tilii
1420 2791 1591 2858 Tholomeri,

349 2874 448 2931 eodem
466 2892 523 2946 quo
542 2883 570 2931 et
586 2875 640 2947 ipsi
659 2875 801 2946 gaudeant
819 2877 963 2948 privilegio
981 2877 1125 2948 libertatis,
1144 2885 1236 2934 tamen
1255 2895 1319 2935 cum
1336 2877 1398 2936 aliia
1417 2878 1594 2950 privilegium

261 3021 262 3024 ,
345 2964 419 3034 regis
438 2964 563 3034 accipere
582 2981 637 3020 non
659 2962 815 3034 potuissent
832 2963 956 3034 impediti
975 2970 1065 3020 aetate
1093 2967 1221 3037 pnpilari,
1240 2983 1291 3038 pro
1310 2983 1429 3038 quornm
1447 2963 1529 3022 iustis
1546 2982 1595 3036 pe-

345 3050 490 3106 titionibus
509 3051 644 3105 mlserunt
662 3051 826 3119 magistrum
845 3050 1012 3120 Gregorium
1031 3054 1211 3110 concanicum
1230 3070 1314 3108 snum
1331 3055 1385 3129 qni¹
1398 3058 1486 3110 metas
1498 3053 1595 3123 quiete

346 3141 451 3194 erectas
470 3136 539 3193 tales
558 3151 619 3192 esse
638 3136 727 3192 dixit:
743 3137 837 3192 Prima
860 3135 1008 3208 incipit'in
1033 3139 1199 3196 vicinatione
1217 3140 1351 3196 Demetrii
1375 3141 1425 3196 tilii
1450 3140 1540 3196 Deme
1565 3139 1595 3195 iu

346 3225 430 3280 fluvio
450 3223 562 3292 Prebin,
581 3239 678 3278 versus
697 3224 869 3280 occidentem
893 3225 978 3279 intrat
996 3227 1024 3280 in
1042 3226 1157 3282 fluvium
1182 3227 1300 3282 Kuttina
1317 3231 1345 3282 et
1363 3229 1491 3299 superius
1509 3227 1596 3282 intrat

345 3312 374 3366 iu
393 3311 527 3366 minorem
547 3311 690 3379 Kutinam,
710 3328 862 3383 perquam
881 3313 956 3367 venit
973 3313 1008 3368 ud
1029 3319 1115 3368 terras
1127 3314 1265 3372 Johaunia
1284 3319 1311 3370 et
1329 3315 1463 3370 Demetrii
1474 3313 1595 3384 comitia,

346 3399 446 3454 abhinc
465 3399 493 3452 in
513 3399 612 3453 vallem
631 3405 659 3453 et
677 3416 773 3455 versun
798 3399 957 3470 aquilonem
980 3400 1015 3456 ad
1035 3407 1136 3458 metam
1156 3403 1183 3457 in
1203 3401 1284 3459 Horh
1309 3401 1397 3459 tendit
1414 3402 1450 3457 ad
1468 3409 1594 3459 montem

345 3485 430 3540 intrat
448 3485 476 3540 in
495 3485 608 3540 fluvium
629 3486 736 3554 Prebin,
756 3487 820 3544 inde
838 3488 874 3544 ad
894 3488 1021 3561 priorem.

401 3571 465 3627 Cod.
485 3571 554 3640 dipl.
571 3573 686 3642 patrius
709 3575 770 3630 Vll.
786 3591 817 3644 p.
835 3579 879 3630 92.

399 3711 672 3768 DCCCLXXVllI.
701 3717 778 3770 1264.
808 3715 969 3787 Capitulum
998 3717 1176 3772 Chaamenaia
1195 3717 1327 3774 ecclesiae
1355 3715 1499 3789 significat,
1518 3718 1595 3788 quod

347 3797 474 3854 chbeta
493 3799 565 3854 filius
579 3799 614 3854 N.
636 3799 673 3855 ab
692 3817 747 3856 una
759 3808 837 3873 parte
855 3802 890 3857 ab
908 3805 997 3859 altera
1015 3821 1080 3860 vero
1092 3803 1222 3875 Voynich
1241 3808 1268 3860 et
1286 3803 1399 3861 Clruerlr
1412 3803 1487 3860 tilius
1501 3803 1595 3882 Woyn

343 3885 512 3956 jobagiones
539 3887 622 3941 castri
640 3887 675 3942 de
694 3887 781 3959 Garig
805 3891 925 3946 coniesai
944 3893 1013 3946 sint:
1038 3891 1112 3963 quod
1132 3908 1217 3947 unam
1238 3892 1404 3966 particulam
1427 3897 1517 3948 tarrae
1543 3909 1594 3964 pro

347 3973 471 4044 quinque
495 3975 593 4029 marcis
608 3975 668 4045 jam
686 3978 808 4048 acceptis
826 3977 916 4032 eidem
935 3979 1077 4034 chhetae
1091 3977 1288 4048 vendidissent,
1305 3979 1386 4035 onina
1404 3981 1478 4036 meta
1496 3979 1594 4053 incipit

347 4060 383 4116 ab
402 4061 506 4115 oriente
521 4060 604 4132 juxta
622 4077 720 4117 nemus
739 4063 786 4118 ubi
806 4069 848 4119 est
866 4065 949 4120 arbor
973 4083 1041 4136 agur
1065 4066 1129 4123 inde
1154 4051 1275 4124 declinat
1296 4067 1334 4124 ad
1357 4045 1486 4140 maignam
1512 4067 1597 4138 viam,

348 4147 412 4202 inde
431 4147 466 4202 ad
485 4146 627 4202 meridiem
646 4153 673 4210 et
691 4151 767 4204 venit
784 4150 820 4213 ad
839 4151 952 4206 fluvium
979 4152 1101 4209 Platerni
1119 4153 1154 4209 ad
1173 4159 1275 4210 meum
1294 4153 1496 4226 ubivicinatnr
1515 4155 1595 4211 terris

347 4235 463 4305 Drngon
484 4240 511 4290 et
529 4235 612 4304 Iwan,
630 4235 695 4290 inde
713 4236 748 4292 ad
768 4243 875 4308 partem
894 4239 1092 4296 occidentalem
1111 4247 1139 4297 et
1158 4257 1206 4314 per
1229 4242 1348 4298 eundem
1375 4243 1495 4300 Platerni
1520 4243 1596 4302 cadit

347 4321 376 4375 in
395 4321 545 4378 Cbaamam
564 4322 601 4376 ibi
622 4323 757 4380 vicinetur
775 4330 864 4382 terrae
882 4328 1008 4398 magistri
1026 4329 1118 4400 Moys.

405 4409 524 4464 Wenael:
544 4409 609 4466 Cod,
627 4407 696 4480 dipl.
715 4412 824 4482 Arpos.
849 4413 912 4468 VII.
929 4432 958 4484 p.
978 4419 1038 4470 108.

402 4530 641 4586 DCCCLXXIX.
660 4536 738 4587 1261.
758 4535 920 4608 Capitulum
939 4537 1119 4595 Chaamenais
1138 4541 1272 4602 eeclesiae
1283 4541 1428 4613 significat,
1442 4541 1518 4614 quod
1530 4559 1595 4599 con·

349 4616 437 4669 stituti
456 4617 493 4670 ab
512 4633 568 4674 una
586 4624 664 4688 parte
682 4619 817 4677 Nicolaus
835 4639 920 4694 gener
938 4624 1055 4696 Bogdan
1073 4627 1109 4682 ab
1127 4627 1215 4685 altera
1232 4630 1309 4686 Elias
1323 4629 1396 4686 tilius
1408 4629 1524 4700 Bogdan
1543 4646 1595 4702 pro
