3488 5380
685 343 831 388 monens.
1315 323 1379 390 249

132 505 232 565 merka
249 507 432 580 (Kamensks)
450 505 524 567 dicto
542 507 675 582 magistro
693 508 776 568 Petro
794 515 823 567 et
840 511 918 568 trabi
937 473 989 568 auo
1012 513 1108 570 comiti
1131 511 1262 570 Andreae
1285 513 1379 570 vendi-

133 596 250 668 dissent,
277 597 427 653 insurrexit
452 597 629 669 supradictus
655 599 790 670 Dragota,
817 599 954 656 movendo
969 601 1156 676 questionem
1175 616 1259 673 snper
1277 600 1389 658 dictam

134 689 245 752 terram,
265 683 301 740 ad
319 684 483 740 solvendum
501 687 536 740 50
554 701 656 758 pensas
673 686 763 742 snte'
755 701 912 758 ingressum
929 669 996 742 lilia.
1014 687 1120 744 Datum
1137 705 1187 760 per
1204 704 1305 744 manus
1323 705 1380 744 ma-

133 768 213 842 gistri
232 771 379 828 Michaelis
396 772 515 830 lectoris.

185 877 235 933 aa
252 879 325 934 actis
338 894 391 948 per
409 878 512 934 basam
528 877 641 934 Ktaen-
631 877 806 951 -Ηιιιιινιινῃ
824 895 858 935 ea
875 879 988 938 arctico
1005 881 1085 951 repsi
1102 879 1213 938 ablotis.
1232 881 1306 938 Acta
1324 895 1380 937 mo·

132 963 255 1022 amoris·
272 964 306 1020 de
323 965 479 1022 samario
498 963 582 1022 Fuso.
600 970 622 1020 1.
641 965 677 1020 N.
696 969 722 1024 2.

185 1103 431 1162 Dccoxmv.
450 1109 529 1164 1262.
548 1107 684 1178 Magister
700 1105 868 1176 Benedictus
880 1106 966 1164 iudex
983 1109 1077 1164 curiae
1088 1109 1207 1180 reginae,
1220 1123 1313 1165 comes
1327 1107 1379 1166 Ca-

132 1191 264 1250 striferrei
282 1193 427 1264 signifieat,
445 1192 521 1266 quod
539 1211 603 1250 cum
623 1193 659 1250 dc
677 1194 809 1252 mandato
830 1196 944 1268 speciali
967 1196 1079 1267 reginae
1103 1196 1225 1253 venisset
1242 1196 1380 1268 Posegam

131 1279 168 1334 ad
187 1280 372 1337 restituendas
390 1287 476 1337 terras
494 1286 552 1338 tam
576 1283 659 1339 castri
682 1299 803 1354 quamn
826 1283 958 1356 gentibus
976 1281 1099 1338 indebite
1123 1288 1282 1354 occupatas,
1309 1283 1380 1339 inter

132 1367 211 1436 alias,
229 1373 316 1424 terras
335 1367 460 1440 Bylotae,
476 1369 561 1425 Belcb
579 1373 607 1425 et
625 1369 913 1438 Petrialo,01iavicba
930 1375 959 1425 ct
976 1369 1071 1426 Scelta
1088 1375 1209 1440 venetas,
1227 1371 1379 1426 invenisset

128 1455 194 1525 jure
211 1453 346 1526 detentas,
372 1472 429 1527 quo
453 1457 526 1514 circa
549 1456 613 1512 illas
635 1457 731 1528 regina
755 1456 836 1513 dictis
860 1456 993 1513 trabibus
1015 1457 1168 1514 restituit'
1155 1473 1220 1528 Jure
1243 1462 1379 1530 ponpeius

132 1541 326 1613 possidendas.

184 1631 232 1686 Ea
249 1633 321 1688 actis
338 1646 353 1686 e
370 1631 449 1702 repsi
466 1631 579 1688 arctico
593 1648 647 1702 per
670 1631 774 1690 basum
797 1588 911 1690 Ktaen-
901 1632 1079 1704 -Hcdasotry
1104 1632 1217 1692 mirra
1234 1635 1269 1689 N.
1287 1633 1323 1690 B.
1342 1635 1378 1690 Δ.

130 1717 215 1776 Fare.
234 1721 309 1775 1531.
327 1719 365 1776 N.
384 1722 430 1775 27.

181 1857 412 1927 DCOOXXXV,
430 1862 508 1914 12⁶3.
528 1862 570 1915 13.
587 1860 732 1916 Jonaorii.
753 1859 821 1916 Bela
838 1860 892 1916 IV.
909 1877 958 1917 rex
976 1862 1108 1939 notificat,
1126 1861 1308 1935 quodquam
1327 1878 1375 1918 nc

130 1946 194 2002 bilis
212 1947 254 2002 vir
270 1947 402 2016 magister
428 1945 551 2002 Thobias
575 1945 611 2002 de
633 1945 734 2020 Bogud
759 1949 936 2020 praepositus
962 1947 1158 2022 Zagrabiensis
1182 1955 1210 2006 et
1227 1949 1276 2006 lilii
1300 1951 1379 2022 regis

128 2033 214 2090 Belae
233 2025 312 2090 ducis
331 2033 417 2089 totins
435 2031 585 2090 SlsvonIae
603 2035 794 2104 cancellarius,
812 2034 947 2092 exhibens
959 2053 976 2092 a
988 2036 1047 2101 suis
1067 2036 1223 2092 maioribus
1239 2037 1377 2099 incoctam

129 2127 158 2178 ct
175 2139 193 2178 a
210 2125 289 2194 patre
307 2137 360 2177 suc
378 2120 568 2176 continuatam
586 2121 760 2194 fidelitatem,
786 2122 835 2193 qui
858 2123 887 2178 in
911 2123 989 2194 regni
1012 2127 1162 2195 conspectu
1188 2130 1301 2180 strenue
1327 2125 1377 2180 mi·

128 2209 213 2264 litans
232 2225 284 2280 pro
302 2207 381 2280 regni
400 2211 428 2264 et
445 2208 519 2280 regie
535 2207 698 2266 defensione
717 2208 850 2266 occubuit
866 2209 995 2266 manibus
1013 2210 1200 2267 Tartarornm
1225 2209 1298 2266 Item
1310 2211 1378 2282 quia

127 2297 189 2367 ipse
207 2295 357 2367 magister
358 2293 481 2350 Tbobies
508 2299 633 2368 tempore
651 2312 693 2366 eo,
712 2313 769 2368 quo
788 2313 839 2354 rex
856 2303 970 2368 neptem
988 2313 1068 2354 enam
1086 2299 1145 2369 regi
1162 2297 1331 2356 Boemorum
1349 2299 1378 2352 in

127 2383 336 2440 matrimonium
354 2369 448 2437 dando
466 2387 498 2438 ut
505 2383 640 2454 legitima
658 2382 859 2456 impedimenta
876 2383 1023 2458 obviaret,
1035 2382 1154 2455 eundem
1180 2384 1317 2442 Thebiam
1341 2383 1378 2440 ad

126 2471 233 2540 curiam
259 2469 416 2552 Romanam
445 2469 608 2540 destinavit
633 2472 714 2527 cuius
742 2471 930 2544 ministerio
923 2489 952 2526 ιιι
978 2471 1185 2542 impedimentis
1211 2469 1379 2544 supradictis

126 2537 312 2628 apostolicam
330 2547 568 2629 dispensationem
587 2559 753 2660 procuravit,
777 2575 865 2630 regno
888 2565 982 2614 autem
1000 2575 1098 2630 paoem
1118 2564 1281 2630 perpetuam
1298 2561 1376 2628 (cum

126 2645 259 2725 Boemis).
283 2647 338 2706 Pro
362 2645 477 2725 quibus
494 2646 612 2701 servitiis
639 2645 664 2701 ci
691 2645 811 2702 contulit
837 2645 991 2718 dominium
1019 2645 1167 2704 Garniolae
1194 2644 1376 2716 (Krainburg)

125 2749 192 2790 cum
210 2732 340 2788 omnibus
353 2733 451 2789 castris
469 2719 497 2790 et
515 2732 631 2790 urbibus
649 2731 725 2804 quod
743 2749 792 2788 rex
810 2749 828 2788 a
845 2737 994 2789 matertera
1011 2749 1063 2788 sna
1075 2731 1265 2802 (Catharina)
1264 2731 1377 2788 ducissa

126 2819 287 2878 Oarintbisc
305 2825 333 2876 et
351 2821 409 2876 lilia
427 2821 505 2878 ducis
524 2821 668 2877 Meraniae
693 2819 856 2890 (Bartholdi)
880 2820 940 2875 siue
965 2819 1086 2876 haerede
1109 2823 1228 2887 ιιιοιιιιιι,
1252 2817 1376 2874 baeredi-

124 2913 242 2964 taverat
260 2907 368 2964 Datum
386 2925 437 2982 per
453 2925 554 2965 manus
573 2907 700 2964 Farcasii
724 2907 807 2963 aulae
825 2906 1049 2975 vicecancellarii,
1073 2905 1154 2962 electi
1177 2905 1310 2962 acclesiae
1327 2905 1375 2960 Al·

125 2995 230 3052 bensis.

179 3081 282 3152 Neier:
301 3084 365 3141 occi.
384 3083 453 3154 dipl.
473 3085 504 3140 Τ.
522 3083 574 3140 IV.
592 3083 645 3142 ecl.
665 3086 715 3138 ΠΙ.
732 3099 762 3154 p.
781 3086 841 3140 100.

59 3242 62 3250 ·
177 3223 422 3282 ccccxxxvi.
440 3228 517 3283 rece.
537 3227 581 3279 ιι.
600 3224 748 3282 cessarie.
764 3223 833 3279 nera
857 3221 909 3279 1v.
933 3181 982 3278 rex
1006 3221 1120 3278 mose
1143 3220 1273 3306 sonare
1300 3219 1374 3276 erno

124 3313 213 3370 totins
231 3311 388 3382 Slavoniee,
408 3317 440 3368 ut
457 3311 550 3368 uariat
570 3311 663 3368 comiti
685 3312 768 3367 Petro
787 3311 823 3366 de
839 3311 917 3382 Lyca
929 3309 1066 3382 quasdam
1083 3315 1171 3366 terras
1182 3309 1211 3364 in
1223 3313 1374 3365 commuta·

124 3401 231 3457 tionem
248 3400 366 3456 alisrnm
384 3405 528 3472 terrarum,
556 3399 633 3472 quod
659 3406 809 3480 postquam
838 3415 888 3472 per
913 3398 1043 3456 comitem
1070 3395 1244 3476 Stephanum
1270 3395 1376 3452 banum

123 3487 294 3544 maritimum
311 3487 441 3544 effectum
459 3485 566 3555 fuisset,
585 3503 634 3544 rex
652 3486 806 3544 confirmat

173 3594 257 3666 θήρ.
275 3595 307 3650 in
325 3594 440 3651 cretico
457 3593 588 3651 comitum
605 3591 792 3664 Frcnpepoai
810 3591 842 3650 ia
860 3591 972 3649 carullo
990 3591 1131 3661 Perpetto.
1150 3593 1183 3645 N.
1203 3594 1229 3647 3.

175 3733 438 3792 mcccxxxvn.
457 3734 603 3794 Sebanioi.
621 3737 700 3792 12⁶3.
722 3737 747 3789 7.
766 3733 924 3790 Februarii.
943 3732 1080 3805 Tempore
1099 3731 1247 3804 Stepconis
1264 3729 1374 3788 comitis

124 3823 159 3879 de
177 3823 321 3894 Breberio,
338 3824 485 3896 potestatis
511 3821 709 3890 Sibeniccnsis,
728 3838 780 3878 nec
797 3835 854 3876 non
870 3820 996 3892 judicum
1020 3819 1095 3875 Petri
1113 3825 1141 3874 et
1159 3819 1246 3875 Toien
1264 3822 1293 3874 et
1309 3834 1375 3873 con·

124 3911 294 3967 siliariorum
318 3911 438 3967 civitatis
461 3910 567 3967 faciunt
590 3926 689 3983 pacem
711 3915 740 3965 et
762 3907 940 3964 concordiam
963 3923 1027 3962 cum
1051 3905 1203 3962 Valentino
1229 3904 1265 3960 de
1289 3902 1374 3959 Casa·

123 4001 179 4054 rins
198 4004 226 4054 et
244 3998 357 4070 Dnynro
375 3997 433 4065 filio
451 3998 646 4055 archidiacono
664 3995 904 4054 ambassatoribne
916 3994 1035 4052 civitatis
1048 3993 1248 4063 Tragmiensis,
1262 3991 1373 4046 nomine

123 4087 215 4158 ipsius
234 4085 353 4142 civitatis
368 4085 422 4141 sub
433 4085 477 4142 his
489 4085 715 4142 conditionibus:
733 4083 876 4156 Imprimis
895 4079 970 4152 quod
988 4081 1037 4136 ills
1055 4080 1198 4152 privilegia
1216 4094 1288 4150 quae
1306 4082 1371 4132 tern-

124 4173 240 4246 poribns
261 4172 399 4228 Gvidonis
417 4173 526 4230 comitis
545 4171 692 4246 potestatis
714 4172 831 4242 Tragnr.
856 4176 884 4225 et
906 4168 1032 4224 Danielis
1056 4167 1165 4223 comitis
1188 4163 1374 4220 Sibenicensis

123 4259 197 4318 facta
215 4259 355 4316 extiterint
373 4261 429 4318 sint
445 4261 527 4316 firma
539 4259 576 4316 ab
590 4267 709 4331 utraque
730 4257 929 4316 communitate
941 4255 1090 4321 servands;
1108 4253 1175 4308 item
1187 4249 1262 4324 quod
1276 4249 1368 4306 omnis

123 4347 272 4410 malefacta
289 4348 361 4405 inter
379 4347 576 4405 Sibenicenses
600 4353 629 4404 et
652 4347 852 4418 il'ragurienses
877 4347 1037 4416 perpetrata
1061 4341 1117 4396 sint
1139 4340 1223 4406 irrita,
1248 4335 1370 4408 exceptis

121 4433 249 4506 juridicis
268 4436 420 4504 sententiis,
433 4435 501 4491 item
519 4436 542 4490 si
560 4435 661 4490 ambae
673 4434 798 4490 civitates
812 4432 922 4502 aliquos
933 4429 1059 4486 homines
1078 4425 1281 4484 extramiserint
1298 4429 1327 4479 et
1342 4423 1372 4477 hi

123 4529 236 4596 propter
253 4523 356 4580 samem
373 4523 482 4596 aliquas
510 4521 615 4578 bestiae
640 4523 779 4578 viceversa
803 4519 953 4590 rapuerint,
972 4515 1077 4574 bestiae
1094 4515 1149 4572 hae
1167 4531 1217 4586 per
1234 4512 1372 4568 civitatem

123 4613 314 4682 restituantur,
332 4611 377 4670 vel
396 4611 521 4684 praefixo
540 4612 630 4683 pretio
653 4609 857 4682 persolvantur,
875 4611 903 4664 et
920 4605 1047 4677 quidem:
1067 4620 1119 4675 pro
1136 4601 1222 4658 ariete
1248 4605 1297 4655 ant
1320 4615 1373 4655 ove
