3376 5350
353 458 418 527 458
859 453 1101 521 nxnannravrt,

359 669 415 708 uno
441 651 540 706 murali
563 651 590 705 ln
616 666 672 721 quo
697 656 762 704 aunt
787 649 821 706 V.
847 648 1002 704 conductus
1026 665 1115 720 equae
1139 649 1196 704 eive
1222 651 1356 722 oolouoge
1383 649 1542 722 vulgariter
1565 671 1608 705 ro

358 747 448 796 cetae.
468 769 497 778 -
523 739 593 793 ltem
617 743 718 792 terram
743 753 825 808 quam
851 738 918 792 amit
942 735 1050 792 duabua
1068 737 1191 792 millibus
1208 737 1341 792 librurnm
1366 755 1383 793 e
1406 741 1608 794 communitate
1672 747 1673 752 ’

360 827 546 883 Scardononei
565 841 629 880 cum
649 825 778 880 omnibns
796 825 976 894 pertinentiis,
995 826 1075 878 onius
1093 824 1202 880 termini
1219 825 1378 880 escendunt
1401 827 1439 880 ab
1456 843 1535 898 aqua
1554 829 1609 882 eive

358 917 421 972 lacu
441 915 546 970 marino
566 929 614 984 per
632 913 727 968 canale
744 913 823 966 iuxta
841 919 951 982 pratum
970 913 1044 978 bani,
1062 917 1091 966 et
1108 911 1263 966 ascendunt
1280 929 1370 983 usque
1386 911 1424 968 ad
1441 915 1519 968 viam
1539 931 1609 986 qaue

358 1004 436 1060 ducit
449 1019 544 1058 verano
556 1001 649 1054 villam
662 999 835 1054 'Chuliaciehi
848 1015 943 1054 varana
955 1005 1064 1070 portam
1076 1015 1127 1054 eeu
1140 999 1232 1068 Vrapa
1243 1000 1395 1071 vulgariter
1408 1000 1494 1060 dictu
1507 1001 1609 1056 deinde

357 1093 490 1162 perviam
504 1105 575 1160 quac
588 1090 673 1142 currit
686 1105 734 1160 per
745 1087 923 1157 supercilium
937 1088 1039 1142 montio
1052 1088 1131 1142 iuxta
1144 1088 1277 1142 maceriae
1289 1089 1405 1151 antima,
1418 1097 1447 1142 at
1460 1089 1608 1144 deseendit

355 1179 390 1234 ad
409 1177 567 1234 Nedobithe
584 1175 620 1232 ad
639 1177 740 1232 flumen
760 1175 874 1241 Corolia,
892 1176 957 1230 inde
976 1191 1025 1244 per
1043 1174 1165 1230 medium
1185 1175 1261 1230 fluvii
1272 1191 1357 1246 nuper
1369 1174 1438 1246 Slap
1452 1178 1529 1232 inam
1548 1195 1605 1232 mo

357 1265 470 1322 landina
487 1281 571 1336 super
589 1264 694 1318 dictum
712 1263 803 1318 lacurn
823 1271 851 1316 et
870 1279 963 1317 verane
982 1263 1085 1318 iontem
1099 1261 1202 1318 Scubul
1213 1263 1274 1318 aine
1289 1262 1402 1318 Goaaro.
1413 1263 1490 1319 ltern
1506 1271 1607 1320 terrm

359 1371 443 1427 qnam
461 1355 528 1408 emit
547 1368 660 1408 consors
684 1367 735 1406 aua
759 1350 832 1404 Vrsa
850 1351 966 1405 Baniaaa
987 1367 1005 1404 a
1028 1351 1194 1420 quibusdam
1216 1349 1351 1406 Bourdou.
1373 1367 1426 1422 pro
1439 1355 1563 1422 pnauin
1580 1354 1611 1406 li·

357 1445 468 1497 brorum
488 1441 540 1496 150
558 1455 702 1510 parvorum
729 1438 905 1494 donariorum
925 1439 1105 1504 Venetorum,
1124 1439 1203 1492 cuiun
1220 1439 1331 1494 termini
1356 1445 1421 1492 aunt
1444 1439 1484 1493 ab
1503 1443 1611 1494 oriente

357 1547 437 1585 mons
455 1528 586 1594 incultus,
605 1543 639 1581 ex
658 1533 735 1596 parte
753 1526 878 1580 acirocali
897 1533 939 1580 eat
958 1527 1001 1580 via
1019 1541 1090 1596 quae
1110 1526 1185 1580 vadit
1204 1541 1299 1580 verane
1311 1525 1404 1580 villam
1426 1527 1609 1597 Culischichi.

359 1619 395 1672 ab
414 1615 557 1672 occidente
577 1623 619 1670 est
636 1623 746 1685 pratum
765 1615 838 1682 bani,
858 1631 891 1668 ex
910 1613 1013 1668 boreali
1034 1621 1105 1667 terre
1118 1613 1274 1668 Vindialnui
1294 1613 1343 1668 filii
1361 1614 1509 1684 quondam
1522 1613 1609 1669 Petri.

357 1705 428 1760 Item
447 1711 547 1758 terram
566 1719 649 1774 quarn
668 1704 735 1756 emit
752 1719 769 1756 a
788 1700 928 1773 praedicto
951 1699 1117 1755 Vledialano
1136 1703 1195 1756 cive
1214 1700 1397 1756 Scardonenai
1417 1717 1470 1772 pro
1491 1711 1607 1757 centum

360 1795 468 1860 marcis,
487 1807 558 1863 quac
577 1793 630 1846 nita
648 1797 689 1844 eat
707 1792 778 1844 inter
796 1803 896 1844 ten-orn
915 1789 978 1844 bani
998 1794 1026 1842 et
1043 1789 1115 1842 viam
1134 1803 1205 1858 quaa
1224 1787 1367 1842 descendit
1386 1787 1421 1842 de
1439 1788 1609 1859 Dabronior

358 1898 452 1936 versuo
478 1881 567 1946 Bitne,
593 1880 672 1934 cuine
696 1877 814 1932 latitudo
839 1883 880 1932 est
903 1893 1032 1932 mnarum
1058 1878 1115 1931 aive
1137 1875 1326 1945 noachiperum
1349 1877 1498 1948 sexaginta
1523 1879 1609 1932 trium

357 1985 487 2024 mensura
505 1967 717 2022 Charaetorurn.
736 1965 791 2018 Per
808 1965 922 2034 longum
942 1981 1006 2019 vero
1030 1964 1126 2034 incipit
1148 1980 1165 2017 a
1190 1970 1285 2018 monte
1307 1963 1412 2018 inculto
1438 1971 1467 2018 et
1492 1965 1609 2036 attingit

357 2058 393 2112 ad
412 2058 483 2111 viam
502 2055 642 2126 publicam
662 2066 732 2124 qnae
750 2053 875 2107 ascendit
892 2070 910 2106 a
928 2053 1038 2107 civitate
1057 2051 1239 2106 Scardonenai
1264 2051 1300 2106 ad
1318 2051 1433 2106 Billune.
1457 2051 1532 2106 nem
1555 2059 1609 2106 tru-

358 2144 428 2199 didit
450 2143 557 2197 vineam
576 2142 706 2208 Oeneroa,
726 2157 780 2210 qua
798 2145 918 2194 metetur
938 2141 995 2194 viae
1014 2139 1150 2212 publicae,
1166 2155 1238 2209 quae
1260 2139 1384 2194 ascendit
1407 2154 1426 2191 a
1451 2139 1521 2194 uilla
1549 2140 1610 2194 Sla-

359 2232 459 2286 mnioh.
479 2231 551 2285 Item
570 2230 652 2284 aliam
665 2229 773 2284 vineam
793 2245 864 2298 quae
883 2235 1002 2282 metatur
1020 2245 1054 2282 ex
1073 2233 1152 2297 parte
1170 2227 1275 2282 boreali
1288 2233 1376 2282 terrae
1389 2225 1609 2298 Slotargouach.

358 2337 393 2374 ex
412 2319 521 2373 airocali
540 2319 634 2372 vineae
659 2317 775 2382 Ouernn,
800 2333 833 2369 ex
852 2315 957 2370 oriente
975 2323 1047 2370 terra
1065 2313 1247 2370 Tobolouioh.
1275 2313 1346 2370 Item
1365 2320 1466 2368 terram
1485 2317 1516 2369 in
1535 2316 1610 2370 valle

359 2407 461 2462 Dabar.
481 2405 551 2460 Item
571 2405 718 2458 duodecim
733 2405 833 2473 jugero
852 2409 940 2457 terrae
959 2419 1042 2472 qnam
1066 2404 1131 2456 emit
1151 2420 1166 2455 n
1185 2403 1358 2472 Dragoelnra
1383 2400 1531 2472 qnondam
1552 2405 1609 2458 De

359 2495 459 2561 minici‚
480 2500 663 2564 cognomento
683 2492 814 2546 Bereathe
833 2509 883 2562 pro
897 2491 973 2546 libris
986 2490 1047 2555 LX,
1061 2507 1131 2560 quac
1145 2497 1216 2544 terra
1237 2491 1328 2559 posita
1340 2495 1382 2544 eat
1394 2489 1421 2543 in
1436 2489 1611 2561 Corlaniea?

357 2585 429 2636 inter
453 2581 520 2636 istos
545 2581 680 2635 confines:
706 2597 740 2634 ex
765 2581 870 2633 on'entc
898 2587 970 2632 terra
994 2577 1161 2632 Tuardouch
1187 2585 1214 2632 et
1239 2575 1373 2648 Stephani
1397 2575 1550 2648 Sichiripe,
1578 2597 1610 2634 ex

360 2671 505 2725 occidente
523 2685 603 2724 mone
629 2669 759 2734 incultus,
785 2685 819 2721 ex
845 2667 948 2720 boreali
973 2672 1001 2720 et
1025 2665 1197 2721 meridionali
1222 2673 1295 2720 terre
1317 2663 1437 2719 Irubanci
1463 2667 1612 2736 quondam

360 2759 518 2812 Bratobnre.
548 2757 618 2810 Item
643 2763 729 2810 totam
755 2763 855 2809 terram
881 2763 908 2808 et
933 2754 1025 2808 villam
1049 2753 1189 2808 Slemnich
1213 2757 1329 2823 excepta
1358 2753 1497 2822 particule
1527 2755 1612 2808 uillae

359 2845 461 2899 donata
480 2843 588 2906 Dechli
608 2861 679 2914 quae
698 2843 787 2897 eidern
806 2849 927 2897 remanet
946 2842 1040 2908 libera,
1059 2859 1133 2896 more
1152 2857 1201 2894 aen
1219 2841 1345 2895 libertate
1364 2840 1503 2895 nobilium
1521 2841 1610 2896 enar-

361 2939 497 2986 natorum.
517 2932 612 2986 Huius
630 2939 719 2986 terrae
738 2931 860 2985 confines
878 2930 1015 2999 incipiunt
1038 2947 1055 2982 a
1080 2936 1163 2998 puteo
1192 2927 1359 2994 Vianenach,
1382 2932 1533 2982 transeunt
1561 2947 1612 3000 por

362 3022 434 3074 viam
453 3025 609 3073 currentem
628 3020 700 3074 inter
727 3019 899 3086 Dubovipam
918 3025 945 3070 et
964 3017 1078 3087 Prispap
1102 3033 1189 3086 nsque
1213 3015 1249 3070 ed
1277 3003 1430 3070 Gentilium
1454 3015 1613 3088 vulgariter

362 3112 481 3174 vocatas,
502 3113 530 3160 ct
547 3106 633 3172 vergit
647 3122 742 3159 versuo
757 3105 849 3158 villam
863 3105 994 3158 Plastovo
1008 3111 1035 3158 et
1049 3111 1162 3174 putenm
1177 3101 1318 3158 Siamuich
1330 3101 1365 3157 ad
1378 3104 1452 3158 uam
1464 3104 1613 3173 publicam

363 3199 487 3247 vocatam
508 3193 569 3247 Sec.
589 3192 642 3247 Sea
655 3235 661 3247 .
675 3233 681 3246 .
695 3195 737 3261 ica
756 3199 838 3256 cesta,
858 3191 1001 3267 descendit
1026 3191 1061 3244 ad
1086 3191 1191 3244 fontem
1217 3189 1308 3258 Copur
1330 3197 1358 3242 ct
1381 3203 1430 3259 per
1454 3197 1614 3247 torrentem

361 3281 504 3336 ‹lescendit
522 3281 557 3334 ad
577 3285 698 3334 montem
718 3279 857 3348 Gradciuu
876 3285 904 3333 et
923 3279 1049 3349 dirigitur
1066 3278 1102 3332 ed
1121 3279 1230 3332 Petrani
1249 3279 1321 3332 inter
1345 3277 1445 3332 vallem
1464 3277 1566 3334 Badeo
1587 3295 1613 3335 et

365 3370 460 3423 Dabar
479 3377 506 3422 et
524 3387 541 3422 a
559 3369 654 3422 Dabar
672 3369 743 3422 inter
762 3375 883 3421 montera
902 3367 1054 3436 Sridoscigu
1072 3373 1100 3421 et
1118 3365 1272 3436 speluncas.
1286 3365 1322 3420 Et
1336 3373 1436 3420 terram
1450 3375 1580 3437 emptam
1599 3387 1614 3421 a

363 3457 507 3511 Dobroaao
526 3461 644 3525 cognato
664 3454 829 3510 Tvardouch
853 3463 880 3510 ct
904 3472 921 3509 a
947 3455 1030 3509 fratre
1049 3471 1099 3507 auo
1123 3455 1258 3524 Gregorio
1283 3459 1403 3522 cognato
1428 3453 1531 3524 Obliga
1549 3469 1614 3509 era

362 3543 473 3614 Granap
498 3545 661 3614 cognomine
685 3544 816 3612 Bigamua
841 3559 890 3612 pro
909 3543 985 3596 libris
1005 3543 1043 3595 M.
1063 3541 1244 3596 ducentorum
1264 3555 1411 3610 parvorum
1431 3539 1613 3598 denariorum

362 3631 533 3685 Venetorum
553 3638 581 3685 et
599 3631 668 3684 <luna
687 3633 822 3685 sessiones
836 3647 975 3685 servornm
990 3647 1103 3684 auorum
1117 3629 1221 3683 scilicet
1233 3629 1342 3684 Nicolni
1355 3635 1383 3683 et
1396 3627 1471 3683 Petri
1485 3629 1611 3684 filiorum

361 3705 499 3773 Johannie
516 3720 563 3788 qui
584 3719 635 3773 soit
654 3727 748 3788 pastor
767 3735 877 3773 ecorum
897 3721 1051 3789 (equorum)
1070 3733 1191 3771 suornm.

418 3806 563 3876 Oripiuole
580 3821 788 3876 perpunieneum
808 3807 838 3858 in
859 3823 916 3858 nico
935 3805 1099 3860 collectione.

415 3966 579 4020 MDOXVI.
600 3969 678 4019 1299.
696 3967 739 4017 28.
758 3963 877 4031 Aprilia.
892 3963 987 4018 Frater
999 3962 1157 4032 Stephanus
1170 3962 1257 4016 abbas
1269 3967 1423 4016 oonranttra
1435 3961 1614 4018 Menai*

363 4063 460 4108 notum
479 4055 552 4119 faciit,
572 4053 647 4122 qnod
667 4069 759 4106 comes
778 4051 875 4105 thuz
893 4069 910 4105 a
928 4059 1006 4121 parte
1024 4047 1080 4104 nna
1099 4057 1126 4105 et
1145 4051 1276 4119 magister
1288 4047 1448 4118 Stephanae
1469 4049 1546 4103 filiun
1566 4069 1614 4104 ω-

363 4144 436 4196 rnitis
455 4142 578 4196 Huholdi
598 4143 633 4194 ab
652 4141 737 4194 altera
756 4141 874 4194 consensi
894 4151 959 4193 eunt
976 4141 1047 4194 inter
1060 4157 1089 4193 ne
1102 4139 1200 4193 fecisse
1219 4137 1419 4202 concambium,
1438 4135 1514 4206 quod
1535 4137 1612 4192 idem

364 4248 456 4284 comos
475 4229 571 4283 Oolruz
589 4235 676 4282 terras
695 4243 759 4282 arras
784 4230 928 4297 empticiaa
947 4229 973 4281 in
993 4227 1106 4282 Oltarch
1131 4227 1236 4280 scilicet
1260 4223 1330 4278 duaa
1354 4223 1442 4290 uillas,
1463 4223 1611 4288 Volturno,

363 4318 452 4387 Bylry,
472 4317 643 4381 Scullrsoluu,
663 4316 869 4385 Haraolrylysy‚
889 4315 1118 4384 Kalachnlgvelg,
1137 4314 1202 4368 villa
1221 4331 1241 4366 s.
1267 4312 1396 4380 Georgei‚
1411 4311 1561 4380 Inaniliay,
1581 4325 1610 4366 et

366 4406 435 4458 duas
455 4406 533 4458 villae
553 4403 658 4457 Kntfeu
676 4420 708 4457 ac
727 4406 882 4474 portionem
902 4403 936 4456 de
955 4410 1025 4456 terra
1044 4401 1172 4455 Horuath
1185 4401 1212 4454 in
1232 4400 1372 4454 vicinitate
1391 4403 1481 4452 teme
1500 4400 1613 4452 comitia

364 4494 412 4546 lna
432 4493 557 4547 Horvath
577 4491 675 4558 (lictae,
694 4492 759 4545 item
779 4499 880 4545 terram
899 4492 996 4544 Zamar
1015 4499 1040 4544 et
1060 4490 1178 4542 lllolunri
1198 4488 1233 4542 ed
1252 4486 1345 4540 villam
1369 4483 1508 4540 flemene
1528 4489 1612 4555 perti·

365 4591 462 4636 nentes
481 4581 556 4634 dedit
576 4583 602 4634 in
623 4587 795 4650 perpetuum.
816 4581 839 4634 E
858 4596 988 4634 converso
1007 4579 1138 4644 magister
1157 4575 1315 4646 Stephanus
1334 4573 1526 4644 ponaeuionaa
1545 4591 1612 4628 anan

365 4669 575 4738 Scentmertnm,
596 4669 745 4738 Gondaloi,
764 4669 890 4739 Bogetlra
909 4675 935 4721 et
956 4665 1176 4738 Sceleacyglrche
1195 4663 1271 4719 dedit
1295 4663 1324 4718 in
1344 4661 1542 4720 mouentium
1566 4681 1612 4718 u)-
