3488 5380
370 407 435 476 246
871 435 893 476 1.
913 422 1112 490 mmrnvro,

371 599 575 672 interruptione
592 600 724 671 legitima,
742 605 840 672 utpote
859 615 909 672 per
926 599 1032 656 dictum
1050 599 1069 656 J
1070 615 1189 656 oannem
1200 599 1344 656 institutus
1363 601 1392 654 in
1410 599 1485 656 dicta
1503 601 1619 658 ecclesia

370 694 400 744 et
427 686 603 743 introductus
621 687 649 742 in
668 687 840 759 spiritualem
863 687 1078 759 possessionem,
1096 687 1151 759 ipsi
1170 688 1252 742 etiarn
1270 687 1299 742 in
1315 687 1544 760 archiepiscopati
1569 706 1619 760 pa-
1727 675 1728 686 ¹

369 777 438 831 latio
457 773 642 831 obedientiam
661 775 734 844 iecit,
759 791 823 830 cum
847 775 909 831 aliis
932 775 1079 831 collectam
1102 773 1194 844 solvit,
1215 775 1400 830 visitationem
1428 775 1491 846 ejus
1512 777 1618 847 recipit,

358 854 531 920 ¹convictum
548 863 597 918 dat
620 864 733 936 pluries,
760 869 789 920 et
817 861 854 918 ad
880 861 1019 934 synodum
1044 862 1126 930 venit,
1148 877 1350 933 recognoscens
1373 879 1437 918 eum
1463 863 1619 934 praelatum

370 955 399 1007 et
412 951 536 1022 judicem
555 967 638 1008 suum
656 950 844 1020 ordinarinm3
862 967 936 1006 nune
954 955 1049 1006 autem
1067 947 1180 1006 obedire
1197 949 1356 1017 contemnit,
1376 949 1563 1006 visitationem
1578 969 1619 1006 re·

372 1039 435 1094 nuit
452 1043 481 1095 et
498 1040 593 1094 omnia
610 1039 688 1110 prius
700 1038 775 1094 sacta
793 1043 821 1094 et
838 1037 950 1094 servitia
961 1037 1091 1108 denegat,
1108 1036 1238 1106 quocirca
1255 1051 1320 1091 sum
1338 1053 1402 1091 cum
1420 1035 1517 1092 dolore
1534 1038 1619 1093 animi

371 1126 415 1181 sui
432 1131 576 1196 umquam
604 1125 735 1182 rebellem
762 1131 790 1181 et
818 1130 1012 1182 contumacem
1041 1123 1270 1180 excommunicat
1298 1123 1495 1180 Praesentibus
1523 1124 1619 1180 Salvio

368 1213 544 1268 Tribuniensi
562 1213 704 1286 episcopo,
722 1229 756 1270 ac
774 1212 904 1268 omnibus
925 1211 1082 1280 abbatibus,
1099 1211 1250 1268 canonicus
1267 1211 1429 1282 Ragusinus
1448 1217 1476 1268 et
1493 1213 1620 1268 notanus
1728 1217 1729 1222 ’

367 1300 568 1372 archiepiscopi
586 1301 705 1372 scripsit.

420 1405 467 1458 Er
479 1409 655 1474 transumpto
673 1405 791 1462 buiiorii
808 1404 917 1462 arctici
934 1404 1084 1476 Rogudui.
1103 1404 1144 1460 di.
1163 1403 1191 1459 S.
1209 1403 1242 1458 ia
1259 1419 1320 1460 mea
1338 1403 1399 1461 coli.
1417 1421 1444 1474 p.
1462 1409 1523 1462 370.

389 1561 619 1620 'Doooxrnw
637 1567 714 1620 1262.
736 1569 760 1618 7.
778 1564 894 1620 Martii.
916 1563 984 1619 Beia
1006 1562 1057 1620 IV.
1082 1580 1131 1620 rex
1159 1562 1336 1619 commendat
1359 1563 1517 1634 memoriae,
1542 1566 1621 1638 quod

370 1667 435 1706 cum
451 1655 552 1706 terram
571 1651 712 1722 Megcsizs
731 1652 787 1708 iam
804 1650 911 1706 dudum
929 1651 1023 1707 comiti
1035 1650 1170 1706 Hudinae
1189 1667 1239 1723 pro
1258 1651 1362 1706 meritis
1375 1651 1433 1706 suis
1445 1651 1620 1722 contulisset,

374 1753 544 1808 quamquam
563 1737 662 1794 eadem
679 1738 757 1810 quod
775 1737 848 1794 idem
866 1754 960 1794 comes
979 1745 1022 1794 eat
1041 1739 1146 1795 solacio
1164 1738 1249 1794 virilis
1267 1738 1372 1794 sobolis
1384 1737 1543 1807 destitutus,
1556 1740 1621 1811 ipso

371 1823 484 1880 sublato
510 1826 546 1882 de
569 1825 662 1881 medio
685 1826 721 1881 ad
747 1826 838 1896 regias
862 1841 963 1882 manus
989 1825 1084 1880 reduci
1101 1825 1160 1880 iure
1184 1825 1289 1880 domini
1312 1826 1457 1896 potuisset,
1470 1826 1621 1883 standene

374 1918 468 1968 tamen
486 1913 574 1984 ipsius
592 1913 703 1968 comitis
721 1912 833 1968 servitu
851 1918 880 1968 et
898 1911 1012 1970 delicias
1031 1911 1134 1984 quibus
1151 1928 1245 1984 regern
1263 1917 1292 1967 ct
1309 1929 1377 1968 suos
1389 1912 1520 1970 continue
1531 1914 1621 1972 hono-

372 2000 449 2067 ravit,
469 1999 506 2054 ad
524 1999 687 2056 instantiam
705 1999 792 2072 patris
809 1999 933 2072 Philippi
952 2000 1075 2071 episcopi
1100 1999 1181 2069 Zagr.
1205 1999 1288 2054 aulae
1311 1999 1466 2054 cancellarii
1483 2001 1512 2054 in
1532 2001 1621 2057 archi·

369 2087 534 2158 episcopum
552 2085 771 2157 strigoniensem
784 2085 926 2158 postulati,
939 2085 1021 2142 duxit
1037 2085 1216 2142 annuendum
1228 2091 1260 2140 ut
1271 2101 1365 2141 comes
1377 2085 1532 2156 Gregorius
1544 2087 1620 2144 filins

371 2173 499 2228 Grobesa
516 2179 545 2230 et
561 2172 660 2230 frames
678 2182 706 2230 et
723 2173 835 2244 cognati
852 2173 963 2230 comitia
987 2172 1120 2229 Hudinae
1146 2171 1263 2228 eandem
1279 2179 1382 2228 mnam
1399 2179 1536 2246 perpetuo
1554 2191 1622 2246 poe-

369 2259 486 2316 rideant

424 2347 552 2404 Ticidid:
572 2349 651 2404 Mon.
669 2347 732 2404 bist.
754 2350 784 2404 T.
803 2350 825 2404 1.
839 2364 870 2418 p.
889 2351 950 2402 12⁷.
1040 2333 1043 2338 ¹

422 2505 623 2564 Doooxxv.
648 2509 725 2561 1262.
755 2511 800 2563 30.
825 2507 916 2562 duait.
941 2507 1009 2562 Bela
1033 2521 1082 2562 rex
1109 2505 1241 2573 notificat,
1268 2505 1343 2576 quod
1370 2505 1448 2577 pugil
1474 2505 1623 2564 Jchannes

360 2594 449 2649 'filius
475 2593 594 2649 Joanuia
610 2593 809 2666 'supplicasset
825 2599 858 2650 ut
875 2600 976 2650 terram
1001 2593 1084 2649 castri
1103 2593 1223 2662 Zagoria
1246 2593 1346 2648 Batiua
1369 2599 1505 2660 vocatam,
1530 2598 1623 2650 terrm

359 2669 443 2737 ‘suae
461 2680 662 2737 haereditariae
683 2681 851 2752 contiguam,
870 2681 906 2736 ad
924 2681 959 2736 tri
976 2685 1069 2736 aratra
1086 2679 1271 2736 sufficientem
1289 2679 1341 2734 sibi
1358 2678 1426 2736 darc
1449 2679 1622 2751 dignaretur.

374 2769 435 2824 Rex
453 2767 537 2839 igitur
561 2767 742 2824 consideratio
760 2769 821 2839 ejus
839 2768 957 2824 servitiis
974 2767 999 2824 ei
1018 2767 1120 2823 dictam
1144 2773 1245 2822 terram
1269 2767 1369 2822 Batina
1391 2767 1509 2822 contulit
1536 2769 1617 2823 etin

369 2857 578 2928 possessionem
604 2853 777 2926 corporalem
801 2872 850 2928 per
878 2856 1042 2926 magistrum
1065 2854 1157 2926 Moys,
1179 2859 1246 2910 tirnc
1269 2854 1398 2910 comitem
1420 2851 1456 2909 de
1481 2853 1618 2926 Symigio,

369 2943 435 2998 fecit
452 2942 598 2999 introduci.
617 2942 705 2998 Ouios
723 2948 813 2998 terrae
837 2947 927 2998 metae
952 2947 1035 3013 prout
1052 2943 1081 2998 in
1099 2941 1185 2996 literis
1204 2941 1333 2996 Lamberi
1351 2939 1468 3008 comitis,
1487 2939 1617 2997 officialis

369 3031 495 3100 magistri
513 3029 596 3100 Moys
614 3028 835 3093 continebantur,
862 3029 914 3084 hae
932 3028 1047 3084 suerint:
1072 3029 1165 3084 Prima
1182 3044 1218 3083 ex
1236 3031 1315 3100 parte
1337 3026 1511 3082 meridionali
1532 3029 1617 3100 juxta

369 3133 500 3186 magnam
518 3119 592 3172 viam
610 3134 645 3172 ex
664 3111 897 3187 parte'Bokouch
914 3120 1003 3171 terrae
1029 3131 1104 3184 suae,
1122 3116 1169 3171 cui
1186 3121 1262 3170 meta
1285 3114 1395 3170 Nicolai
1414 3114 1463 3168 tilii
1487 3113 1618 3186 Gregorii

368 3205 536 3272 associatum
554 3202 655 3260 deinde
672 3205 700 3258 in
719 3203 817 3260 eadem
846 3203 891 3258 via
915 3201 1091 3274 procedendo
1109 3217 1206 3258 versus
1228 3200 1398 3258 occidentem
1425 3200 1570 3256 descendit
1587 3203 1616 3256 in
1730 3207 1731 3218 ¹

368 3293 469 3348 vallem
487 3297 515 3348 et
532 3291 570 3347 ibi
589 3293 617 3347 in
635 3291 720 3348 dorse
738 3291 840 3347 montis
863 3291 912 3362 qui
936 3289 1067 3346 Graducb
1091 3289 1191 3346 dicitur
1209 3293 1252 3344 est
1274 3293 1349 3344 meta
1371 3287 1490 3360 lapides,
1515 3286 1617 3344 deinde

369 3378 512 3434 descendit
538 3379 574 3434 ad
601 3378 716 3434 fluvium
741 3377 888 3446 Smasbur,
913 3376 1013 3432 deinde
1039 3377 1115 3432 venit
1138 3376 1175 3432 ad
1199 3377 1281 3432 aliam
1305 3376 1379 3432 viem
1402 3377 1481 3432 iuxta
1505 3377 1616 3433 vineam

368 3465 515 3533 Johannia,
533 3465 598 3522 inde
616 3465 760 3522 descendit
777 3464 813 3520 ad
831 3465 946 3520 fluvium
967 3464 1120 3520 Bonnami.
1139 3463 1278 3519 -Juxta
1295 3465 1368 3520 viam
1387 3467 1430 3520 est
1447 3467 1523 3518 meta
1542 3465 1618 3519 Mar·

368 3553 420 3608 tini
447 3553 495 3608 filii
520 3551 647 3608 Gurdina
674 3557 701 3607 et
727 3551 886 3620 Ounmicbo,
914 3550 1015 3608 deinde
1041 3567 1091 3623 per
1116 3551 1190 3606 latus
1214 3551 1316 3607 montis
1340 3549 1376 3606 ad
1403 3549 1617 3606 haereditariam

370 3645 471 3696 terram
495 3639 643 3708 iohannis,
660 3655 732 3709 quse
756 3639 852 3710 Dnlga
876 3643 998 3706 vocatur,
1022 3637 1141 3694 indeed
1165 3639 1283 3709 primam
1305 3644 1416 3694 meum.
1440 3637 1548 3693 Datum
1567 3655 1618 3710 per

368 3743 469 3782 manus
486 3727 611 3797 magistri
628 3726 709 3782 Pauli
727 3726 807 3782 electi
825 3725 954 3794 albensis,
973 3725 1054 3780 aulae
1072 3725 1294 3782 vicecancellarii.
1342 3791 1346 3799 ἱ

422 3848 469 3904 Ee
487 3849 599 3905 arctico
616 3848 750 3919 familiae
773 3847 912 3906 Jaaitooid
930 3848 963 3904 de
980 3847 1086 3903 Br'ibt'r.
1113 3843 1211 3914 Feier:
1239 3845 1304 3903 (iod.
1329 3845 1399 3916 dipl.
1423 3847 1487 3904 VII.
1510 3849 1564 3905 ool.
1591 3853 1617 3904 3.

366 3952 434 4007 ras·
455 3939 496 3991 ⁴³·
990 3971 995 3982 ·

424 4093 636 4152 Doucxva
664 4096 836 4168 zagrsbiae.
861 4098 939 4150 1262.
966 4099 990 4148 6.
1018 4093 1100 4148 datii
1128 4091 1270 4147 Fabianus
1298 4109 1392 4148 comes
1420 4094 1620 4166 Zagrabiensis

371 4182 504 4250 notificat,
526 4182 601 4253 quod
621 4181 703 4238 Wlxa
721 4188 750 4238 et
766 4181 866 4254 Bcdyk
890 4181 939 4236 filii
957 4179 1100 4251 Vrstynlai
1121 4179 1287 4250 jobagiones
1306 4182 1389 4236 caatd
1412 4181 1619 4252 Zagrabiensis,

370 4275 486 4341 accepto
504 4269 541 4324 ab
559 4269 607 4325 illo
625 4269 759 4340 pristaldo
788 4271 887 4340 Nepne
915 4265 1005 4326 Salios
1032 4273 1151 4338 cognato
1173 4265 1291 4322 Velinlai
1314 4267 1474 4324 citavissent
1500 4270 1528 4324 in
1557 4272 1620 4326 eius

370 4357 538 4429 presentiam
556 4355 681 4424 Lukacb‚
699 4357 764 4428 Vyd
783 4362 812 4413 et
829 4373 896 4412 suos
914 4356 1012 4411 iratres
1031 4355 1103 4409 tilios
1124 4353 1225 4422 Endre,
1244 4359 1432 4428 proponentes
1451 4361 1548 4412 contra
1560 4373 1620 4425 eos,

359 4443 527 4515 'quodcum
559 4443 643 4498 iidem
667 4445 774 4500 ratione
798 4443 1008 4516 compositionis
1030 4441 1120 4497 factas
1146 4441 1217 4496 inter
1236 4457 1285 4496 eos
1302 4440 1338 4496 de
1364 4446 1437 4498 terra
1464 4443 1518 4498 sita
1545 4443 1620 4500 inter

368 4531 550 4587 Lcmniobam
577 4547 612 4586 ex
639 4537 716 4603 parte
744 4532 914 4604 populorum
940 4529 976 4585 de
1002 4535 1075 4584 terra
1098 4529 1186 4583 Ohehi
1214 4527 1326 4599 triginta
1350 4533 1485 4588 vvretenos
1508 4535 1620 4588 terreos

371 4619 437 4674 dare
449 4617 619 4686 debuissent,
632 4620 703 4674 sicut
715 4621 743 4674 in
756 4620 818 4674 loco
830 4616 994 4674 sacrementi
1013 4633 1062 4688 per
1081 4616 1291 4671 sententiatcres
1308 4617 1437 4674 extiterat
1449 4617 1619 4689 ordinatum,

376 4703 451 4776 quod
471 4710 674 4762 sacramentum
698 4705 803 4762 eisdem
826 4705 890 4762 flliis
912 4703 1005 4760 Endre
1029 4702 1236 4758 adiudicaverat
1258 4705 1373 4773 (comes)
1397 4703 1447 4760 sed
1470 4705 1534 4761 illos
1557 4721 1620 4762 non
