3480 5356
327 316 393 381 324
828 340 849 381 n
870 325 1068 402 suammet,

326 505 421 560 mitem
439 503 579 560 loannem
597 503 685 559 filium
704 505 764 575 Isip
781 503 819 559 ab
836 520 893 558 una
911 509 998 575 parte,
1016 507 1044 559 et
1061 503 1192 558 eomimm
1216 501 1313 559 Ochus
1329 519 1366 557 ex
1383 502 1470 558 altera
1488 517 1575 574 super

326 591 400 648 iacto
418 587 628 646 terrse'Obuna
645 596 674 646 et
691 590 878 646 destructione
905 589 1039 657 eiusdem,
1064 594 1092 645 et
1115 589 1224 646 comitis
1248 586 1367 645 Joauuis
1390 604 1475 660 snper
1498 593 1574 644 terra

326 693 377 734 sna
395 678 450 734 Sur
468 693 517 749 per
535 679 627 750 ipsum
645 678 787 734 comitem·
799 676 895 734 Ochus
922 677 996 734 iacta
1014 693 1071 732 uon
1089 681 1121 732 ut
1135 675 1245 747 judices
1264 673 1314 732 ssd
1336 674 1433 730 arbitri
1456 675 1572 730 arbitra·

324 779 427 834 remur,
454 764 528 820 idem
554 781 647 820 comes
673 763 798 820 Joannes
825 763 968 820 asserebat
995 763 1071 835 quod
1098 780 1192 820 comes
1219 763 1315 820 Ochus
1338 763 1441 818 dietam
1469 769 1571 818 terram

326 851 426 906 Chusa
444 851 579 907 detineret
596 851 719 908 indebite
743 857 917 924 occupatam,
937 869 952 908 e
970 867 1104 908 converso
1129 850 1272 921 respondit
1292 849 1396 918 Ochus,
1413 849 1491 921 quod
1509 867 1571 906 eam

325 935 360 992 de
373 943 529 1012 ¹praecepto
548 937 660 1009 reginae
678 938 793 994 senioris
817 939 871 994 sibi
896 939 1073 995 commissam
1098 943 1240 1010 tamquam
1264 941 1404 1020 protector
1426 936 1570 1006 detineret,

325 1023 361 1078 ad
387 1023 462 1094 qood
484 1024 594 1096 judices
619 1025 814 1096 adjudicarunt
837 1025 913 1098 quod
937 1025 1010 1082 idem
1032 1025 1128 1081 Ochus
1145 1025 1250 1080 dictum
1268 1028 1449 1096 praeceptum
1466 1023 1568 1096 produ·

325 1125 387 1166 cere
405 1109 516 1166 debeat.

382 1197 501 1264 Wensel:
523 1197 587 1254 (lod.
607 1199 676 1268 dipl.
698 1199 806 1268 Arpocl.
825 1198 879 1255 IX.
900 1202 944 1254 48.

377 1333 500 1392 MXOV.
519 1341 597 1392 1273.
616 1343 641 1390 ὀ.
662 1339 772 1394 Martii.
798 1339 979 1412 Praepositae
997 1345 1026 1394 et
1042 1339 1196 1412 capitulum
1216 1339 1414 1410 strigoniensis
1438 1338 1572 1394 malcaim

325 1421 361 1476 ad
388 1423 550 1493 petitionem
576 1423 677 1481 Jacobi
700 1427 853 1498 praepositi
876 1426 1010 1482 eeclnim
1033 1426 1231 1497 Zagrabieuaia
1255 1425 1442 1498 privilegialee
1464 1425 1573 1482 litteras

325 1507 448 1566 Ladielai
466 1509 518 1565 1v.
536 1511 610 1581 regie
628 1510 663 1566 de
681 1512 778 1568 eodem
798 1529 871 1568 auno
888 1518 1101 1569 transumunt

380 1597 474 1665 Fejer:
496 1598 559 1654 oea.
578 1597 647 1668 dipl.
666 1601 759 1670 Hunc.
781 1600 810 1655 Τ.
829 1599 892 1656 VII.
911 1601 963 1656 ool.
988 1600 1017 1654 V.
1034 1617 1063 1670 p.
1082 1604 1144 1656 390.

377 1753 517 1812 mxcvi.
535 1756 623 1824 Apud
639 1757 733 1812 orbem
753 1749 866 1812 celerem
885 1758 1135 1813 1273.11.itariit
1155 1757 1308 1828 Gregorius
1320 1757 1356 1812 X.
1369 1771 1444 1828 papa
1455 1755 1572 1812 mandat

328 1843 621 1912 Quinqueecciesieusi
639 1849 667 1898 et
685 1841 864 1912 Zagrabienei
884 1845 1023 1917 episcopis
1041 1850 1073 1900 ut
1090 1843 1236 1916 diiigenter
1253 1842 1440 1914 inquirantde
1451 1843 1486 1898 iis
1498 1859 1572 1914 quse

324 1931 352 1984 in
371 1929 488 1985 eeclesia
505 1931 703 1986 correctionem
721 1937 876 2002 exposcunt
894 1937 1003 1988 stante
1022 1937 1133 2004 tempus
1152 1932 1290 2004 generalis
1302 1931 1412 1987 concilii
1424 1929 1460 1986 ad
1473 1929 1569 1987 sedem

324 2033 468 2073 romanam
486 2017 613 2073 referant.

376 2105 474 2172 Fejer:
495 2103 559 2160 Occi.
578 2103 648 2173 dipl.
669 2105 698 2160 T.
722 2103 752 2160 V.
770 2104 823 2160 ecl.
842 2105 883 2161 11.
901 2122 930 2175 p.
951 2111 995 2160 66.

376 2241 531 2298 mxovss.
549 2235 814 2314 Zaprabiaa.'1273.
834 2247 879 2301 20.
898 2246 1016 2315 Aprilis.
1035 2246 1185 2303 Matbaeue
1207 2247 1297 2302 banus
1315 2247 1400 2302 totius
1419 2245 1569 2302 Bistoniae

324 2329 501 2386 commendat
510 2332 667 2398 memoriae,
684 2331 759 2402 quod
778 2347 842 2388 cum
860 2333 907 2388 iiie
924 2339 1025 2390 terram
1037 2335 1158 2405 Dydichi
1172 2335 1326 2406 emptitiam
1338 2339 1366 2390 et
1377 2339 1466 2390 terras
1478 2335 1568 2390 cultae

324 2422 527 2487 superterram
545 2418 628 2472 castri
648 2417 775 2474 Medwed
793 2418 909 2476 detineri
928 2426 956 2476 et
974 2421 1113 2492 prohiberi
1130 2422 1242 2478 fecisset
1261 2427 1289 2478 et
1306 2422 1421 2477 alienari
1434 2422 1569 2478 voluisset

325 2520 342 2558 a
365 2503 473 2560 civibus
498 2503 712 2573 Greoheusibus,
730 2504 814 2560 iidem
833 2507 908 2562 cives
926 2507 1111 2564 exbibuerunt
1135 2509 1278 2581 privilegia
1296 2525 1330 2563 ex
1348 2507 1451 2578 quibus
1477 2509 1569 2580 patuit

324 2590 399 2662 quod
420 2591 448 2645 in
466 2592 509 2646 ius
528 2596 556 2646 et
573 2593 770 2663 proprietatem
788 2610 888 2649 manus
906 2611 973 2650 suas
991 2599 1019 2650 et
1038 2595 1192 2667 potentiam
1204 2595 1373 2651 extendisset
1390 2595 1494 2650 civium
1511 2594 1568 2651 dic-

323 2685 424 2747 torum,
443 2677 548 2734 dimisit
573 2679 668 2750 itaque
686 2679 726 2736 eie
745 2679 847 2736 dictam
871 2687 970 2738 terram
990 2687 1018 2738 et
1035 2684 1130 2738 vineas
1149 2683 1263 2756 pacifice
1282 2689 1310 2739 et
1329 2684 1486 2754 perenniter
1504 2699 1568 2755 pos·

323 2764 421 2822 sidere.

374 2851 515 2908 Artivna
532 2851 637 2922 pcvjest
655 2854 762 2925 ιΙιιροεῑ.
782 2856 839 2912 ΙΠ.
855 2873 885 2926 p.
906 2861 945 2913 el.

375 2991 545 3050 mxcvm.
563 2993 736 3064 zaprabiae.
762 2999 841 3050 1273.
859 2999 902 3052 20.
920 2999 1037 3067 Aprilis.
1057 3000 1189 3058 Matheus
1209 3002 1297 3058 banus
1315 3007 1400 3062 totius
1419 3006 1566 3064 sueoniae

322 3081 467 3151 significat,
495 3078 570 3150 quod
590 3081 758 3150 ingenerati
783 3086 997 3154 congregatione
1022 3089 1108 3144 totius
1131 3091 1210 3160 regni
1234 3091 1382 3148 Slavouise
1406 3095 1517 3152 nobiles
1540 3103 1567 3152 st

317 3167 485 3238 jobdgiones
512 3173 667 3224 castrorum
693 3168 763 3225 baec
787 3170 852 3240 jura
878 3174 956 3244 regni
981 3178 1009 3229 et
1033 3175 1152 3232 banatue
1179 3179 1207 3232 iu
1233 3180 1342 3250 scriptis
1361 3179 1565 3239 exhibuissent:

322 3258 347 3312 1.
366 3255 449 3322 Quod
468 3254 638 3312 Pristaldum
657 3273 740 3314 auum
765 3261 1004 3330 consanguineum
1022 3263 1066 3318 vel
1083 3269 1234 3333 cognatum
1258 3271 1307 3321 aut
1331 3269 1503 3339 servientem,
1522 3271 1565 3327 vel

233 3351 236 3358 ⁴
322 3359 404 3398 auum
414 3342 600 3412 parochialem
611 3344 781 3400 sacerdotem
793 3361 844 3416 pro
856 3349 1014 3404 testimonio
1031 3350 1153 3421 recipere
1164 3351 1259 3407 nuilus
1273 3356 1369 3425 possit
1388 3357 1413 3412 2.
1424 3355 1455 3412 Si
1467 3358 1564 3415 citsoio

323 3429 373 3484 fiat
389 3430 418 3483 in
438 3431 623 3499 praesentiam
643 3430 716 3499 bani,
735 3433 876 3502 quindena
894 3433 948 3490 diei
966 3437 1113 3504 citationis,
1133 3439 1157 3492 si
1174 3455 1239 3494 vero
1258 3441 1286 3494 in
1305 3444 1490 3512 praesentiam
1505 3445 1566 3502 eius

322 3515 445 3571 iudicum
463 3516 558 3572 citatio
582 3516 666 3572 debet
690 3533 741 3588 pro
767 3521 885 3576 termino
898 3561 1005 3578 ......
1018 3525 1085 3591 uari,
1109 3529 1136 3580 et
1160 3531 1237 3582 actor
1260 3529 1288 3582 in
1314 3529 1403 3600 primo
1427 3533 1565 3588 citationis

322 3600 412 3658 edicto
431 3603 459 3656 iu
477 3603 574 3658 litteris
600 3603 699 3659 iudicia
723 3621 804 3659 snam
828 3608 965 3678 exprimet
988 3611 1132 3682 actionem,
1149 3629 1183 3669 ne
1208 3614 1287 3670 locus
1311 3617 1457 3673 fraudibus
1480 3635 1564 3676 reser-

322 3693 415 3754 vatum
436 3693 464 3744 et
482 3690 504 3743 si
523 3696 675 3746 conventus
693 3692 721 3746 iu
740 3693 829 3764 primo
847 3709 902 3748 non
921 3700 1107 3767 comparuerit
1128 3702 1252 3768 termino,
1278 3703 1462 3774 quadraginta
1480 3707 1562 3763 dena·

322 3775 425 3830 riorum
451 3776 557 3846 judicio
582 3778 745 3850 subjacebit,
773 3797 823 3849 pro
850 3789 1021 3838 caeterorum
1044 3799 1113 3842 uero
1141 3787 1358 3846 obmissionibus
1385 3793 1564 3850 terminorum

322 3868 454 3918 consueta
469 3862 575 3933 judicia
592 3866 669 3935 regni
691 3868 840 3923 solventur.
865 3870 937 3924 Item
955 3873 980 3926 3.
998 3872 1100 3928 citatus
1123 3875 1151 3928 in
1176 3891 1262 3931 causa
1276 3879 1470 3949 possessionis,
1488 3881 1561 3949 ibrti,

320 3949 476 4018 violentiae,
503 3949 654 4020 homicidii,
673 3957 724 4007 aut
741 3954 921 4027 infidelitatis,
940 3959 962 4012 si
983 3961 1164 4029 personaliter
1182 3963 1226 4018 vei
1244 3979 1293 4035 per
1317 3965 1457 4024 bominem
1481 3983 1564 4025 suum

320 4037 514 4108 comparuerit,
533 4039 679 4109 responsio
692 4044 886 4112 peremptorie,
906 4045 965 4100 eine
980 4045 1078 4116 judicii
1091 4051 1251 4118 gravamine
1263 4069 1353 4124 usque
1365 4054 1401 4110 ad
1414 4058 1563 4128 mpdmum

321 4125 469 4178 terminum
493 4123 595 4180 debeat
621 4128 772 4198 prorogari,
797 4135 825 4184 et
848 4131 876 4186 iu
901 4133 1060 4204 receptione
1087 4135 1234 4192 cuiuslibet
1262 4142 1378 4210 termini,
1406 4143 1563 4212 quindecim

320 4209 427 4266 dierum
445 4209 574 4267 induciae
602 4213 791 4284 observentur,
816 4217 860 4272 vel
883 4235 933 4288 pro
961 4225 1068 4292 septem
1096 4223 1201 4292 edictis,
1229 4241 1302 4295 quae
1330 4227 1452 4298 legitime
1479 4233 1562 4304 recipi

321 4303 437 4369 possent
459 4315 532 4355 unua
555 4301 689 4356 terminus
713 4305 915 4375 peremptorius
933 4307 1103 4376 assignatum
1122 4315 1150 4364 et
1168 4311 1190 4364 si
1209 4313 1272 4382 quia
1290 4313 1318 4368 in
1338 4318 1497 4384 praemissis
1518 4333 1562 4374 ca·

322 4384 400 4440 sibus
418 4385 446 4440 in
465 4387 583 4458 septimo
602 4389 721 4443 termino
740 4405 796 4444 uon
814 4395 1008 4463 comparuerit,
1033 4394 1122 4465 judex
1146 4397 1174 4452 iu
1197 4405 1296 4456 octavo
1314 4404 1431 4459 termino
1453 4404 1562 4476 publice

323 4471 406 4526 ieoiet
425 4473 603 4542 proclamari:
632 4475 707 4546 quod
726 4493 790 4532 reus
804 4478 861 4547 juri
880 4496 976 4550 parere
999 4481 1108 4552 debeat,
1133 4501 1218 4556 quare
1236 4488 1264 4542 iu
1284 4489 1421 4560 prioribus
1439 4493 1563 4549 terminia

321 4573 376 4610 non
395 4563 588 4630 comparuerit,
608 4569 772 4618 ostensurus
790 4566 891 4620 iustam
911 4571 938 4621 et
955 4569 1107 4639 legitimam
1121 4573 1263 4632 rationem.
1284 4575 1338 4644 Qui
1357 4579 1381 4632 ei
1399 4580 1483 4636 etiam
1494 4585 1562 4638 mne
