3376 5350
703 365 849 411 onosma.
1336 359 1400 423 383

206 547 392 604 MOCGXXI.
413 549 487 600 1231.
508 547 681 614 Ladomiros,
704 547 930 619 archiepiscopus
949 547 1154 618 strigoniensis,
1174 565 1236 602 cnm
1257 565 1307 602 suo
1327 549 1400 618 capi·

154 635 212 690 tulo
231 636 367 706 approbat
386 634 490 690 sactum
509 636 664 691 Timothaei
682 637 805 707 episcopi
819 636 906 706 haga,
926 637 973 706 qui
993 636 1141 690 Nicolaum
1159 635 1263 690 bonnm
1282 640 1310 689 et
1328 635 1398 690 alios

153 723 446 790 excommunicaverat,
465 726 529 795 quia
549 725 621 778 bona
640 723 772 778 ecclesiae
790 731 818 778 et
836 724 985 795 praecipue
998 725 1160 778 comitatum
1175 724 1209 779 de
1222 723 1400 780 Guerscnche

154 811 205 864 sibi
225 819 402 880 usurparunt.

207 898 407 952 hlorcclooa'ch:
426 899 582 952 Extrcctac
601 899 670 967 dipl.

207 1075 408 1130 MCOCXXII.
428 1079 465 1130 In
484 1076 566 1131 Salio
585 1061 690 1145 (Zelin).
715 1079 790 1131 ΙΝ.
815 1077 898 1144 luen,
918 1093 1009 1130 comes
1028 1076 1063 1132 de
1083 1077 1398 1146 Oclich‚filins1rialai,

154 1163 300 1233 significat,
320 1163 394 1234 qood
415 1163 591 1218 medietatem
609 1165 705 1219 tributi
723 1165 766 1218 soi
787 1166 815 1219 in
834 1164 982 1232 Zamobor²
1004 1171 1061 1218 tam
1086 1165 1120 1222 de
1146 1171 1234 1235 porta,
1259 1181 1342 1234 quam
1367 1163 1401 1219 de

154 1249 223 1316 foro,
243 1251 385 1306 donaverit
403 1252 430 1304 in
449 1251 603 1305 remedium
623 1253 731 1306 animae
750 1269 816 1307 suae
835 1259 863 1308 et
882 1253 1088 1322 progenitorum
1114 1269 1228 1306 suorum
1253 1253 1346 1307 abbati
1372 1259 1400 1307 ct

155 1337 286 1391 fratribus
305 1339 340 1393 de
357 1339 449 1393 insula
467 1338 495 1393 S.
513 1339 613 1394 Jacobi
634 1339 826 1394 Cisterciensis
839 1341 951 1406 ordinis,
969 1341 1009 1394 ita
1028 1340 1103 1410 quod
1122 1340 1239 1394 ecclesia
1254 1358 1275 1394 s.
1297 1339 1401 1394 Elenae

155 1442 240 1495 prope
258 1425 397 1480 Zamobor
417 1443 465 1497 per
483 1426 536 1482 hoc
555 1427 714 1482 melioretur
732 1435 760 1482 et
778 1427 876 1484 iratres
895 1427 998 1482 ibidem
1013 1429 1164 1482 existentes
1177 1428 1219 1481 sui
1234 1427 1322 1482 victus
1334 1425 1400 1481 inde

156 1513 267 1583 capiant
285 1511 485 1568 fulcimentum.

209 1599 336 1654 Tlrcldic':
357 1599 434 1654 Mors.
454 1601 530 1655 Hist.
554 1603 582 1656 Τ.
598 1619 628 1672 p.
646 1605 706 1658 2tlt).

207 1755 425 1813 olccoxxnl.
445 1762 521 1812 1281.
542 1761 703 1830 Capitulum
716 1761 849 1816 ecclcsiae
867 1778 888 1814 a.
908 1759 982 1814 Petri
1003 1759 1037 1814 de
1056 1759 1163 1829 Posega
1176 1760 1305 1827 notificat,
1325 1759 1400 1829 quod

154 1843 288 1914 magister
306 1843 446 1912 Bartholo,
465 1846 539 1902 tilius
564 1847 671 1917 Jacobi,
691 1865 740 1920 per
759 1848 863 1902 litteras
889 1865 953 1902 suas
977 1845 1158 1913 authenticas,
1177 1853 1204 1902 et
1227 1863 1276 1916 per
1294 1845 1400 1901 Natum

155 1931 299 1985 custodem
319 1930 409 1986 dictae
433 1934 573 2002 ecclesiae,
599 1937 664 2006 qrria
688 1937 848 1991 infirmitate
868 1933 1063 2006 praepediente
1089 1934 1270 2002 personaliter
1291 1950 1402 2003 compo-

154 2035 218 2072 nere
237 2020 404 2089 nequiverat,
429 2019 495 2075 fecit
519 2023 704 2090 manifestum,
732 2023 807 2094 quod
836 2024 1038 2094 possessionem
1066 2039 1143 2076 suam
1169 2021 1255 2088 Palra,
1274 2021 1402 2076 Emerico

154 2107 211 2160 filio
230 2107 356 2162 Athanas
379 2109 533 2164 vendiderit
551 2126 601 2180 pro
621 2113 797 2181 septuaginta
822 2113 929 2177 marcis,
954 2127 1023 2181 quas
1047 2127 1110 2164 cum
1135 2110 1163 2164 in
1186 2109 1326 2178 legatione
1355 2107 1402 2162 do-

154 2195 221 2248 mini
241 2195 313 2264 regis
331 2195 518 2252 Romanorum
544 2198 637 2264 iverat,
662 2215 692 2252 se
717 2198 786 2252 dixit
811 2198 955 2268 recepisse.
981 2197 1170 2252 Commetanei
1196 2201 1288 2250 nutem
1314 2201 1402 2250 terrae

157 2289 221 2336 sunt
247 2283 306 2336 isti:
331 2284 452 2338 'Ihomas
477 2291 504 2338 et
529 2284 627 2340 fratres
654 2286 697 2339 sui
721 2285 769 2339 tilii
795 2285 877 2351 Petri,
901 2284 1047 2338 Wllrozlav
1071 2284 1145 2338 filios
1170 2283 1257 2352 Buda,
1282 2283 1403 2338 Thomas

156 2369 227 2424 tilius
246 2371 397 2439 Laurentii,
416 2381 444 2427 et
461 2372 535 2428 idem
555 2375 687 2444 magister
710 2373 906 2428 Bartholomus
925 2373 952 2426 in
972 2373 1030 2426 suis
1049 2373 1269 2442 possessionibus
1290 2370 1403 2426 Werho·

155 2457 218 2511 vina
236 2465 263 2512 et
281 2458 386 2513 Nauna.

210 2545 274 2600 Coti.
294 2545 362 2614 dipl.
378 2549 500 2616 patriam.
524 2550 552 2602 Τ.
572 2550 633 2602 ΙΙΙ.
649 2567 678 2616 p.
698 2551 740 2603 35.

207 2701 423 2760 MCOOXXIV.
443 2709 520 2760 1281.
539 2707 638 2760 Petrus
657 2707 731 2759 lilios
757 2706 839 2771 Petri,
866 2705 913 2759 lilii
939 2705 1037 2760 Buchlr
1062 2706 1096 2759 de
1121 2705 1252 2758 Bereniza
1276 2719 1325 2756 seu
1350 2703 1401 2756 Be-

154 2805 246 2844 remen
266 2789 300 2844 de
319 2794 496 2861 generatione
513 2793 580 2848 Juu
598 2793 661 2846 bani
682 2809 736 2846 una
754 2809 818 2846 cum
836 2793 951 2848 Urbano
977 2801 1003 2847 et
1029 2793 1119 2862 Kujan
1145 2789 1207 2844 filiis
1236 2789 1343 2843 Nicolai
1368 2804 1401 2842 ac

157 2877 246 2930 Blasio
266 2879 323 2931 lilio
344 2878 488 2932 Michaelis
508 2879 541 2933 de
560 2881 655 2934 eadem
675 2883 851 2950 generatione
871 2899 964 2936 coram
990 2887 1127 2935 conventu
1147 2877 1313 2932 Varadieusi
1337 2891 1401 2932 eon·

155 2966 268 3018 veniunt
296 2971 323 3018 et
352 2966 522 3021 concordant
549 2969 620 3022 circa
648 2970 848 3038 possessionem
877 2969 993 3023 Bremen
1019 2967 1046 3020 in
1073 2966 1205 3020 comitatu
1232 2964 1399 3029 Bononiensi,

155 3067 240 3120 quarn
260 3051 358 3106 Petrus
376 3054 435 3107 inre
453 3053 592 3109 mediante
611 3061 721 3110 emerat.

207 3137 304 3206 Fejcr:
326 3139 390 3194 Cod.
410 3140 478 3208 dipl.
501 3143 530 3196 Τ.
553 3142 617 3196 VII.
638 3142 856 3210 voz.11.p.aa

210 3297 409 3353 lthGCXXV⁴
431 3299 514 3352 Circo
532 3304 608 3355 12⁸1.
628 3301 787 3372 Stephanus
811 3301 884 3356 Uroh
907 3301 1019 3354 Serbiae
1038 3317 1085 3354 rex
1103 3298 1139 3354 ad
1158 3299 1319 3368 petitionem
1339 3297 1402 3349 mis-

157 3402 250 3440 sorum
270 3387 376 3440 comitis
395 3387 503 3442 Nicolai
523 3387 692 3442 Macroceuo
710 3397 738 3442 et
757 3389 910 3443 communis
929 3387 1053 3457 Rugusii,
1071 3386 1206 3441 nobilium
1226 3384 1275 3438 er
1288 3391 1315 3437 et
1329 3383 1402 3437 Gru·

156 3475 222 3527 besa
240 3479 354 3528 renovat
372 3491 467 3544 pacem
488 3493 551 3530 cum
569 3476 719 3544 Ragttsinis
738 3483 766 3529 et
783 3477 880 3529 statuit
898 3476 949 3530 sibi
972 3476 1007 3530 ab
1020 3476 1059 3529 eis
1078 3472 1257 3544 pendendum
1276 3489 1335 3526 esse
1354 3472 1401 3525 tri-

156 3562 254 3614 butum
274 3563 395 3632 qrrinque
414 3563 530 3616 millium
550 3564 772 3633 hyperperorum.

207 3647 371 3702 lllikloaiclr:
389 3650 469 3703 Mon
487 3651 592 3704 serbico
606 3667 635 3718 p.
655 3653 697 3704 54.

209 3809 424 3864 oloooxxvt.
446 3809 532 3876 Apud
556 3809 650 3862 arbe-ra
672 3813 783 3862 celerent
809 3813 886 3862 1282).
911 3811 935 3862 7.
954 3807 1067 3860 ruunt
1086 3805 1224 3859 Martinus
1246 3804 1295 3858 IV.
1322 3821 1402 3874 papa,

157 3913 219 3949 cum
240 3897 433 3950 bonaventura
451 3897 675 3966 archiepiscopus
694 3895 853 3966 Ragosinus
881 3893 940 3949 sedi
963 3893 1132 3964 apostolicae
1157 3893 1303 3958 retulisset,
1327 3891 1401 3962 qrrod

154 3983 269 4037 nonnuli
284 3983 434 4053 iniquitatis
445 3983 501 4050 filii,
512 4000 582 4053 quos
593 4001 706 4054 prorsus
716 3985 831 4059 ignorat,
843 3983 972 4046 decimas,
982 3989 1075 4048 terras,
1087 3981 1282 4050 possessiones,
1294 3996 1400 4044 census,

155 4071 289 4137 redditus,
309 4070 413 4136 domos,
431 4071 532 4140 legata,
546 4071 676 4140 piscarias
695 4076 723 4124 et
741 4071 794 4124 alia
813 4071 938 4125 bonoad
958 4087 1036 4124 suam
1056 4069 1149 4122 sedem
1169 4069 1322 4138 spectantia
1346 4083 1401 4120 ma·

155 4160 244 4213 litiosc
263 4158 402 4212 occultare
428 4165 456 4212 et
478 4158 586 4211 occulte
613 4158 735 4214 detincre
760 4166 947 4227 praesumam,
972 4157 1130 4227 imploravit
1156 4155 1228 4209 idem
1255 4154 1402 4224 episcopus

155 4246 307 4300 remedium
325 4263 341 4298 a
360 4246 499 4314 pont-ilice,
518 4246 648 4314 quocirca
673 4245 745 4299 idem
765 4246 857 4300 abbati
880 4244 1039 4300 monasterii
1065 4241 1306 4297 Lacromoniousis
1326 4241 1402 4294 dedit

154 4335 180 4388 iu
200 4333 346 4398 mandatis,
366 4341 504 4403 quatenos
522 4351 618 4387 omnes
638 4334 796 4389 detentores
815 4336 949 4388 bonorum
970 4331 1157 4403 praeditorum
1177 4345 1211 4383 ex
1231 4335 1308 4398 parto
1327 4327 1402 4381 sedis

155 4421 325 4491 apostolicae
345 4421 456 4492 publice
470 4423 496 4474 io
510 4421 634 4475 ecclesiis
653 4438 745 4476 coram
769 4421 872 4492 popolo
891 4427 1003 4474 moneat
1022 4425 1052 4472 ut
1071 4417 1143 4471 infra
1161 4416 1309 4470 terminum
1329 4431 1402 4469 com-

155 4517 296 4580 petentem
322 4527 354 4564 ca
381 4509 456 4564 dicto
481 4509 689 4578 archiepiscopo
715 4511 867 4574 restituant,
887 4516 914 4561 et
933 4509 955 4561 si
979 4513 1007 4560 et
1025 4522 1080 4560 non
1104 4503 1279 4573 impleverint
1301 4503 1329 4557 in
1355 4518 1402 4556 eos

154 4597 310 4668 generalem
329 4597 624 4651 excommunicationis
643 4597 808 4650 sententiam
828 4596 904 4650 ferat.

209 4686 256 4740 Ea:
274 4685 404 4740 Baliario
424 4685 570 4755 Rapaaiuo
590 4685 643 4738 ills.
659 4703 689 4752 p.
708 4687 750 4736 65.
