3544 5344
722 472 868 516 asama.
1375 448 1416 514 57

175 639 267 694 monis
285 637 386 694 Dimisi
404 637 520 704 comitia,
544 637 663 694 Joanuis
687 637 803 704 comitis,
822 638 903 692 Pauli
923 637 1040 704 comitis,
1061 637 1199 693 Vladislai
1216 638 1332 704 comitis,
1351 636 1420 693 Gro-

175 725 246 795 gorii
264 725 373 780 comitia
390 723 426 780 de
443 724 581 780 Breberio.
601 725 740 796 Scriptum
758 727 786 780 in
811 725 1037 798 archiepiscopali
1056 725 1160 796 palatio
1179 742 1228 796 per
1245 741 1345 780 manus
1363 742 1420 780 ma·

175 813 254 883 gistri
272 811 418 868 Barnabae
436 812 517 866 00100
534 811 626 882 regiae
644 812 867 868 vicecancellarii

228 917 357 972 Farlots':
375 915 459 986 Illyr.
476 931 548 972 sacr.
569 916 597 970 Τ.
616 916 677 988 JV,
694 933 722 984 p.
742 921 806 970 337.

229 1029 450 1084 CLXXXVIII.
465 1029 532 1084 Post
544 1034 568 1084 1.
582 1030 703 1098 Aspasta'
714 1033 897 1088 1226-1242.
909 1029 978 1086 Bela
990 1045 1046 1094 rex,
1060 1029 1095 1084 ad
1109 1031 1270 1102 petitionem
1282 1031 1421 1101 Treguaui

175 1117 300 1188 episcopi
323 1117 509 1186 traguriensis,
535 1115 643 1170 Cherne
666 1116 779 1171 rectoris
804 1121 831 1172 et
855 1117 979 1171 omnium
1003 1117 1104 1172 civium
1127 1118 1254 1188 Tragurii
1276 1119 1421 1175 coufirmat

176 1205 351 1276 privilegium
369 1204 514 1259 Golomani
533 1203 605 1274 regis
624 1209 652 1258 et
669 1203 748 1258 ducis
767 1204 852 1259 totius
871 1203 1019 1260 Slavonlas
1032 1221 1055 1258 a
1070 1203 1325 1260 122601eadatnm
1338 1221 1421 1276 super

176 1291 291 1364 praedio
308 1291 378 1346 Drid
397 1291 499 1346 civitati
517 1291 644 1361 Tragurii
661 1291 763 1346 collato
781 1297 810 1346 et
821 1293 904 1346 etlam
917 1309 967 1362 per
978 1309 1073 1362 regem
1090 1291 1231 1346 Andream
1243 1292 1421 1359 confirmato;

176 1380 312 1449 extinguit
330 1393 442 1448 quoque
461 1395 571 1432 omnem
589 1378 813 1448 iurisdictionem,
832 1395 916 1448 quam
935 1395 1028 1434 comes
1040 1378 1209 1434 Budislanus
1222 1387 1271 1434 aut
1282 1380 1329 1434 alii
1342 1397 1420 1436 usur·

175 1471 285 1536 parunt.
305 1463 430 1518 Eandem
448 1469 550 1518 terram
568 1463 633 1518 iacit
650 1481 700 1518 rex
717 1464 785 1518 Bela
803 1465 909 1519 restitui
928 1481 977 1534 per
995 1465 1123 1519 comitem
1141 1466 1253 1520 Petrum
1267 1465 1353 1520 filium
1366 1467 1420 1533 Gil,

174 1553 338 1622 magistrum
356 1551 558 1606 tavernioorum
577 1551 625 1604 filii
650 1551 692 1604 eui
716 1549 795 1606 ducis
814 1550 958 1621 Stephani,
983 1549 1153 1606 Colomauus
1175 1558 1269 1606 autem
1287 1569 1321 1607 ax
1339 1552 1420 1624 largi-

173 1647 231 1694 tate
249 1639 364 1710 gloriosi
383 1637 531 1709 patrissui
550 1637 678 1692 Andreae
702 1639 775 1708 regis
799 1637 856 1692 dux
880 1637 1037 1693 Delmatiae
1055 1644 1139 1708 atque
1158 1637 1286 1693 Oroatiae
1304 1637 1421 1694 contulit

171 1726 277 1782 dictam
295 1733 397 1781 terram
415 1743 478 1780 oum
498 1725 533 1780 ad
553 1731 646 1796 partes
663 1725 814 1779 maritImas
833 1723 1029 1790 descendisset,
1049 1743 1100 1796 pro
1118 1725 1208 1780 salute
1226 1727 1335 1781 animae
1353 1743 1421 1780 suae

174 1819 202 1868 et
220 1813 316 1867 matris
335 1827 403 1866 suaa
430 1811 592 1877 Gertrudae,
619 1811 753 1866 reducens
780 1811 808 1865 in
828 1811 935 1866 irritum
957 1827 1068 1866 omnem
1091 1812 1316 1878 iurisdIctIonem,
1335 1829 1421 1882 quam

172 1899 312 1954 Volcinna
321 1899 502 1969 traguriensis
511 1898 652 1968 quondam
662 1915 762 1963 comes,
774 1915 808 1952 ex
818 1897 1012 1954 commissione
1021 1899 1095 1968 regis
1104 1916 1130 1968 q.
1140 1899 1264 1966 Henrici,
1272 1899 1314 1954 vel
1322 1899 1420 1953 Petrus

171 1983 206 2041 de
226 1985 343 2041 Cheimo
362 2003 397 2041 ex
415 1986 593 2040 concessione
611 1985 684 2054 regis
702 1984 785 2040 Belae
803 1983 1004 2054 dignoscuntur
1021 1984 1162 2038 habuisse.
1175 1985 1273 2040 Testes
1286 1985 1421 2055 privilegii

173 2073 322 2128 Golomaui
339 2074 413 2143 regis
432 2078 527 2127 erant:
547 2071 682 2127 Gunnello
695 2072 920 2142 archiepiscopus
932 2071 1106 2142 spalatensis,
1118 2071 1261 2126 Michuesa
1273 2071 1422 2143 episcopus

43 2157 55 2174 ²
172 2160 356 2226 tinniniensis,
384 2158 517 2214 Nicolaus
545 2159 693 2230 episcopus
712 2158 809 2224 scard,
837 2157 1011 2227 Valeginnus
1038 2157 1136 2224 banus,
1165 2157 1297 2213 Salamon
1322 2158 1419 2224 banus,

175 2247 306 2300 Dimitria
332 2261 433 2310 comes,
460 2245 579 2300 Michael
606 2261 707 2310 comes,
731 2245 836 2300 Paulus
861 2261 963 2310 comes,
990 2244 1118 2299 Vidislav
1141 2261 1242 2312 comes,
1270 2245 1421 2318 Gregorius

176 2349 271 2388 comes
290 2332 326 2388 de
344 2331 483 2398 Berberio,
502 2332 645 2386 Barnabas
663 2331 902 2386 vicecancellarius
920 2331 1007 2386 ducis.

232 2420 410 2490 Privilegium
427 2419 511 2474 Belae
529 2419 601 2488 regis
626 2419 679 2472 fuit
701 2419 895 2488 consignatum
919 2435 1004 2473 aurea
1021 2417 1098 2472 bulla
1116 2417 1261 2489 pendente.
1281 2418 1422 2474 (lancella-

177 2507 237 2561 rius
254 2505 421 2562 Benedictus
440 2505 542 2560 electus
561 2505 786 2576 archiepiscopus
804 2505 964 2560 colocensis.
983 2505 1127 2560 Dionisiue
1145 2506 1235 2559 banus
1248 2506 1333 2561 totius
1346 2505 1422 2562 Scla-

178 2593 278 2649 000100
296 2599 324 2649 et
341 2593 552 2648 Maritimarnm.

233 2697 279 2750 Ea
297 2701 473 2765 tranmmpto
491 2695 614 2750 Jocnm'a
631 2695 793 2751 cancellani
811 2701 916 2764 troqur.
936 2712 963 2750 a.
981 2699 1058 2752 1323.
1077 2699 1113 2750 Ia
1130 2712 1191 2752 mea
1208 2697 1372 2752 collectione.

233 2809 423 2865 CLXXXIX.
450 2808 591 2876 Venetiis,
621 2813 646 2863 8.
670 2809 792 2878 Aspasia·
816 2812 893 2865 1226.
915 2809 1040 2864 Joannes
1068 2807 1292 2880 archiepiscopus
1318 2809 1423 2864 Jadrae

178 2899 253 2952 iurat
270 2898 298 2951 in
317 2897 472 2968 praeseutia
490 2897 568 2952 ducis
593 2901 621 2952 et
643 2895 743 2951 Jacobi
761 2895 796 2950 de
815 2895 929 2962 Melino,
957 2895 996 2950 Μ,
1015 2895 1136 2962 Storlati,
1155 2897 1185 2950 P.
1204 2895 1295 2962 Barbi‚
1315 2895 1343 2950 S.
1363 2895 1422 2949 Ma-

179 2984 290 3054 riglIoni
308 2989 336 3038 et
353 2983 428 3038 Petri
447 2983 528 3038 Barbi
552 2983 731 3039 consiliorum
750 2999 874 3048 suorum,
899 2982 974 3052 quod
993 3000 1042 3052 per
1060 2981 1148 3036 ullum
1165 2982 1306 3052 ingenium
1325 2999 1375 3052 per
1392 2999 1423 3036 se

179 3072 224 3126 vel
242 3071 302 3140 ejus
320 3072 448 3126 nuntium
466 3087 517 3126 nec
535 3071 657 3140 aliquam
680 3086 828 3140 personam
852 3069 936 3138 hujus
960 3068 1056 3123 mundi
1074 3069 1194 3138 aliquam
1213 3069 1423 3122 conventionem

179 3157 224 3212 vel
241 3159 474 3229 conspirationem
498 3175 561 3212 cum
584 3157 743 3212 hominibus
767 3155 906 3226 aliquibus
932 3155 1037 3210 Jadrae
1061 3155 1104 3209 vel
1131 3155 1243 3208 alterius
1262 3155 1347 3224 partis
1366 3171 1423 3208 nou

180 3245 282 3312 fecerit,
301 3261 352 3300 nec
370 3245 429 3300 fieri
446 3244 518 3311 iecit,
537 3261 587 3300 nec
604 3244 752 3310 consensit,
771 3260 844 3314 quae
855 3243 949 3313 aliquo
961 3241 1045 3296 modo
1057 3258 1119 3298 esee
1131 3242 1238 3312 possint
1249 3241 1277 3294 in
1290 3241 1423 3296 damnum

180 3337 209 3387 et
226 3331 422 3387 detrimentum
439 3331 620 3386 venetiarum
638 3336 688 3386 aut
704 3330 821 3396 Jadrae3
839 3331 908 3386 item
924 3347 975 3386 nac
992 3330 1022 3384 in
1033 3329 1158 3384 futurum
1169 3329 1307 3384 facturum
1318 3327 1423 3398 aliquid

181 3425 279 3474 contra
296 3418 430 3473 mum
447 3418 643 3474 dominatIonis
661 3423 783 3474 venetae.

234 3523 351 3590 Idubs‘d:
369 3525 443 3578 1100.
462 3523 538 3580 Sion.
555 3537 621 3579 saer.
639 3523 665 3591 Ι,
680 3539 710 3591 p.
727 3526 772 3578 39.

234 3634 319 3690 Oxo.
337 3635 479 3706 Venetiis,
500 3640 524 3689 9.
544 3635 670 3691 Octobris
687 3638 767 3690 1226.
786 3633 913 3689 Andreas
932 3633 1041 3688 Marino
1062 3637 1118 3688 stat
1139 3632 1248 3703 plegius
1267 3636 1295 3686 et
1306 3636 1424 3701 pagator

180 3723 208 3778 d.
227 3721 307 3778 ducis
325 3729 353 3778 ct
370 3723 524 3778 communie
549 3721 731 3778 venetiarum
755 3721 808 3776 snb
827 3737 918 3790 poena
935 3719 1066 3774 librarum
1086 3721 1127 3774 50.
1146 3735 1206 3774 ven.
1227 3735 1277 3789 pro
1294 3717 1424 3772 Johanuc

182 3810 239 3864 lilio
258 3809 381 3864 Mathaei
398 3809 433 3864 de
452 3809 565 3876 Cherso,
584 3810 632 3879 qui
650 3814 762 3863 venerat
779 3807 912 3862 Venetiae
931 3823 994 3860 cum
1013 3805 1156 3861 obsidibus
1175 3805 1280 3872 Chersi,
1299 3805 1424 3860 videlicet

181 3894 257 3966 quod
274 3893 349 3950 idem
365 3895 509 3950 Johannes
528 3897 587 3950 aine
605 3894 736 3949 mandato
754 3895 780 3948 d.
806 3893 884 3948 ducis
909 3899 936 3947 et
962 3891 1068 3947 consilii
1092 3892 1127 3946 de
1151 3892 1280 3946 Veneciie
1303 3909 1359 3945 non
1389 3891 1425 3944 sit

181 3983 306 4037 exiturus
324 3987 352 4035 et
369 3981 482 4051 quaudo
499 3983 642 4052 quaesitus
661 3982 743 4036 luerit
761 3997 790 4035 ae
809 3978 985 4051 presentabit

234 4067 395 4138 Sequuntur
421 4073 449 4122 et
473 4067 519 4122 alii
546 4068 657 4123 obsides
681 4067 819 4122 chersani:
845 4069 868 4121 1.
887 4067 987 4120 Prenm
1010 4065 1045 4121 ds
1070 4065 1183 4120 Cherso.
1208 4064 1277 4117 -2
1303 4063 1422 4133 Ceprian

181 4169 271 4224 nepos
289 4153 412 4208 Maihaei
431 4155 532 4209 Marini
555 4153 591 4208 de
615 4155 728 4220 Cherso,
752 4155 800 4224 qui
824 4159 937 4208 venerat
955 4169 1004 4223 pro
1028 4151 1125 4207 obside
1143 4151 1288 4206 occasione
1305 4149 1424 4204 crudelis

181 4240 278 4294 mortis
301 4239 402 4295 nobilis
426 4241 476 4295 viri
500 4241 608 4295 comitis
632 4239 668 4294 N.
692 4243 716 4294 3.
735 4241 899 4296 Dominicus
923 4239 1046 4294 Mathaei
1071 4238 1170 4292 Mariui
1189 4237 1224 4292 de
1243 4237 1357 4304 Cherso,
1376 4235 1425 4305 qui

181 4332 295 4382 venerat
312 4343 363 4398 pro
382 4327 480 4382 obside
497 4325 595 4382 eadem
617 4328 768 4383 occasione.

233 4431 350 4498 Ia'abs'c':
367 4431 446 4486 Mon.
466 4429 541 4486 8100.
559 4449 623 4486 mer.
643 4433 665 4498 Ι,
682 4447 711 4502 p.
731 4435 773 4485 39.

236 4543 337 4598 OXOL
356 4545 499 4616 venetiis,
517 4549 561 4600 10.
583 4545 708 4600 Octobris
726 4547 804 4596 1226.
818 4541 938 4598 Obsides
950 4542 1074 4612 Ragusii,
1087 4557 1158 4610 quos
1170 4539 1229 4594 dux
1241 4545 1268 4594 et
1280 4538 1426 4593 consilium

181 4631 308 4686 Venetiis
328 4631 406 4702 petiit
424 4631 477 4684 sibi
494 4631 568 4685 dari:
592 4631 673 4686 Unus
692 4649 727 4686 ex
750 4629 880 4684 iratribus
901 4629 1070 4693 Baisclavae,
1091 4643 1162 4680 unus
1181 4626 1254 4680 filius
1272 4624 1371 4680 Jacobi
1390 4624 1425 4678 de

182 4717 282 4786 Gerus,
301 4733 374 4772 unus
392 4718 465 4772 filius
484 4717 519 4772 de
537 4717 701 4785 Martinam,
719 4732 791 4772 unus
811 4733 845 4772 sx
863 4715 993 4770 fratribus
1011 4714 1046 4770 de
1066 4712 1208 4783 nglopis,
1221 4727 1293 4766 unus
1306 4711 1425 4766 filiorum
