3464 5382
356 396 417 460 104
851 416 873 458 r.
896 402 1095 473 murmuro,

403 578 553 635 OGOLVI.
571 580 720 652 hunni,
738 583 781 638 26.
799 580 910 650 Aprilis
926 583 1002 634 1238.
1023 579 1174 651 Gregorius
1185 581 1234 636 Ix.
1245 597 1320 654 papa
1331 580 1445 638 mandat
1456 581 1588 653 episcopo

354 666 553 735 Cumanorum,
572 673 604 722 ut
612 684 675 722 cum
687 667 856 724 colomanus
866 685 915 722 rex
925 673 953 724 et
962 666 1019 722 dux
1032 667 1191 724 Sdavorum
1203 668 1324 736 illustris,
1337 669 1408 724 sicut
1416 685 1451 724 ex
1463 667 1589 724 eiusdem

350 755 535 810 insinuatione
553 755 682 826 percepit,
700 761 802 810 terram
821 755 938 824 Boenee,
956 754 1053 810 deletis
1071 754 1136 810 inde
1154 755 1296 826 maritatis
1307 755 1589 812 haeretioacmsculis

351 859 407 898 non
426 841 532 912 absque
553 842 647 898 multis
665 841 807 898 laboribus
833 841 950 898 deduxit
967 841 1002 896 ad
1021 842 1110 897 lucem
1136 842 1288 898 catholicae
1311 843 1446 913 puritatis,
1476 841 1589 898 irenem

350 930 473 985 Pousam
499 927 535 984 de
567 927 663 984 ordine
686 928 907 1001 praedicatorum
935 928 1095 997 (decedente
1119 929 1251 1001 episcopo
1274 929 1384 985 Joanne
1405 929 1589 998 Theutonioo)

351 1017 475 1072 nominet
494 1016 524 1071 in
542 1017 704 1090 episcopum
727 1017 899 1074 Bosncnsem
922 1017 1085 1072 auctoritate
1103 1016 1176 1072 sedis
1204 1016 1379 1088 apostolicae,
1405 1017 1591 1088 praetcreeei

351 1105 484 1174 iniungat,
512 1109 544 1160 ut
567 1103 602 1160 de
625 1109 699 1160 terra
722 1103 831 1160 Oholim
856 1104 967 1175 (Cholm
995 1129 1029 1150 ==
1047 1104 1126 1174 Hlm)
1145 1121 1194 1176 per
1217 1103 1340 1160 eiusdem
1363 1105 1437 1175 regis
1459 1111 1487 1160 et
1509 1103 1590 1160 ducis

352 1191 534 1246 ministerium
557 1191 727 1263 sprevitatc
753 1191 889 1247 consimili
916 1190 1058 1262 depurata,
1086 1191 1236 1256 curam,in
1263 1190 1451 1262 spiritualibus
1478 1190 1589 1259 hebeat

351 1295 497 1350 quousque
509 1295 572 1334 cum
584 1277 632 1336 illa
643 1295 693 1351 per
703 1295 847 1335 romanam
859 1279 1004 1335 ecclesiam
1021 1278 1097 1350 quod
1115 1283 1303 1351 opportrmum
1320 1278 1403 1334 merit
1419 1277 1590 1350 disponetur.

402 1366 500 1435 Fejer:
522 1365 587 1422 (lod.
607 1366 684 1438 Dipl.
704 1367 733 1424 Τ.
752 1367 803 1423 IV.
821 1367 873 1422 ecl.
892 1369 924 1436 1.,
939 1383 969 1438 p.
988 1369 1050 1422 124.

403 1503 568 1561 cconvfl.
586 1506 732 1578 Rapum,
750 1509 793 1562 22.
813 1505 1067 1562 Nooeesdeie1238.
1085 1505 1118 1560 In
1131 1521 1233 1576 magno
1244 1503 1359 1562 consilio
1370 1504 1487 1561 civitatis
1495 1503 1591 1576 Regu-

351 1594 428 1650 sinac
437 1593 466 1648 in
475 1593 631 1664 praesentia
640 1591 748 1649 Nicolsi
757 1593 868 1648 Tonisci
877 1593 984 1648 comitis
994 1590 1138 1662 Regusini,
1154 1592 1294 1648 venientes
1310 1592 1399 1646 nuntii
1412 1591 1590 1648 comunitatis

352 1680 387 1737 de
405 1681 527 1736 Almissa
545 1685 572 1735 et
589 1680 697 1735 comitis
714 1679 822 1735 Nicolai
839 1679 976 1746 Dalmisii,
995 1679 1122 1736 videlicet
1136 1678 1223 1751 judex
1241 1679 1368 1748 Perinna,
1386 1679 1538 1735 Belletinus
1562 1686 1592 1736 et

354 1768 497 1824 Volcanus
515 1766 670 1822 Obranenic
685 1767 847 1838 juraveruut
865 1783 915 1840 pro
934 1783 964 1822 ee
982 1771 1010 1822 et
1028 1783 1079 1838 pro
1106 1767 1252 1823 comitibus
1270 1773 1298 1823 et
1314 1766 1452 1822 nobilibus
1470 1771 1498 1822 et
1516 1783 1591 1823 oom-

350 1856 428 1911 muni
453 1853 603 1922 Dalmissii,
631 1853 706 1925 quod
732 1854 818 1910 velint
840 1871 904 1910 oum
928 1855 1067 1910 communi
1094 1855 1210 1910 cisimus
1228 1855 1387 1924 Rugusinae
1411 1859 1591 1910 manutenens

352 1959 449 2016 pacem
467 1947 495 1997 et
513 1942 654 2012 antiquam
667 1940 849 2009 concordiam,
868 1959 952 2012 quam
968 1941 1034 1997 olim
1053 1941 1216 2010 babuerunt,
1235 1941 1426 1998 mviolabititsr
1442 1958 1590 1998 reservare.

350 2029 441 2086 Iidem
458 2030 573 2086 comites
590 2035 619 2084 et
636 2045 781 2084 commune
791 2028 918 2084 Dalmisii
930 2029 1039 2086 mittent
1051 2031 1163 2086 nuntios
1175 2029 1211 2086 sd
1224 2029 1370 2086 Smmnum
1390 2029 1426 2086 sd
1439 2036 1591 2098 stanecum,

350 2117 450 2173 facturi
476 2115 618 2184 rationem,
647 2123 674 2172 et
691 2134 708 2172 a
726 2117 875 2188 Bagusinis
901 2117 1045 2188 recepturi,
1073 2119 1115 2174 15.
1135 2116 1179 2172 die
1197 2122 1262 2188 post
1279 2116 1381 2172 festum
1407 2117 1436 2174 S.
1455 2117 1590 2188 Gregorii

351 2205 497 2262 Praeterea
514 2219 607 2260 comes
625 2204 762 2272 (comitus)
781 2205 914 2276 sagitteae
927 2203 1089 2260 Obudlenus
1108 2217 1136 2260 ct
1152 2204 1282 2260 nauclerii
1300 2210 1329 2260 et
1346 2205 1392 2259 alii
1418 2205 1545 2261 meliores
1564 2210 1593 2260 et

352 2291 446 2365 plures
464 2291 500 2347 de
518 2291 644 2362 sagittea,
663 2307 733 2362 quoe
751 2292 892 2362 Regusuei
909 2291 1080 2360 dimisenmt,
1096 2291 1258 2364 juraverunt
1273 2291 1473 2346 etiamfirmam
1484 2309 1590 2364 pacem.

351 2380 448 2436 Testes
466 2379 596 2435 luerunt:
622 2378 737 2434 Binzola
760 2379 902 2447 Bobatiae,
930 2378 1072 2435 Grubessa
1099 2377 1254 2446 Gundulae,
1281 2376 1431 2434 Gervasius
1458 2379 1589 2436 Naimeri.

351 2467 473 2524 Paeoniis
490 2465 615 2522 notarius
633 2467 749 2538 scripsit

404 2553 517 2623 Iiubid:
535 2553 853 2624 Mon.diue.sierid.1.‚
868 2571 898 2624 p.
911 2559 955 2612 56.
973 2554 1091 2610 Weeseel:
1112 2553 1177 2610 God.
1191 2553 1268 2622 Dipl.
1281 2553 1390 2623 Arpod.
1404 2553 1465 2622 XL,
1483 2569 1511 2624 p.
1524 2557 1588 2610 30⁵.

405 2691 585 2750 ooonvm.
605 2694 754 2765 haicam,
772 2697 817 2750 26.
836 2694 998 2751 Nouembris
1016 2696 1091 2749 1238.
1110 2691 1263 2764 Gregorius
1280 2693 1332 2748 IX.
1351 2709 1426 2764 papa
1444 2699 1525 2764 roget
1537 2693 1591 2751 (lo-

351 2783 495 2840 lomanum
524 2780 625 2836 ducem
652 2781 806 2850 slavonice,
839 2787 977 2852 quatenus
1003 2780 1141 2837 Balduino
1166 2779 1278 2836 haeredi
1304 2780 1412 2851 imperii
1438 2781 1593 2838 Romauiae

354 2876 383 2926 et
400 2869 494 2925 oomiti
522 2867 693 2924 Namucensi
716 2885 749 2924 ao
778 2869 839 2924 eliis
868 2869 897 2924 in
926 2869 1033 2942 imperii
1057 2866 1211 2924 subsidium
1234 2867 1450 2936 transeuntibus,
1472 2867 1592 2940 benigne

353 2955 511 3029 recipiendo
529 2972 586 3024 eos,
612 2971 740 3012 securum
763 2956 931 3014 conductam
954 2973 1017 3012 cum
1036 2955 1150 3012 consilio
1168 2961 1196 3010 et
1213 2954 1317 3010 auxilio
1335 2953 1440 3010 efficaci
1458 2955 1592 3026 impertiri

351 3049 540 3188 pmil'lbrssser:
557 3131 637 3188 dion.
654 3135 705 3186 uei.
722 3130 819 3202 ΗΜ.
837 3132 869 3201 1.,
885 3146 913 3200 p.
931 3133 991 3185 168.

405 3252 556 3310 occux.
574 3253 724 3323 burani,
744 3256 787 3307 22.
806 3251 964 3309 Decembris
981 3255 1061 3308 1238.
1086 3250 1237 3322 Gregorius
1255 3249 1307 3305 IX.
1326 3266 1401 3322 papa
1423 3257 1518 3307 monet
1539 3251 1593 3307 Oo-

352 3343 494 3399 lomanum
523 3355 617 3412 regem
645 3346 673 3396 et
698 3339 798 3396 ducem
828 3339 981 3408 slavonice,
1017 3345 1049 3394 ut
1073 3337 1226 3394 haereticos
1252 3337 1280 3392 in
1307 3336 1427 3394 dioecesi
1456 3338 1593 3394 Boenensi

352 3429 494 3500 exstirpet

406 3513 539 3570 miser.-
556 3515 630 3570 Mott.
648 3519 699 3570 vet.
717 3514 810 3585 Heme.
829 3513 862 3583 L,
877 3529 907 3584 p.
926 3517 987 3568 168.

404 3637 535 3694 COOLX.
553 3638 703 3708 Laterani,
721 3640 764 3692 22.
783 3637 938 3694 Decusdrie
955 3639 1034 3691 1238.
1058 3635 1209 3706 Gregorius
1227 3635 1280 3690 IX.
1305 3651 1380 3707 papa
1402 3636 1592 3692 communicat

353 3726 447 3783 abbeti
464 3725 632 3782 Varsdiensi
649 3723 752 3782 ordinis
771 3727 798 3780 S.
816 3723 965 3792 Benedicti,
990 3739 1020 3780 se
1034 3723 1210 3790 intellexisse,
1228 3720 1303 3793 quod
1322 3721 1398 3793 apud
1416 3722 1514 3778 fratres
1534 3721 1594 3778 ord.

354 3814 575 3887 praedicatorum
599 3813 971 3884 quinqueecclesiensium,a
997 3809 1121 3883 quodam
1145 3809 1213 3864 Juls
1238 3808 1311 3864 bano
1339 3809 1484 3866 Oolomani
1512 3808 1593 3865 ducis

354 3901 500 3959 slavorum
517 3901 600 3957 fuerit
626 3900 753 3972 deposita
771 3901 911 3971 quantitas
929 3899 1063 3972 pecuniae
1081 3915 1132 3969 pro
1150 3896 1215 3952 fidei
1233 3897 1345 3966 negotio
1362 3897 1390 3951 in
1409 3897 1519 3952 Bosuae
1531 3915 1594 3969 par·

352 3989 427 4046 tibus
446 3987 645 4062 expendenda;
669 4005 733 4044 cum
758 3993 850 4043 autem
868 3988 897 4042 in
918 3987 1022 4044 eisdem
1046 3985 1172 4058 partibus
1195 3983 1331 4038 Bosnemi
1354 3984 1487 4055 episcopo
1511 3984 1595 4056 plene

352 4077 498 4150 legationis
517 4076 639 4132 officium
657 4076 831 4145 commiserit,
850 4075 972 4145 mandat,
990 4075 1014 4130 ei
1032 4071 1184 4130 eonstiterit
1201 4069 1304 4126 dictam
1316 4071 1463 4142 pecuniam
1481 4072 1509 4126 in
1529 4071 1594 4127 sub

352 4165 454 4220 sidium
472 4163 604 4236 praedicti
621 4164 724 4236 negotii
742 4163 828 4220 fnisse
845 4164 975 4236 legatam,
998 4163 1089 4235 ipsam
1107 4158 1182 4214 dicto
1206 4159 1337 4230 episcopo
1362 4157 1399 4212 ab
1416 4156 1521 4214 eisdem
1539 4159 1595 4214 fra·

352 4252 441 4308 tribus
459 4250 543 4308 faciat
559 4251 665 4323 integre
683 4253 825 4323 assignari.

408 4339 538 4395 moer:
556 4340 634 4394 Mon.
651 4345 703 4398 oet.
722 4341 817 4410 Hesp.
836 4343 867 4409 1.,
883 4355 912 4409 p.
932 4341 992 4392 169.
1020 4335 1077 4391 Set
1095 4333 1187 4389 eodem
1204 4331 1315 4388 dulcet
1333 4331 1364 4385 in
1382 4331 1474 4386 eodem
1492 4333 1591 4388 mrito

352 4425 449 4482 soeibit
462 4442 544 4496 popo
561 4425 652 4494 priori
669 4431 695 4481 et
708 4425 851 4495 fratribus
869 4424 1099 4481 Praedicatcrum
1111 4417 1220 4474 ordinis
1230 4417 1496 4488 Qeiespueeocleeioe:
1515 4421 1590 4490 quod

353 4528 415 4568 cum
426 4511 485 4566 duc
501 4511 612 4568 Boanee
630 4529 649 4566 a
667 4512 805 4568 catholico
816 4511 875 4582 fide
893 4513 923 4567 in
941 4509 1075 4567 baeresim
1093 4507 1130 4562 ait
1147 4505 1282 4574 relapsus,
1300 4505 1428 4574 seperius
1445 4508 1595 4564 nominoio

353 4597 475 4669 pecunie
490 4615 544 4669 pro
562 4599 719 4656 cathedrali
736 4600 923 4656 meamea
940 4599 972 4655 in
989 4597 1101 4653 Boutae
1116 4593 1248 4666 pertibus
1264 4593 1302 4648 ait
1318 4592 1454 4662 deposita
