3488 5380
220 2392 352 2450 DOXCI.
370 2398 447 2452 1256.
466 2399 511 2451 20.
530 2395 686 2451 Februarii.
705 2395 774 2452 Bela
791 2394 843 2451 IV.
861 2413 911 2452 rex
932 2396 991 2451 vult
1009 2397 1162 2468 perornari,
1181 2396 1257 2468 quod
1276 2396 1409 2469 singulari

168 2481 225 2539 fide
242 2481 343 2538 Jacobi
361 2481 409 2537 lilii
428 2481 529 2539 Jacobi
547 2483 617 2538 Baui
636 2482 685 2538 lilii
702 2483 769 2538 olim
787 2483 912 2539 Gerlicae
935 2488 1028 2540 motus
1054 2489 1082 2540 et
1104 2491 1183 2555 mata
1207 2485 1331 2542 recolens
1355 2501 1411 2542 me·

170 2569 260 2625 moria
277 2567 315 2636 id,
333 2568 409 2638 quod
427 2567 495 2624 dum
514 2569 703 2640 superioribus
722 2571 803 2626 annis
821 2574 918 2626 contra
929 2569 1097 2626 Danislaum
1110 2570 1295 2628 Lodomeriae
1312 2572 1412 2629 (lucem

168 2656 352 2712 iustissimum
377 2655 480 2712 bellum
503 2661 618 2727 gereret,
643 2655 735 2728 deque
758 2659 968 2728 oppugnatione
992 2657 1062 2712 casti
1081 2658 1200 2714 Yroelar
1224 2665 1359 2732 ageretur,
1375 2659 1411 2716 ad

167 2743 244 2814 quod
262 2741 429 2816 capiendum
447 2760 531 2814 quam
550 2743 664 2816 plurimi
687 2744 823 2815 impetum
841 2759 905 2800 cum
923 2743 1008 2800 caede
1026 2749 1055 2801 et
1072 2745 1263 2802 vulneratione
1288 2747 1410 2818 fecerint,

166 2829 260 2886 <lictus
277 2829 403 2887 lacobus
421 2829 528 2902 primns
552 2830 685 2900 omnium,
709 2847 772 2886 cum
797 2848 948 2903 paucorum
967 2849 1052 2888 manu
1075 2833 1211 2904 impetum
1230 2833 1331 2904 iacere,
1356 2837 1410 2906 pri·

167 2933 289 2988 musque
307 2934 365 2973 non
384 2917 475 2974 solum
492 2933 588 2974 muros
607 2917 792 2974 conscendere
811 2919 859 2975 sed
879 2919 959 2990 signa
977 2936 1089 2992 quoque
1106 2921 1183 2990 regia
1201 2921 1412 2993 superplantare

166 3005 268 3076 coepit,
286 3011 464 3076 centrumque
482 3005 584 3076 ipsum,
603 3006 655 3062 etsi
673 3007 793 3076 graviter
813 3007 983 3076 vulneratus,
1008 3008 1100 3078 regiae
1126 3007 1245 3079 subjecit
1269 3009 1408 3079 potestati

165 3093 244 3148 Dum
261 3098 356 3149 autem
374 3093 402 3148 in
421 3093 524 3148 infelici
544 3109 607 3148 cum
633 3093 788 3163 perniciosa
811 3094 1009 3150 Tharlarornm
1034 3099 1117 3166 gente
1135 3094 1170 3150 ad
1189 3094 1304 3150 flurium
1329 3093 1410 3165 Saye

167 3180 300 3238 conflictu
326 3195 443 3250 regnum
470 3179 636 3250 Hungariae
663 3181 836 3252 pessumiret,
854 3181 967 3251 regique
986 3181 1113 3238 hostibus
1132 3179 1342 3252 undiquaquam
1359 3181 1411 3237 air·

166 3267 321 3324 cumrentia
339 3267 408 3323 nihil
425 3271 534 3339 praeter
552 3283 626 3323 mors
653 3273 826 3339 superessem
844 3268 905 3338 ipae
922 3267 1046 3324 lacobus
1070 3268 1149 3323 lateri
1175 3269 1251 3339 regio
1276 3268 1408 3324 continuo

165 3355 329 3425 adhaerens,
357 3371 422 3412 cum
447 3355 526 3426 larga
551 3356 693 3425 sanguinis
718 3357 762 3412 sui
788 3355 937 3424 effusione,
961 3356 1034 3410 riam
1061 3355 1097 3410 ad
1124 3356 1208 3411 silvas
1241 3361 1270 3412 et
1293 3356 1411 3412 latibula

166 3443 305 3498 montium
323 3442 420 3498 stricto
438 3441 543 3513 ubique
561 3459 627 3498 ense
645 3443 761 3514 aperuit
780 3443 913 3514 Dumque
931 3460 980 3498 rex
998 3459 1054 3499 non
1073 3443 1133 3498 sine
1145 3444 1255 3498 miseria
1267 3441 1303 3498 ad
1317 3447 1410 3514 partes

167 3530 322 3585 maritimas
340 3529 418 3585 fatali
436 3528 495 3584 latu
515 3546 546 3586 es
564 3531 722 3602 recepisset,
740 3530 800 3602 ipse
818 3529 945 3586 lacobus
963 3529 998 3584 dc
1017 3530 1184 3599 salutariae
1201 3535 1229 3586 et
1246 3529 1409 3601 victuregio

166 3633 224 3674 non
242 3615 349 3688 absque
368 3616 526 3672 discrimine
551 3617 623 3672 ritae
649 3618 777 3690 propriae
802 3615 922 3688 prodivit
946 3615 1105 3673 fidelissime
1124 3649 1156 3658 -
1175 3621 1346 3687 cunctaeque
1370 3618 1410 3672 in·

164 3703 350 3761 loutariorum
368 3720 526 3772 aerumnas,
545 3704 647 3775 quibus
666 3704 868 3776 premebatur,
885 3719 949 3760 cum
966 3720 1032 3775 rege
1045 3704 1081 3760 ad
1094 3704 1221 3759 ultimum
1238 3721 1327 3776 usque
1344 3721 1409 3776 sup·

163 3791 292 3863 mutarit
310 3792 365 3848 Pro
383 3796 461 3846 tanta
473 3791 558 3862 igitur
575 3791 708 3847 fidelitate
721 3791 839 3847 eundem
855 3791 873 3848 J
875 3791 1002 3860 nochum,
1016 3797 1047 3846 ut
1059 3791 1151 3860 regiae
1168 3791 1273 3861 gratiae
1294 3791 1407 3847 evidens

163 3877 267 3934 lrabeat
288 3878 456 3950 symbolum,
483 3881 590 3949 quoin
615 3895 667 3934 sua
691 3885 832 3936 senectute
857 3879 972 3951 pacifice
996 3883 1024 3934 et
1048 3879 1108 3933 sine
1134 3877 1256 3932 erumnis
1280 3878 1409 3949 gaudeat,

163 3970 265 4023 terram
283 3965 386 4038 Wrych
403 3973 475 4022 'cum
499 3966 590 4022 tribus
616 3967 806 4023 mansionibus
834 3968 862 4022 in
887 3973 960 4023 terra
979 3964 1100 4038 prlich
1125 3965 1153 4020 in
1180 3965 1260 4021 dictis
1285 3965 1409 4036 partibus

162 4054 316 4122 maritimis,
334 4053 383 4109 nbi
401 4058 480 4109 tanta
497 4053 639 4110 fidelitatis
657 4053 783 4110 exhibuit
801 4058 973 4124 argumenta,
992 4059 1110 4123 atquae
1137 4069 1186 4124 per
1210 4051 1356 4108 decesmm
1374 4070 1409 4108 ex

162 4143 215 4198 hac
231 4142 295 4200 luce
313 4141 433 4198 Renoldi
452 4141 500 4196 lilii
519 4141 639 4196 Dionisii
657 4140 783 4198 dedicta
801 4141 912 4212 Wrych‚
938 4141 974 4196 ad
999 4157 1099 4196 manus
1118 4141 1208 4211 regias
1232 4139 1408 4207 devenerant,

162 4229 252 4286 eidem
269 4229 378 4286 Jaoobo
397 4229 455 4286 filio
472 4228 574 4285 Jacobi
593 4228 658 4284 bani
676 4235 704 4284 et
722 4229 785 4283 filiis
807 4229 928 4284 filiorum
947 4229 1015 4296 eins,
1038 4229 1156 4284 consilio
1174 4228 1364 4284 Praelatorum
1382 4231 1410 4281 et

164 4317 301 4374 baronum
329 4317 364 4373 ad
384 4322 556 4388 praesentem
570 4315 708 4388 synodum
721 4317 941 4387 ccmparenilum
954 4316 1079 4383 contulit,
1093 4331 1126 4370 eo
1139 4314 1234 4370 addito
1247 4321 1278 4370 ut
1289 4313 1409 4369 eundem

162 4409 190 4459 et
207 4409 334 4475 postem
363 4403 422 4460 eius
446 4404 540 4460 nullus
569 4403 668 4472 banus,
693 4418 795 4470 comes,
820 4404 863 4458 rel
883 4403 971 4474 judex
996 4403 1074 4472 regni
1097 4405 1206 4472 praeter
1229 4417 1331 4472 regem,
1355 4401 1409 4456 eub

161 4505 244 4546 onere
265 4491 317 4546 100
334 4507 490 4546 mmcarum
508 4491 556 4548 fini
574 4490 682 4562 argenti
700 4489 822 4546 iudicare
840 4487 951 4545 audeat
975 4490 1081 4544 Datum
1101 4504 1149 4558 per
1168 4503 1267 4543 manus
1285 4489 1410 4557 magistri

162 4575 309 4648 smaragdi
327 4577 483 4649 Praepositi
500 4578 621 4634 albensis
640 4578 721 4635 aulae
740 4577 966 4634 vicecancellarii.

213 4663 310 4734 Frier:
331 4665 398 4722 Ocri.
416 4665 497 4736 Diui.
516 4668 610 4738 Hanc.
631 4668 660 4724 Τ.
684 4667 747 4724 Vll.
767 4666 819 4723 col.
838 4671 863 4722 3.
879 4681 909 4736 p.
929 4669 974 4718 36.

1269 4771 1302 4824 16
