3376 5350
322 429 385 496 386
824 441 843 482 r.
862 427 1071 488 spauciano,

323 623 411 676 varias
431 627 520 675 metas
542 621 577 675 ad
596 627 695 675 terram
722 621 866 688 Budinriri,
891 637 979 692 nsque
1005 627 1092 674 metas
1116 629 1205 675 terrae
1229 621 1356 691 Golgorn
1381 623 1416 676 ad
1441 639 1582 692 magnam

327 709 399 762 viam
419 725 468 779 per
487 725 569 778 quam
589 710 644 762 itur
662 708 697 762 ad
717 707 833 778 Posaga
854 725 903 778 per
922 725 1053 778 magnum
1067 709 1187 778 spatium
1206 709 1299 762 eundo
1319 709 1392 763 cadit
1411 711 1438 762 in
1457 710 1581 765 fluvium

326 796 454 866 Golgova
472 798 499 850 in
519 796 580 850 loco
599 796 646 850 ubi
660 795 765 850 rivulus
779 795 936 850 Bukvarika
949 795 1022 848 cadit
1041 796 1068 848 iu
1087 797 1178 865 ipsum
1193 795 1317 863 fluvium,
1334 798 1458 868 pervenit
1472 797 1583 852 deinde

323 883 359 936 ad
372 900 502 954 maguam
516 884 587 936 viam
608 899 663 952 qua
682 883 736 936 itur
761 885 788 936 in
814 883 942 950 Berezna,
968 889 1148 936 conrmetatur
1168 890 1256 938 terrae
1281 883 1401 938 liliorum
1429 885 1580 939 Benedicti

323 969 432 1040 Poryk,
460 971 583 1040 pervenit
608 969 643 1024 ad
669 979 791 1025 montem
818 969 1001 1024 Motboclrech
1027 976 1054 1023 et
1079 969 1198 1024 rivulum
1224 971 1349 1041 ejusdem
1375 973 1509 1036 nominis,
1541 974 1580 1026 ad

325 1058 495 1128 Babawelge.

382 1144 506 1198 Weaael:
527 1144 593 1200 Ood.
612 1145 681 1213 dipl.
701 1147 771 1213 Arp.
792 1143 863 1199 XII.
880 1160 909 1212 p.
928 1147 988 1198 375.

375 1283 605 1340 MCCCXXXV.
626 1285 823 1348 recantatas,
843 1291 974 1355 totusque
993 1293 1144 1340 conventus
1169 1286 1299 1340 ecclesiae
1318 1288 1345 1341 b.
1365 1287 1488 1358 Virginis
1514 1289 1581 1341 Ho-

322 1379 415 1426 nestae
435 1373 512 1426 vallis
532 1373 566 1428 de
585 1373 695 1442 Posaga
714 1373 862 1440 declarant,
882 1373 956 1442 quod
976 1374 1107 1443 magister
1133 1373 1254 1428 Mathias
1273 1375 1347 1428 lilius
1366 1374 1485 1428 Rolandi
1506 1376 1578 1430 baui

323 1477 376 1513 una
397 1476 459 1514 cum
480 1460 620 1514 Rothaldo
639 1459 722 1514 fratre
741 1477 792 1514 sno
805 1460 922 1514 confessi
937 1461 992 1514 sint
1005 1478 1069 1514 suas
1083 1463 1269 1531 possessiones
1282 1461 1409 1532 Golgova
1422 1471 1450 1516 et
1463 1462 1581 1518 Pethna

322 1548 349 1600 in
369 1547 502 1600 comitatu
522 1547 556 1600 de
575 1547 693 1617 Posaga,
711 1547 804 1600 comiti
825 1547 975 1602 Benedicto
1000 1548 1056 1601 filio
1080 1550 1189 1602 comitis
1215 1548 1342 1602 lwancha
1366 1565 1416 1618 pro
1442 1549 1581 1619 quadrin-

323 1636 413 1704 gentis
432 1635 531 1688 marcis
550 1636 656 1703 argenti
676 1640 703 1688 et
722 1634 895 1688 denariorum
915 1635 1110 1690 vendidissent

380 1721 505 1776 Wenael:
527 1721 593 1776 (lod.
612 1721 683 1789 dipl.
702 1723 772 1790 Arp.
792 1721 864 1775 XII.
880 1738 911 1789 p.
930 1725 988 1776 3so.

377 1862 622 1917 dcccxxxvi.
642 1865 718 1917 1282.
739 1861 899 1932 Capitulum
919 1861 1055 1916 Budeusis
1074 1863 1205 1917 ecclesiae
1224 1864 1390 1931 manifestat,
1409 1863 1483 1934 quod
1507 1865 1580 1919 licet

322 1951 423 2004 nobilis
442 1951 482 2003 vir
500 1967 592 2004 comes
613 1950 722 2016 Kamin,
746 1951 820 2004 filius
845 1951 952 2004 comitis
978 1950 1118 2004 Benedicti
1146 1951 1180 2004 de
1205 1949 1308 2019 Pulnrr,
1334 1952 1417 2006 frater
1442 1951 1579 2007 videlicet

323 2037 396 2092 Petri
417 2037 556 2106 quondam
576 2038 648 2101 bani,
667 2039 744 2091 iuxta
756 2045 879 2092 tenorem
893 2038 1043 2090 litterarum
1057 2038 1170 2107 capituli
1189 2038 1351 2092 dominabus
1365 2056 1413 2092 seu
1431 2040 1582 2094 sororibus

327 2143 348 2178 s.
373 2125 478 2178 Mariae
497 2125 621 2192 Virginis
640 2124 674 2178 de
692 2123 789 2178 Iusula
817 2125 959 2178 occasione
985 2123 1057 2178 dotis
1076 2133 1104 2178 et
1123 2142 1212 2178 rerum
1231 2125 1443 2194 parat'enraliurn
1470 2126 1580 2180 nobilia

324 2211 453 2266 dominae
472 2213 582 2266 relictae
601 2213 709 2266 comitis
730 2213 829 2276 Abrae,
842 2214 947 2266 ratione
960 2213 1038 2266 euius
1052 2212 1124 2266 dotis
1138 2212 1250 2266 eaedem
1264 2230 1371 2268 sorores
1384 2214 1579 2282 possesionem

325 2299 423 2352 Pulrnr
441 2300 567 2364 (Palmae)
587 2315 678 2352 coram
698 2299 827 2352 ladislao
846 2315 910 2370 rege
928 2301 1105 2369 impetebant,
1119 2299 1303 2370 quadraginta
1322 2317 1435 2365 marcas
1448 2301 1581 2369 singulas

325 2403 388 2439 cum
407 2387 528 2456 quinque
547 2387 640 2456 pensis
665 2386 837 2440 denariorum
864 2387 1003 2440 banalium
1032 2387 1231 2456 computando;
1257 2388 1323 2442 item
1350 2404 1442 2441 comes
1467 2387 1581 2441 Paulus

325 2475 408 2528 frater
425 2474 549 2529 eiusdem
569 2475 677 2528 comitis
697 2473 797 2527 Kornin
817 2475 922 2528 ratione
948 2473 1141 2528 destructionis
1163 2474 1244 2528 villae
1270 2475 1418 2530 earrmdeur
1438 2491 1580 2542 sororum,

325 2560 429 2616 Samud
457 2569 583 2626 vocatae,
609 2563 641 2614 1·2
663 2562 745 2616 boves
770 2561 874 2616 eisdem
902 2563 1040 2616 sororibus
1067 2562 1172 2616 solvere
1192 2563 1360 2628 debuissent,
1386 2569 1478 2616 tamen
1498 2561 1580 2616 idern

324 2665 417 2704 comes
436 2649 536 2703 Kemin
563 2665 614 2718 pro
633 2666 662 2702 se
681 2657 708 2703 et
727 2666 777 2718 pro
802 2649 919 2704 Nicolao
942 2665 974 2703 ac
997 2649 1146 2704 Laurentio
1170 2651 1227 2704 filio
1252 2650 1374 2704 eiusdem
1400 2649 1474 2703 Petri
1500 2651 1581 2717 bani,

323 2736 414 2790 fratris
433 2737 483 2803 sni,
503 2736 688 2806 comparendo
706 2739 780 2807 ipsas
798 2738 833 2790 40
851 2754 964 2800 marcas,
984 2745 1011 2792 et
1030 2737 1135 2791 Paulus
1159 2737 1242 2792 frater
1260 2737 1349 2792 dictos
1374 2739 1407 2790 12
1432 2737 1518 2790 boves
1549 2741 1581 2792 in

323 2825 449 2878 terminis
461 2823 497 2878 ad
510 2823 672 2878 solvendum
686 2825 842 2893 assumptis,
857 2822 933 2877 fratri
946 2823 1035 2878 Paulo
1048 2841 1180 2880 converso
1193 2824 1279 2878 ordini
1294 2824 1409 2877 fratrum
1429 2823 1582 2878 Praedica-

324 2917 417 2965 torum
436 2912 555 2982 generali
570 2913 739 2981 procuratori
753 2912 876 2980 ipsarum
888 2927 1020 2977 sororum,
1033 2912 1126 2964 comiti
1141 2911 1269 2965 Michaeli
1289 2911 1399 2964 officiali
1414 2911 1581 2980 earundem,

325 2999 437 3052 nomine
456 3000 614 3054 monasterii
633 2997 780 3058 solverunt,
801 3015 885 3068 quare
903 3001 963 3068 ipsa
982 2999 1119 3068 possessio
1139 2997 1235 3051 Pulnrr
1252 2999 1288 3051 ab
1307 3000 1381 3052 omni
1400 2999 1582 3069 impetitione.

328 3091 356 3140 et
374 3087 518 3140 vexatione
537 3086 664 3140 absoluta
689 3092 818 3140 remanet.
844 3085 988 3140 Praeterea
1013 3085 1096 3139 frater
1115 3085 1219 3138 Paulus
1238 3092 1265 3139 et
1284 3101 1376 3139 comes
1394 3085 1515 3139 Michael
1536 3103 1583 3141 re·

327 3174 476 3228 stituerunt
503 3175 596 3226 comiti
626 3173 726 3226 Kemin
754 3174 846 3226 omnia
870 3175 1050 3227 instrumenta
1070 3181 1096 3226 et
1116 3173 1258 3242 privilegia
1276 3173 1448 3243 respicientia
1467 3189 1581 3242 posses·

325 3261 431 3315 sionem
451 3261 555 3314 Pukur.

385 3347 510 3402 Wearel:
532 3346 596 3402 dod.
617 3347 685 3414 dipl.
704 3347 811 3414 Arpod.
832 3347 904 3401 XII.
922 3349 981 3399 365.

380 3486 640 3543 lloccxxxvn.
665 3487 812 3558 tragum.
838 3491 915 3541 1283.
941 3491 982 3540 11.
1007 3489 1152 3542 Ianuar-ii.
1178 3487 1360 3558 Temporibus
1378 3487 1499 3541 Ladislai
1522 3488 1578 3544 lv.

325 3578 407 3646 regis,
426 3576 552 3646 Gregorii
570 3575 760 3644 Traguriensis
773 3576 893 3645 episcopi
913 3584 940 3629 et
959 3575 1097 3629 Francisci
1118 3575 1219 3630 Falctri
1234 3574 1268 3628 de
1281 3575 1414 3640 Venetiis,
1428 3579 1579 3644 potestatis

328 3664 525 3732 Traguriensis.
545 3661 622 3715 Idem
648 3661 812 3716 Francisrus
836 3669 959 3732 potestas
983 3667 1079 3716 notum
1104 3663 1178 3728 facit,
1204 3661 1279 3731 quod
1303 3661 1369 3716 olim
1398 3663 1500 3732 pluries
1526 3681 1580 3734 per

325 3753 437 3806 nuntios
451 3759 477 3804 et
495 3750 600 3803 litteras
614 3751 746 3819 speciales
759 3751 887 3819 potestati
902 3757 929 3804 et
942 3751 1080 3804 communi
1092 3750 1126 3804 (le
1140 3750 1253 3819 Spalato
1267 3767 1300 3803 ex
1314 3755 1391 3819 parte
1404 3751 1475 3803 civit.
1490 3751 1576 3820 Trag.

326 3839 516 3894 transmissum
537 3839 628 3891 extitit
646 3845 677 3890 ut
696 3838 876 3891 amicabiliter
900 3837 1005 3907 lignum
1026 3845 1053 3891 et
1072 3856 1114 3891 res
1133 3838 1200 3891 alias
1219 3837 1374 3907 Vulcignae
1393 3839 1445 3890 civi
1464 3855 1515 3892 suo
1536 3856 1578 3892 re-

326 3927 402 3981 stitui
416 3925 529 3992 faciant;
548 3924 623 3994 quod
643 3933 670 3979 et
688 3941 756 3994 quas
770 3925 945 3994 Spalatensos
958 3927 1018 3994 capi
1040 3925 1160 3979 fecerant
1178 3925 1307 3978 indebite.
1326 3924 1381 3978 Sed
1397 3924 1436 3978 illi
1450 3924 1577 3980 detinent

327 4015 432 4082 lignum
453 4020 480 4065 et
499 4029 542 4066 res
562 4012 649 4066 dictas
668 4029 749 4082 porro
769 4029 878 4080 qnoque
901 4021 995 4066 contra
1020 4013 1111 4065 Deum
1137 4021 1164 4066 et
1188 4011 1320 4064 homines.
1346 4010 1426 4064 Unde
1451 4011 1578 4066 volentes

326 4101 522 4170 Tragurienses
542 4101 628 4153 civem
649 4116 728 4152 suum
748 4100 775 4151 in
795 4100 900 4152 iuribus
920 4101 976 4152 suis
995 4107 1181 4166 manutenere,
1207 4098 1358 4152 delibemnt
1381 4104 1409 4151 et
1434 4098 1576 4152 licentiam

326 4190 451 4243 tribuunt
468 4187 624 4256 Vulcignae
638 4193 668 4238 ut
682 4202 763 4254 super
776 4186 855 4238 bouis
869 4185 1071 4255 Spalatensiunr
1087 4187 1253 4255 ubicumque
1267 4186 1451 4238 invenirentur
1469 4203 1576 4254 repres-

326 4277 394 4329 salia
412 4275 502 4328 lacere
522 4274 628 4340 debeat,
648 4281 676 4326 et
694 4273 743 4324 sibi
764 4273 888 4324 satisfieri
909 4271 942 4326 de.
962 4272 1037 4325 libris
1057 4273 1131 4326 mille
1159 4273 1332 4326 denariorum
1358 4287 1503 4340 parvonrm
1530 4291 1576 4326 ve-

327 4366 488 4418 neticorum.
508 4365 609 4416 Actum
629 4360 817 4429 praesentibus
836 4359 925 4412 Dessa
944 4359 1087 4426 Anrblasii,
1105 4359 1236 4414 Silvestro
1256 4359 1289 4412 de
1309 4359 1434 4427 Mengaz,
1447 4358 1577 4428 Georgeo

328 4451 471 4504 tludimeri
492 4457 519 4504 et
537 4449 597 4502 aliis
616 4463 649 4500 ac
667 4445 783 4499 Nieolao
803 4445 912 4500 Onsocti
932 4449 1125 4502 exaruinatore.

379 4537 503 4591 Lucios:
522 4537 603 4589 Mem.
625 4533 655 4586 ἀί
676 4534 760 4597 Trou,
776 4549 805 4600 p.
826 4537 885 4587 113.

381 4657 653 4713 stottuxxxvnl.
669 4657 807 4726 Posogae.
821 4659 889 4710 1283
912 4659 951 4710 13.
965 4658 1110 4710 Junnnrii.
1122 4657 1281 4710 Elisabethn
1294 4659 1387 4726 regina
1399 4657 1572 4725 Huugariae,

329 4747 439 4802 ducissa
458 4747 543 4800 totius
568 4745 711 4798 Slavoniae
737 4743 771 4798 ur
798 4743 915 4797 Maclrnv
934 4751 960 4797 et
981 4744 1014 4796 de
1033 4745 1133 4810 nona,
1153 4746 1209 4797 snis
1229 4743 1356 4797 tidelibns
1375 4745 1521 4797 comitibus
1540 4746 1575 4798 de
