3480 5356
702 457 846 500 errorem.
1326 429 1391 500 345

205 621 354 678 stom.
372 625 452 676 1275.
470 621 632 678 Elimbetirs
648 623 744 692 regine
767 621 934 689 meniisrtet,
952 620 1029 692 quod
1047 621 1158 678 servitiu
1174 621 1285 678 comitis
1305 621 1391 680 Bene·

153 709 228 779 dicti,
246 709 296 764 iiiii
317 709 425 765 comitis
449 698 587 778 stnoirs,
606 710 653 780 qni
671 709 756 766 Beiue
774 715 804 766 et
820 708 963 780 Stepheno
986 707 1099 780 regibus
1123 714 1152 766 et
1174 709 1287 766 tendem
1310 709 1393 766 Indi·

155 797 215 853 sleo
231 797 300 868 regi,
317 797 375 852 filio
394 811 446 852 eno
464 801 492 852 et
509 797 535 852 ei
552 797 615 868 ipsi,
633 812 783 868 perronem
801 813 881 852 suem
901 795 1013 852 ceribus
1030 797 1159 856 fortunee
1175 797 1318 854 comittere
1335 813 1392 854 non

153 883 307 942 formideris
325 885 352 940 in
371 884 511 956 prosperis
523 889 552 940 st
562 883 686 940 edversis
698 899 763 941 oum
778 899 887 940 summe
898 882 1046 954 diligencie
1059 883 1238 954 exhibuisset,
1251 883 1393 956 quendem

154 977 255 1028 terrem
282 972 310 1026 io
333 971 454 1039 foenore,
473 971 573 1028 Vrbne
596 977 732 1040 vooetsm,
750 972 779 1026 in
796 971 929 1028 comiteur
952 970 988 1026 de
1011 971 1132 1042 Posegu,
1150 985 1234 1042 quem
1251 971 1393 1044 quondum

155 1059 309 1118 Morounns
326 1059 400 1114 iilius
417 1058 496 1114 Mite
508 1057 658 1128 detinebat,
676 1075 741 1116 cum
758 1057 888 1116 omnibus
906 1059 1086 1130 pertinentiis,
1104 1057 1140 1114 de
1157 1058 1333 1132 beneplroiio
1345 1059 1395 1114 iiiii

155 1147 198 1201 eui
216 1145 339 1202 Lsdisiei
356 1147 430 1217 regis
447 1145 573 1204 contulit.
591 1147 732 1204 dicturum
743 1152 838 1203 sutem
855 1146 945 1218 prime
961 1146 1060 1217 incipit
1076 1146 1155 1202 iuxts
1172 1145 1287 1202 durium
1305 1145 1394 1203 Ohur·

155 1232 237 1301 noch,
246 1231 311 1288 inde
328 1232 454 1306 procedit
467 1231 503 1288 sd
520 1235 745 1305 septemtrionem
763 1235 792 1289 in
810 1233 907 1288 silrem
925 1233 1010 1300 Zeus,
1026 1233 1148 1290 declinet
1164 1233 1201 1288 ed
1218 1247 1349 1305 eampum
1367 1240 1397 1290 et

155 1319 191 1374 ed
209 1319 325 1376 flurium
342 1319 450 1378 Vrbus.
467 1321 521 1376 Per
538 1321 628 1376 reries
640 1327 729 1377 metes
747 1320 823 1378 ondit
840 1321 868 1376 in
887 1320 974 1393 potok
991 1320 1181 1392 Bokolernyk.
1202 1321 1394 1378 (iommetstur

155 1411 244 1462 terreo
260 1408 369 1464 comitis
390 1407 493 1475 Gireuir,
512 1411 540 1464 et
558 1425 608 1480 per
624 1408 729 1466 dietum
753 1408 842 1480 potok
865 1407 942 1464 redit
958 1408 994 1466 sd
1012 1423 1144 1480 megum
1167 1409 1249 1477 viem,
1267 1408 1343 1464 cedit
1359 1407 1395 1464 sd

156 1509 258 1565 equem
276 1494 448 1566 zlopchenik
474 1501 502 1550 et
525 1493 561 1550 sd
585 1493 815 1567 Dopouohpotok
838 1500 867 1551 ot
889 1496 987 1550 mnndi
1008 1511 1110 1566 equum
1137 1493 1285 1564 Doboucir,
1309 1495 1397 1567 vergit

156 1597 253 1638 versus
271 1581 428 1652 Destenier,
447 1584 522 1640 remit
538 1599 588 1655 per
605 1597 736 1654 oempnm
754 1581 790 1640 ed
808 1597 911 1654 eqnem
936 1582 1010 1638 Luki
1033 1589 1062 1638 et
1085 1581 1121 1638 ed
1145 1583 1246 1653 iseum,
1270 1583 1318 1654 qui
1341 1597 1399 1640 nne

156 1667 387 1740 Helensknpolys
404 1677 527 1739 roostur,
545 1669 581 1726 ed
598 1669 743 1728 meridiem
755 1669 791 1728 ud
803 1685 906 1740 equum
918 1667 1069 1726 Ohurnnch
1087 1673 1115 1725 et
1132 1669 1181 1726 ubi
1198 1669 1227 1726 iu
1246 1685 1310 1726 enm
1321 1670 1398 1726 cudit

157 1771 230 1826 eque
248 1757 353 1812 Zeuiue
370 1763 399 1814 et
416 1764 560 1830 separetur
577 1758 613 1814 de
631 1763 706 1815 torre
723 1757 803 1815 cheu
821 1757 915 1828 ibique
932 1757 1103 1812 terminetur.
1119 1757 1226 1813 Detum
1238 1771 1288 1830 per
1299 1773 1399 1814 merrus

158 1841 285 1914 Gregorii
302 1845 383 1900 eolre
406 1845 571 1902 cenoellerii.

208 1929 258 1986 mn
275 1931 347 1987 actis
357 1947 408 2001 per
419 1933 522 1988 tenure
539 1933 818 2004 Risum-Redonum
837 1947 871 1989 ee
887 1933 965 2002 regei
982 1931 1096 1989 oeteo
1113 1933 1225 1990 mirre.
1249 1931 1288 1990 Ν.
1306 1931 1342 1989 R.
1360 1933 1399 1990 A.

158 2019 238 2074 Fore.
256 2023 336 2073 1603.
354 2020 407 2076 Nr.
423 2023 464 2074 12.

211 2157 373 2216 mcum.
391 2161 467 2216 1275.
485 2159 647 2217 Eiieebethr
664 2161 760 2232 regine
782 2161 913 2229 notificet,
938 2159 1014 2232 quod
1037 2176 1101 2216 oum
1126 2157 1275 2216 Lsdisleus
1299 2175 1349 2215 rex
1373 2163 1401 2214 et

158 2243 217 2302 dux
235 2245 361 2302 Andreas
379 2247 464 2304 freter
483 2249 551 2316 eins,
570 2249 619 2304 filii
637 2250 757 2320 reginse,
778 2253 856 2321 petre
881 2264 979 2304 eorum
1002 2245 1147 2318 Stepheno
1164 2246 1310 2304 demedio
1335 2245 1401 2301 eui>

159 2334 216 2388 isto
239 2333 268 2388 in
292 2339 383 2390 setete
407 2339 503 2391 tenere
519 2335 664 2392 constituti
680 2348 798 2408 regnum
815 2333 970 2406 gubernare
997 2335 1150 2406 nequirent,
1176 2339 1205 2390 et
1227 2330 1327 2388 exinde
1352 2347 1401 2403 per

160 2425 306 2490 extraneos
323 2421 419 2479 hostes
437 2424 529 2480 reriue
546 2425 727 2480 neceeeitstes
750 2439 845 2494 regno,
864 2427 892 2477 et
909 2437 959 2496 per
976 2419 1145 2477 discordium
1170 2419 1306 2476 beronum
1330 2419 1403 2476 inter

160 2525 190 2564 se
207 2509 369 2566 iniurierum
386 2512 513 2568 eociones
531 2511 630 2570 incolis
648 2511 774 2568 eiusdem
791 2509 820 2566 in
838 2509 978 2567 ebietione
991 2509 1201 2582 possessionum
1217 2508 1401 2575 imminerent,

160 2596 257 2653 rolens
275 2613 433 2654 succurrere
450 2597 616 2654 immuniteti
634 2594 832 2670 quorumlibet,
856 2597 980 2653 Demere
1005 2601 1033 2652 et
1056 2595 1180 2652 'rhomes
1203 2595 1343 2652 nobilibus
1367 2594 1403 2651 de

50 2718 54 2728 »
161 2681 289 2740 Vsreohe
313 2683 376 2740 filiis
403 2685 526 2742 Methiee
550 2685 579 2740 in
605 2687 739 2742 comitutu
768 2683 803 2740 de
821 2683 975 2740 Wereuohe
1001 2689 1104 2738 terrem
1118 2670 1298 2750 'tenentibuq
1325 2681 1406 2738 duxit

161 2770 349 2842 annuendum,
367 2778 399 2828 ut
415 2779 516 2830 terrem
534 2773 665 2830 Lusench
683 2789 771 2845 prope
788 2769 902 2827 flurium
920 2769 993 2838 Ilue,
1021 2787 1105 2841 quem
1130 2769 1219 2824 Merie
1243 2784 1339 2824 eocrus
1362 2783 1403 2824 re·

159 2859 240 2930 ginee
258 2859 287 2916 in
304 2859 497 2916 concembium
514 2865 603 2916 terreo
613 2859 765 2933 Bryrniohe
777 2857 899 2926 dederet,
911 2874 976 2914 cum
989 2857 1118 2913 omnibus
1132 2855 1304 2928 pertinentiis
1316 2853 1402 2910 iidem

159 2945 265 3003 Demos
284 2952 312 3002 et
329 2945 450 3003 Thomas
475 2965 508 3004 eo
531 2945 665 3002 haeredes
692 2963 788 3002 eornm
815 2949 952 3016 perpeuto
978 2949 1071 3000 tenere
1097 2943 1207 2998 veieent
1232 2945 1261 2996 et
1287 2940 1398 3012 legendi

160 3039 326 3106 potestetem
344 3035 501 3106 cuicunque
519 3033 657 3092 voluerint
680 3033 802 3090 hebeent
823 3033 908 3088 etium
931 3029 1097 3088 heeredibus
1120 3027 1252 3086 destituti.
1276 3027 1320 3084 De
1343 3029 1399 3085 ool·

163 3121 241 3178 lectis
268 3127 362 3178 eutem
388 3121 602 3178 merturinerum
621 3125 650 3177 et
666 3121 729 3176 eliis
752 3119 852 3175 debitis
876 3119 1046 3191 populorum
1070 3133 1184 3172 suorum
1207 3115 1319 3186 reginee
1340 3132 1400 3186 per-

161 3207 310 3278 solvendis,
328 3211 437 3265 tertium
464 3209 598 3281 recipient
624 3207 786 3281 portionem.
813 3205 959 3263 Gonoessit
982 3205 1104 3276 insuper,
1127 3209 1158 3260 nt
1181 3203 1255 3258 ultre
1277 3203 1400 3258 Drerem

161 3295 197 3350 ed
215 3295 320 3351 curiem
337 3297 411 3366 regis
438 3295 482 3352 uei
506 3295 619 3352 elterius
643 3293 746 3368 judicis
763 3293 963 3364 cuiuscumque
980 3291 1057 3348 citeti
1082 3289 1241 3346 nulletenus
1269 3289 1400 3346 recedere

160 3387 314 3438 teneretur.
332 3383 370 3438 Et
386 3381 462 3454 quod
481 3399 601 3454 persone
617 3388 748 3440 extranee
767 3386 853 3438 testes
880 3386 1026 3436 extraneos
1044 3375 1196 3450 producere
1223 3393 1280 3434 non
1311 3377 1401 3448 possit

162 3473 260 3525 contre
276 3470 362 3542 ipsos.
380 3469 520 3527 Moturum
537 3475 631 3527 eutem
653 3476 741 3526 terrse
763 3467 852 3540 prime
869 3465 966 3538 incipit
984 3463 1021 3521 eb
1038 3463 1143 3520 oriente
1160 3463 1196 3520 de
1214 3464 1306 3536 oepite
1324 3463 1401 3538 putei

162 3555 290 3628 Bepesch
313 3557 392 3614 iuxts
414 3561 515 3614 terrem
542 3557 666 3628 megirtri
693 3555 793 3630 Egidii,
820 3571 918 3612 vereue
944 3551 1088 3608 meridiem
1114 3556 1204 3608 terres
1221 3549 1401 3623 Vymicetus.

162 3643 233 3700 Inde
250 3643 286 3700 ed
304 3645 420 3702 flurium
443 3645 507 3703 Ilue
524 3651 552 3702 et
570 3661 619 3718 per
637 3645 727 3700 verius
750 3649 837 3700 terres
855 3639 890 3698 ed
910 3645 1014 3698 terrem
1037 3639 1138 3697 Jacobi
1156 3639 1205 3694 filii
1223 3637 1310 3696 Bothe
1327 3644 1355 3694 et
1372 3637 1401 3692 in

164 3738 259 3790 monte
276 3731 313 3790 ed
330 3749 461 3804 megnem
470 3733 579 3790 rineem
592 3731 723 3800 Meihiee,
735 3729 800 3787 inde
812 3727 848 3786 ed
861 3730 934 3786 viem
951 3727 1031 3784 iuxie
1048 3733 1150 3784 terrem
1166 3725 1291 3798 magistri
1309 3724 1401 3796 Egidii

164 3825 192 3875 et
209 3821 353 3878 revertitur
370 3820 407 3877 ed
426 3821 549 3893 primem

216 3909 265 3964 Ec
277 3910 348 3966 actis
359 3910 522 3965 erorrosteris⁸
540 3908 637 3964 Debre
653 3907 725 3964 tuto
740 3921 791 3976 per
808 3905 911 3962 bortum
935 3901 1210 3972 etum-Hminem
1232 3913 1267 3956 ec
1289 3899 1402 3966 cretico

165 3995 244 4066 requi
261 3993 373 4053 ebiutir.
391 3999 473 4053 Foro.
491 3997 515 4052 1.
534 3999 568 4050 N.
586 3996 610 4050 L

200 4137 380 4196 ucnxxn.
401 4139 578 4196 diroe1275.
596 4135 731 4192 Niooiees
752 4134 892 4207 peletinus
909 4145 1003 4189 comes
1015 4127 1214 4204 Snpruniensis
1232 4126 1326 4184 scribit
1343 4127 1403 4184 viro

167 4225 254 4284 nobili
272 4233 301 4286 et
318 4229 408 4286 emico
427 4241 479 4286 suo
497 4225 632 4298 Gregorio
658 4225 732 4281 buno
750 4221 844 4280 comiti
869 4219 1036 4293 symigiensi
1062 4221 1090 4274 et
1115 4215 1228 4288 requirit
1253 4213 1403 4270 amicitiem

167 4331 247 4373 suem
272 4319 410 4388 quetenus
433 4313 561 4372 comitem
588 4311 833 4368 Bertholomeeum
859 4313 887 4364 et
912 4307 1075 4378 megistrum
1102 4301 1270 4360 Oeimerium
1296 4301 1403 4357 ratione

167 4409 255 4460 terreo
273 4403 356 4459 oestri
374 4399 556 4474 Symigieneis
574 4399 739 4467 Gorbonulr,
757 4397 826 4470 ipsis
849 4411 901 4468 pro
925 4391 1043 4451 servitis
1066 4389 1125 4448 suis
1151 4405 1202 4462 per
1227 4405 1321 4461 regem
1347 4387 1403 4444 col·

166 4493 248 4560 letee,
266 4507 322 4546 non
341 4491 476 4547 molestet.

223 4579 288 4636 Ood.
307 4577 377 4648 dipl.
393 4577 506 4647 patries
527 4573 575 4630 VI.
592 4589 621 4644 p.
640 4575 699 4628 214.

220 4697 662 4758 Munxxrn.1275.riicolaus
681 4695 770 4750 benur
792 4693 920 4748 Oroetiee
937 4695 966 4746 et
984 4689 1140 4746 Deimetiee
1164 4687 1247 4744 refert
1270 4687 1327 4758 regi
1351 4687 1404 4742 Le·

168 4793 265 4858 dis1eo,
293 4789 368 4860 quod
393 4788 571 4860 Speleteneee
595 4791 623 4840 et
646 4782 795 4841 Sibenreni
822 4779 962 4836 nobilibus
989 4775 1117 4834 omnibus
1147 4781 1175 4832 et
1202 4773 1404 4847 potentioribus
