<?xml version="1.0" encoding="UTF-8"?>
<!DOCTYPE html PUBLIC "-//W3C//DTD XHTML 1.0 Transitional//EN"
    "http://www.w3.org/TR/xhtml1/DTD/xhtml1-transitional.dtd">
<html xmlns="http://www.w3.org/1999/xhtml" xml:lang="en" lang="en">
 <head>
  <title>
</title>
<meta http-equiv="Content-Type" content="text/html;charset=utf-8" />
  <meta name='ocr-system' content='tesseract 3.04.00' />
  <meta name='ocr-capabilities' content='ocr_page ocr_carea ocr_par ocr_line ocrx_word'/>
</head>
<body>
  <div class='ocr_page' id='page_1' title='image "./regestadocument00sakcgoog_0178.png"; bbox 0 0 3464 5382; ppageno 0'>
   <div class='ocr_carea' id='block_1_1' title="bbox 360 405 1101 483">
    <p class='ocr_par' dir='ltr' id='par_1_1' title="bbox 360 405 1101 483">
     <span class='ocr_line' id='line_1_1' title="bbox 360 405 1101 483; baseline 0.001 -12"><span class='ocrx_word' id='word_1_1' title='bbox 360 405 425 471; x_wconf 78' lang='lat'>172</span> <span class='ocrx_word' id='word_1_2' title='bbox 866 428 887 472; x_wconf 90' lang='lat'>1.</span> <span class='ocrx_word' id='word_1_3' title='bbox 903 413 1101 483; x_wconf 73' lang='lat' dir='ltr'>xururuurro,</span> 
     </span>
    </p>
   </div>
   <div class='ocr_carea' id='block_1_2' title="bbox 359 591 1609 736">
    <p class='ocr_par' dir='ltr' id='par_1_2' title="bbox 359 591 1609 736">
     <span class='ocr_line' id='line_1_2' title="bbox 359 591 1609 735; baseline 0.006 -87"><span class='ocrx_word' id='word_1_4' title='bbox 359 591 546 735; x_wconf 45' lang='lat' dir='ltr'>ffleomireit,</span> <span class='ocrx_word' id='word_1_5' title='bbox 564 592 687 650; x_wconf 86' lang='lat' dir='ltr'>Hrvatin</span> <span class='ocrx_word' id='word_1_6' title='bbox 708 591 820 662; x_wconf 63' lang='lat' dir='ltr'>ffurbit,</span> <span class='ocrx_word' id='word_1_7' title='bbox 839 593 974 652; x_wconf 81' lang='lat' dir='ltr'>Prvoria&#39;v</span> <span class='ocrx_word' id='word_1_8' title='bbox 993 593 1155 663; x_wconf 74' lang='lat' dir='ltr'>Prodentit,</span> <span class='ocrx_word' id='word_1_9' title='bbox 1173 594 1319 652; x_wconf 84' lang='lat' dir='ltr'>Bratoalar</span> <span class='ocrx_word' id='word_1_10' title='bbox 1330 593 1450 654; x_wconf 76' lang='lat' dir='ltr'>Vlkovit</span> <span class='ocrx_word' id='word_1_11' title='bbox 1468 600 1497 654; x_wconf 89' lang='lat' dir='ltr'>et</span> <span class='ocrx_word' id='word_1_12' title='bbox 1513 598 1609 656; x_wconf 86' lang='lat' dir='ltr'>Borko</span> 
     </span>
     <span class='ocr_line' id='line_1_3' title="bbox 424 695 529 736; baseline 0.01 -1"><span class='ocrx_word' id='word_1_13' title='bbox 424 695 505 736; x_wconf 81' lang='lat' dir='ltr'>ovam</span> <span class='ocrx_word' id='word_1_14' title='bbox 522 721 529 736; x_wconf 89' lang='lat'><strong>.</strong></span> 
     </span>
    </p>
   </div>
   <div class='ocr_carea' id='block_1_3' title="bbox 393 767 899 848">
    <p class='ocr_par' dir='ltr' id='par_1_3' title="bbox 393 767 899 848">
     <span class='ocr_line' id='line_1_4' title="bbox 393 767 899 848; baseline 0 -26"><span class='ocrx_word' id='word_1_15' title='bbox 393 767 576 848; x_wconf 67' lang='lat' dir='ltr'>¹rarione:</span> <span class='ocrx_word' id='word_1_16' title='bbox 595 767 669 825; x_wconf 75' lang='lat' dir='ltr'>aee.</span> <span class='ocrx_word' id='word_1_17' title='bbox 688 769 795 826; x_wconf 67' lang='lat' dir='ltr'>mora</span> <span class='ocrx_word' id='word_1_18' title='bbox 809 785 839 840; x_wconf 72' lang='grc' dir='ltr'>ρ.</span> <span class='ocrx_word' id='word_1_19' title='bbox 857 773 899 824; x_wconf 69' lang='lat' dir='ltr'>si.</span> 
     </span>
    </p>
   </div>
   <div class='ocr_carea' id='block_1_4' title="bbox 359 889 1611 1574">
    <p class='ocr_par' dir='ltr' id='par_1_4' title="bbox 359 889 1611 1474">
     <span class='ocr_line' id='line_1_5' title="bbox 413 889 1611 966; baseline 0.006 -21"><span class='ocrx_word' id='word_1_20' title='bbox 413 889 580 949; x_wconf 84' lang='lat' dir='ltr'>DLXXIX.</span> <span class='ocrx_word' id='word_1_21' title='bbox 598 895 677 950; x_wconf 73' lang='lat'><strong><em>1249.</em></strong></span> <span class='ocrx_word' id='word_1_22' title='bbox 701 890 825 948; x_wconf 85' lang='lat' dir='ltr'>Donatio</span> <span class='ocrx_word' id='word_1_23' title='bbox 847 891 922 962; x_wconf 83' lang='lat' dir='ltr'>regia</span> <span class='ocrx_word' id='word_1_24' title='bbox 933 891 1017 948; x_wconf 89' lang='lat' dir='ltr'>Belae</span> <span class='ocrx_word' id='word_1_25' title='bbox 1028 890 1080 950; x_wconf 88' lang='lat' dir='ltr'>IV.</span> <span class='ocrx_word' id='word_1_26' title='bbox 1093 907 1150 964; x_wconf 89' lang='lat' dir='ltr'>qua</span> <span class='ocrx_word' id='word_1_27' title='bbox 1167 892 1307 948; x_wconf 89' lang='lat' dir='ltr'>mediante</span> <span class='ocrx_word' id='word_1_28' title='bbox 1325 893 1455 950; x_wconf 79' lang='lat' dir='ltr'>univerae</span> <span class='ocrx_word' id='word_1_29' title='bbox 1472 909 1506 950; x_wconf 87' lang='lat' dir='ltr'>ao</span> <span class='ocrx_word' id='word_1_30' title='bbox 1523 913 1611 966; x_wconf 86' lang='lat' dir='ltr'>quae·</span> 
     </span>
     <span class='ocr_line' id='line_1_6' title="bbox 360 977 1608 1052; baseline 0.005 -18"><span class='ocrx_word' id='word_1_31' title='bbox 360 977 428 1035; x_wconf 89' lang='lat' dir='ltr'>libet</span> <span class='ocrx_word' id='word_1_32' title='bbox 445 977 521 1034; x_wconf 90' lang='lat' dir='ltr'>bona</span> <span class='ocrx_word' id='word_1_33' title='bbox 539 977 659 1035; x_wconf 81' lang='lat' dir='ltr'>condam</span> <span class='ocrx_word' id='word_1_34' title='bbox 676 977 756 1035; x_wconf 79' lang='lat' dir='ltr'>bilae</span> <span class='ocrx_word' id='word_1_35' title='bbox 773 978 925 1050; x_wconf 76' lang='lat' dir='ltr'><strong>praepositi</strong></span> <span class='ocrx_word' id='word_1_36' title='bbox 942 979 1144 1050; x_wconf 74' lang='lat' dir='ltr'>Zagrabieueia,</span> <span class='ocrx_word' id='word_1_37' title='bbox 1166 979 1309 1052; x_wconf 76' lang='lat' dir='ltr'>signanter</span> <span class='ocrx_word' id='word_1_38' title='bbox 1326 996 1392 1036; x_wconf 80' lang='lat' dir='ltr'>vero</span> <span class='ocrx_word' id='word_1_39' title='bbox 1405 985 1509 1038; x_wconf 84' lang='lat' dir='ltr'>terram</span> <span class='ocrx_word' id='word_1_40' title='bbox 1526 981 1608 1040; x_wconf 87' lang='lat' dir='ltr'>Deri-</span> 
     </span>
     <span class='ocr_line' id='line_1_7' title="bbox 360 1063 1607 1137; baseline 0.005 -17"><span class='ocrx_word' id='word_1_41' title='bbox 360 1071 455 1137; x_wconf 86' lang='lat' dir='ltr'>nemty</span> <span class='ocrx_word' id='word_1_42' title='bbox 479 1083 515 1121; x_wconf 88' lang='lat' dir='ltr'>ax</span> <span class='ocrx_word' id='word_1_43' title='bbox 538 1066 702 1122; x_wconf 88' lang='lat' dir='ltr'>oonoambio</span> <span class='ocrx_word' id='word_1_44' title='bbox 726 1082 791 1122; x_wconf 90' lang='lat' dir='ltr'>oum</span> <span class='ocrx_word' id='word_1_45' title='bbox 811 1067 982 1122; x_wconf 83' lang='lat' dir='ltr'>monastario</span> <span class='ocrx_word' id='word_1_46' title='bbox 1005 1066 1041 1122; x_wconf 89' lang='lat' dir='ltr'>de</span> <span class='ocrx_word' id='word_1_47' title='bbox 1065 1063 1176 1122; x_wconf 86' lang='lat' dir='ltr'>Bnidna</span> <span class='ocrx_word' id='word_1_48' title='bbox 1200 1067 1355 1124; x_wconf 87' lang='lat' dir='ltr'>intervente</span> <span class='ocrx_word' id='word_1_49' title='bbox 1377 1066 1529 1134; x_wconf 85' lang='lat' dir='ltr'>obtentam,</span> <span class='ocrx_word' id='word_1_50' title='bbox 1552 1086 1607 1126; x_wconf 88' lang='lat' dir='ltr'>neo</span> 
     </span>
     <span class='ocr_line' id='line_1_8' title="bbox 360 1151 1607 1225; baseline 0.004 -16"><span class='ocrx_word' id='word_1_51' title='bbox 360 1169 417 1209; x_wconf 91' lang='lat' dir='ltr'>non</span> <span class='ocrx_word' id='word_1_52' title='bbox 435 1159 524 1209; x_wconf 84' lang='lat' dir='ltr'>terrae</span> <span class='ocrx_word' id='word_1_53' title='bbox 541 1169 654 1225; x_wconf 88' lang='lat' dir='ltr'>quoqne</span> <span class='ocrx_word' id='word_1_54' title='bbox 672 1153 778 1212; x_wconf 86' lang='lat' dir='ltr'>Mioola</span> <span class='ocrx_word' id='word_1_55' title='bbox 794 1157 822 1208; x_wconf 89' lang='lat' dir='ltr'>et</span> <span class='ocrx_word' id='word_1_56' title='bbox 839 1152 881 1208; x_wconf 80' lang='lat' dir='ltr'>St</span> <span class='ocrx_word' id='word_1_57' title='bbox 899 1153 1011 1208; x_wconf 82' lang='lat' dir='ltr'>Marion</span> <span class='ocrx_word' id='word_1_58' title='bbox 1034 1169 1084 1224; x_wconf 85' lang='lat' dir='ltr'>per</span> <span class='ocrx_word' id='word_1_59' title='bbox 1106 1151 1247 1209; x_wconf 81' lang='lat' dir='ltr'>defectum</span> <span class='ocrx_word' id='word_1_60' title='bbox 1265 1153 1452 1224; x_wconf 87' lang='lat' dir='ltr'>quorumdam</span> <span class='ocrx_word' id='word_1_61' title='bbox 1469 1156 1607 1214; x_wconf 85' lang='lat' dir='ltr'>nobilium</span> 
     </span>
     <span class='ocr_line' id='line_1_9' title="bbox 359 1239 1608 1312; baseline 0.003 -14"><span class='ocrx_word' id='word_1_62' title='bbox 359 1241 397 1298; x_wconf 90' lang='lat' dir='ltr'>ad</span> <span class='ocrx_word' id='word_1_63' title='bbox 408 1242 507 1298; x_wconf 84' lang='lat' dir='ltr'>iieonm</span> <span class='ocrx_word' id='word_1_64' title='bbox 519 1242 626 1312; x_wconf 76' lang='lat' dir='ltr'>regium</span> <span class='ocrx_word' id='word_1_65' title='bbox 644 1239 799 1312; x_wconf 79' lang='lat' dir='ltr'>devotatur,</span> <span class='ocrx_word' id='word_1_66' title='bbox 816 1241 1015 1311; x_wconf 85' lang='lat' dir='ltr'>eomitatuique</span> <span class='ocrx_word' id='word_1_67' title='bbox 1029 1239 1213 1297; x_wconf 79' lang='lat' dir='ltr'>VaIkovienei</span> <span class='ocrx_word' id='word_1_68' title='bbox 1230 1241 1417 1312; x_wconf 75' lang='lat' dir='ltr'>ingranniatae,</span> <span class='ocrx_word' id='word_1_69' title='bbox 1434 1243 1559 1301; x_wconf 77' lang='lat' dir='ltr'>’rhomae</span> <span class='ocrx_word' id='word_1_70' title='bbox 1578 1251 1608 1302; x_wconf 86' lang='lat' dir='ltr'>et</span> 
     </span>
     <span class='ocr_line' id='line_1_10' title="bbox 360 1327 1607 1404; baseline 0 -18"><span class='ocrx_word' id='word_1_71' title='bbox 360 1331 452 1398; x_wconf 87' lang='lat' dir='ltr'>Petro,</span> <span class='ocrx_word' id='word_1_72' title='bbox 471 1329 617 1402; x_wconf 86' lang='lat' dir='ltr'>praelibati</span> <span class='ocrx_word' id='word_1_73' title='bbox 634 1329 740 1401; x_wconf 90' lang='lat' dir='ltr'>quippe</span> <span class='ocrx_word' id='word_1_74' title='bbox 758 1328 911 1401; x_wconf 69' lang='lat' dir='ltr'>praepositi</span> <span class='ocrx_word' id='word_1_75' title='bbox 927 1327 1067 1398; x_wconf 77' lang='lat' dir='ltr'>fratribus,</span> <span class='ocrx_word' id='word_1_76' title='bbox 1086 1327 1304 1400; x_wconf 84' lang='lat' dir='ltr'>eorumdemque</span> <span class='ocrx_word' id='word_1_77' title='bbox 1320 1328 1488 1388; x_wconf 69' lang='lat' dir='ltr'>haeredibus</span> <span class='ocrx_word' id='word_1_78' title='bbox 1507 1349 1607 1404; x_wconf 84' lang='lat' dir='ltr'>peren-</span> 
     </span>
     <span class='ocr_line' id='line_1_11' title="bbox 363 1417 594 1474; baseline 0.013 -2"><span class='ocrx_word' id='word_1_79' title='bbox 363 1417 463 1472; x_wconf 83' lang='lat' dir='ltr'>naliter</span> <span class='ocrx_word' id='word_1_80' title='bbox 479 1417 594 1474; x_wconf 81' lang='lat' dir='ltr'>ooniert</span> 
     </span>
    </p>

    <p class='ocr_par' dir='ltr' id='par_1_5' title="bbox 412 1503 1215 1574">
     <span class='ocr_line' id='line_1_12' title="bbox 412 1503 1215 1574; baseline -0.001 -13"><span class='ocrx_word' id='word_1_81' title='bbox 412 1505 495 1561; x_wconf 73' lang='lat' dir='ltr'>Auno</span> <span class='ocrx_word' id='word_1_82' title='bbox 512 1507 592 1558; x_wconf 74' lang='grc'><strong><em>1249.</em></strong></span> <span class='ocrx_word' id='word_1_83' title='bbox 610 1503 660 1560; x_wconf 78' lang='lat' dir='ltr'>aab</span> <span class='ocrx_word' id='word_1_84' title='bbox 678 1503 756 1561; x_wconf 75' lang='lat' dir='ltr'>aetia</span> <span class='ocrx_word' id='word_1_85' title='bbox 775 1507 808 1559; x_wconf 84' lang='lat' dir='ltr'>N.</span> <span class='ocrx_word' id='word_1_86' title='bbox 827 1505 862 1558; x_wconf 84' lang='lat' dir='ltr'>R.</span> <span class='ocrx_word' id='word_1_87' title='bbox 879 1505 914 1560; x_wconf 80' lang='grc' dir='ltr'>Δ.</span> <span class='ocrx_word' id='word_1_88' title='bbox 928 1504 1002 1574; x_wconf 75' lang='lat' dir='ltr'>suro.</span> <span class='ocrx_word' id='word_1_89' title='bbox 1020 1507 1083 1561; x_wconf 77' lang='grc'><strong><em>646.</em></strong></span> <span class='ocrx_word' id='word_1_90' title='bbox 1101 1507 1151 1560; x_wconf 83' lang='lat' dir='ltr'>Nr.</span> <span class='ocrx_word' id='word_1_91' title='bbox 1170 1507 1215 1560; x_wconf 89' lang='grc'><strong><em>26.</em></strong></span> 
     </span>
    </p>
   </div>
   <div class='ocr_carea' id='block_1_5' title="bbox 357 1643 1607 2760">
    <p class='ocr_par' dir='ltr' id='par_1_6' title="bbox 357 1643 1607 2664">
     <span class='ocr_line' id='line_1_13' title="bbox 414 1643 1607 1718; baseline 0.004 -19"><span class='ocrx_word' id='word_1_92' title='bbox 414 1643 565 1701; x_wconf 86' lang='lat' dir='ltr'>DLXXX.</span> <span class='ocrx_word' id='word_1_93' title='bbox 592 1645 780 1700; x_wconf 72' lang='grc'><strong><em>1249-1262.</em></strong></span> <span class='ocrx_word' id='word_1_94' title='bbox 805 1643 873 1700; x_wconf 88' lang='lat' dir='ltr'>Boia</span> <span class='ocrx_word' id='word_1_95' title='bbox 890 1660 939 1700; x_wconf 85' lang='lat' dir='ltr'>rex</span> <span class='ocrx_word' id='word_1_96' title='bbox 958 1643 993 1700; x_wconf 88' lang='lat' dir='ltr'>ad</span> <span class='ocrx_word' id='word_1_97' title='bbox 1018 1645 1180 1716; x_wconf 88' lang='lat' dir='ltr'>petitionem</span> <span class='ocrx_word' id='word_1_98' title='bbox 1197 1644 1336 1718; x_wconf 79' lang='lat' dir='ltr'>wyliina,</span> <span class='ocrx_word' id='word_1_99' title='bbox 1358 1645 1449 1715; x_wconf 76' lang='lat' dir='ltr'>Mari,</span> <span class='ocrx_word' id='word_1_100' title='bbox 1467 1652 1496 1704; x_wconf 86' lang='lat' dir='ltr'>et</span> <span class='ocrx_word' id='word_1_101' title='bbox 1514 1647 1607 1704; x_wconf 84' lang='lat' dir='ltr'>Miren</span> 
     </span>
     <span class='ocr_line' id='line_1_14' title="bbox 364 1730 1607 1804; baseline 0.002 -16"><span class='ocrx_word' id='word_1_102' title='bbox 364 1732 413 1788; x_wconf 85' lang='lat' dir='ltr'>filii</span> <span class='ocrx_word' id='word_1_103' title='bbox 432 1731 530 1800; x_wconf 85' lang='lat' dir='ltr'>Koria,</span> <span class='ocrx_word' id='word_1_104' title='bbox 548 1730 695 1787; x_wconf 84' lang='lat' dir='ltr'>confirmat</span> <span class='ocrx_word' id='word_1_105' title='bbox 718 1731 893 1804; x_wconf 76' lang='lat' dir='ltr'>privilegium</span> <span class='ocrx_word' id='word_1_106' title='bbox 915 1731 1052 1804; x_wconf 77' lang='lat' dir='ltr'>Stephani</span> <span class='ocrx_word' id='word_1_107' title='bbox 1069 1732 1189 1790; x_wconf 83' lang='lat' dir='ltr'>oondarn</span> <span class='ocrx_word' id='word_1_108' title='bbox 1208 1732 1275 1788; x_wconf 90' lang='lat' dir='ltr'>bani</span> <span class='ocrx_word' id='word_1_109' title='bbox 1298 1734 1384 1790; x_wconf 85' lang='lat' dir='ltr'>totiua</span> <span class='ocrx_word' id='word_1_110' title='bbox 1402 1732 1551 1791; x_wconf 67' lang='lat' dir='ltr'>Siatouiae</span> <span class='ocrx_word' id='word_1_111' title='bbox 1570 1734 1607 1790; x_wconf 88' lang='lat' dir='ltr'>de</span> 
     </span>
     <span class='ocr_line' id='line_1_15' title="bbox 361 1817 1606 1894; baseline 0.002 -18"><span class='ocrx_word' id='word_1_112' title='bbox 361 1837 387 1877; x_wconf 92' lang='lat' dir='ltr'>a.</span> <span class='ocrx_word' id='word_1_113' title='bbox 405 1821 493 1888; x_wconf 73' lang='lat'>1249„</span> <span class='ocrx_word' id='word_1_114' title='bbox 518 1818 567 1890; x_wconf 90' lang='lat' dir='ltr'>qui</span> <span class='ocrx_word' id='word_1_115' title='bbox 589 1818 626 1874; x_wconf 90' lang='lat' dir='ltr'>de</span> <span class='ocrx_word' id='word_1_116' title='bbox 649 1817 782 1874; x_wconf 83' lang='lat' dir='ltr'>mandato</span> <span class='ocrx_word' id='word_1_117' title='bbox 805 1817 890 1874; x_wconf 85' lang='lat' dir='ltr'>Baiae</span> <span class='ocrx_word' id='word_1_118' title='bbox 912 1817 985 1889; x_wconf 80' lang='lat' dir='ltr'>regie</span> <span class='ocrx_word' id='word_1_119' title='bbox 1009 1819 1038 1873; x_wconf 93' lang='lat' dir='ltr'>in</span> <span class='ocrx_word' id='word_1_120' title='bbox 1063 1823 1123 1875; x_wconf 90' lang='lat' dir='ltr'>toto</span> <span class='ocrx_word' id='word_1_121' title='bbox 1146 1836 1233 1892; x_wconf 81' lang='lat' dir='ltr'>regno</span> <span class='ocrx_word' id='word_1_122' title='bbox 1257 1819 1405 1878; x_wconf 81' lang='lat' dir='ltr'>Slavoniae</span> <span class='ocrx_word' id='word_1_123' title='bbox 1430 1825 1517 1877; x_wconf 87' lang='lat' dir='ltr'>terrae</span> <span class='ocrx_word' id='word_1_124' title='bbox 1540 1827 1606 1894; x_wconf 86' lang='lat' dir='ltr'>poet</span> 
     </span>
     <span class='ocr_line' id='line_1_16' title="bbox 361 1904 1606 1978; baseline 0.001 -15"><span class='ocrx_word' id='word_1_125' title='bbox 361 1907 469 1964; x_wconf 91' lang='lat' dir='ltr'>obitum</span> <span class='ocrx_word' id='word_1_126' title='bbox 491 1906 565 1976; x_wconf 76' lang='lat' dir='ltr'>regia</span> <span class='ocrx_word' id='word_1_127' title='bbox 591 1904 738 1963; x_wconf 80' lang='lat' dir='ltr'>Goiomani</span> <span class='ocrx_word' id='word_1_128' title='bbox 762 1910 888 1961; x_wconf 81' lang='lat' dir='ltr'>eoaetro</span> <span class='ocrx_word' id='word_1_129' title='bbox 913 1905 1047 1962; x_wconf 85' lang='lat' dir='ltr'>alienatae</span> <span class='ocrx_word' id='word_1_130' title='bbox 1070 1905 1205 1978; x_wconf 77' lang='lat' dir='ltr'>iudicans,</span> <span class='ocrx_word' id='word_1_131' title='bbox 1230 1907 1294 1963; x_wconf 84' lang='lat' dir='ltr'>fiiiie</span> <span class='ocrx_word' id='word_1_132' title='bbox 1322 1907 1407 1964; x_wconf 80' lang='lat' dir='ltr'>Coria</span> <span class='ocrx_word' id='word_1_133' title='bbox 1429 1913 1458 1964; x_wconf 84' lang='lat' dir='ltr'>et</span> <span class='ocrx_word' id='word_1_134' title='bbox 1475 1908 1606 1964; x_wconf 75' lang='lat' dir='ltr'>omnibus</span> 
     </span>
     <span class='ocr_line' id='line_1_17' title="bbox 357 1991 1607 2068; baseline 0.002 -18"><span class='ocrx_word' id='word_1_135' title='bbox 357 1993 558 2068; x_wconf 76' lang='lat' dir='ltr'>jobagionibna</span> <span class='ocrx_word' id='word_1_136' title='bbox 575 1992 772 2064; x_wconf 79' lang='lat' dir='ltr'>Zagrabiennie</span> <span class='ocrx_word' id='word_1_137' title='bbox 791 1991 874 2048; x_wconf 87' lang='lat' dir='ltr'>oaetri</span> <span class='ocrx_word' id='word_1_138' title='bbox 892 2008 909 2046; x_wconf 86' lang='lat' dir='ltr'>a</span> <span class='ocrx_word' id='word_1_139' title='bbox 927 1997 1006 2062; x_wconf 89' lang='lat' dir='ltr'>parte</span> <span class='ocrx_word' id='word_1_140' title='bbox 1023 2008 1080 2048; x_wconf 83' lang='lat' dir='ltr'>nna</span> <span class='ocrx_word' id='word_1_141' title='bbox 1104 1998 1132 2049; x_wconf 88' lang='lat' dir='ltr'>et</span> <span class='ocrx_word' id='word_1_142' title='bbox 1151 1993 1222 2050; x_wconf 85' lang='lat' dir='ltr'>Ivan</span> <span class='ocrx_word' id='word_1_143' title='bbox 1240 1993 1298 2050; x_wconf 86' lang='lat' dir='ltr'>tilio</span> <span class='ocrx_word' id='word_1_144' title='bbox 1323 1993 1445 2051; x_wconf 85' lang='lat' dir='ltr'>Jaroeiui</span> <span class='ocrx_word' id='word_1_145' title='bbox 1463 1994 1499 2050; x_wconf 89' lang='lat' dir='ltr'>ab</span> <span class='ocrx_word' id='word_1_146' title='bbox 1518 1995 1607 2052; x_wconf 86' lang='lat' dir='ltr'>altera</span> 
     </span>
     <span class='ocr_line' id='line_1_18' title="bbox 363 2077 1607 2154; baseline 0.001 -17"><span class='ocrx_word' id='word_1_147' title='bbox 363 2087 451 2154; x_wconf 85' lang='lat' dir='ltr'>parte,</span> <span class='ocrx_word' id='word_1_148' title='bbox 468 2097 562 2136; x_wconf 86' lang='lat' dir='ltr'>eoram</span> <span class='ocrx_word' id='word_1_149' title='bbox 581 2097 615 2136; x_wconf 88' lang='lat' dir='ltr'>eo</span> <span class='ocrx_word' id='word_1_150' title='bbox 633 2080 798 2148; x_wconf 76' lang='lat' dir='ltr'>oouebtuiio,</span> <span class='ocrx_word' id='word_1_151' title='bbox 817 2077 911 2150; x_wconf 83' lang='lat' dir='ltr'>quoad</span> <span class='ocrx_word' id='word_1_152' title='bbox 929 2083 1031 2134; x_wconf 86' lang='lat' dir='ltr'>terram</span> <span class='ocrx_word' id='word_1_153' title='bbox 1049 2078 1153 2136; x_wconf 87' lang='lat' dir='ltr'>Odram</span> <span class='ocrx_word' id='word_1_154' title='bbox 1170 2081 1242 2137; x_wconf 88' lang='lat' dir='ltr'>inter</span> <span class='ocrx_word' id='word_1_155' title='bbox 1260 2097 1290 2137; x_wconf 89' lang='lat' dir='ltr'>ea</span> <span class='ocrx_word' id='word_1_156' title='bbox 1308 2081 1513 2152; x_wconf 73' lang='lat' dir='ltr'>altercantibus,</span> <span class='ocrx_word' id='word_1_157' title='bbox 1541 2099 1607 2138; x_wconf 86' lang='lat' dir='ltr'>ean·</span> 
     </span>
     <span class='ocr_line' id='line_1_19' title="bbox 362 2164 1607 2242; baseline 0.002 -18"><span class='ocrx_word' id='word_1_158' title='bbox 362 2169 427 2226; x_wconf 88' lang='lat' dir='ltr'>dem</span> <span class='ocrx_word' id='word_1_159' title='bbox 445 2173 547 2224; x_wconf 87' lang='lat' dir='ltr'>terram</span> <span class='ocrx_word' id='word_1_160' title='bbox 565 2167 629 2222; x_wconf 90' lang='lat' dir='ltr'>filiie</span> <span class='ocrx_word' id='word_1_161' title='bbox 649 2166 733 2224; x_wconf 86' lang='lat' dir='ltr'>Oorla</span> <span class='ocrx_word' id='word_1_162' title='bbox 756 2167 815 2223; x_wconf 92' lang='lat' dir='ltr'>iure</span> <span class='ocrx_word' id='word_1_163' title='bbox 840 2164 979 2221; x_wconf 85' lang='lat' dir='ltr'>mediante</span> <span class='ocrx_word' id='word_1_164' title='bbox 1003 2167 1130 2224; x_wconf 75' lang='lat' dir='ltr'>restitut</span> <span class='ocrx_word' id='word_1_165' title='bbox 1158 2169 1254 2225; x_wconf 83' lang='lat' dir='ltr'>Motae</span> <span class='ocrx_word' id='word_1_166' title='bbox 1273 2185 1322 2242; x_wconf 92' lang='lat' dir='ltr'>per</span> <span class='ocrx_word' id='word_1_167' title='bbox 1347 2169 1513 2242; x_wconf 89' lang='lat' dir='ltr'>prietaldum</span> <span class='ocrx_word' id='word_1_168' title='bbox 1531 2169 1607 2240; x_wconf 89' lang='lat' dir='ltr'>bani,</span> 
     </span>
     <span class='ocr_line' id='line_1_20' title="bbox 362 2252 1606 2326; baseline 0.001 -15"><span class='ocrx_word' id='word_1_169' title='bbox 362 2255 515 2311; x_wconf 83' lang='lat' dir='ltr'>Martinam</span> <span class='ocrx_word' id='word_1_170' title='bbox 539 2255 628 2312; x_wconf 88' lang='lat' dir='ltr'>filium</span> <span class='ocrx_word' id='word_1_171' title='bbox 651 2253 767 2324; x_wconf 72' lang='lat' dir='ltr'>Gordoi</span> <span class='ocrx_word' id='word_1_172' title='bbox 791 2252 949 2308; x_wconf 84' lang='lat' dir='ltr'>dietinotae:</span> <span class='ocrx_word' id='word_1_173' title='bbox 968 2253 1062 2308; x_wconf 87' lang='lat' dir='ltr'>Prima</span> <span class='ocrx_word' id='word_1_174' title='bbox 1081 2255 1164 2326; x_wconf 84' lang='lat' dir='ltr'>juxta</span> <span class='ocrx_word' id='word_1_175' title='bbox 1187 2255 1304 2313; x_wconf 85' lang='lat' dir='ltr'>fluvium</span> <span class='ocrx_word' id='word_1_176' title='bbox 1326 2255 1403 2314; x_wconf 89' lang='lat' dir='ltr'>Odra</span> <span class='ocrx_word' id='word_1_177' title='bbox 1431 2262 1459 2312; x_wconf 92' lang='lat' dir='ltr'>et</span> <span class='ocrx_word' id='word_1_178' title='bbox 1485 2257 1606 2312; x_wconf 85' lang='lat' dir='ltr'>muitum</span> 
     </span>
     <span class='ocr_line' id='line_1_21' title="bbox 363 2340 1605 2414; baseline 0.001 -16"><span class='ocrx_word' id='word_1_179' title='bbox 363 2341 456 2398; x_wconf 86' lang='lat' dir='ltr'>eundo</span> <span class='ocrx_word' id='word_1_180' title='bbox 475 2341 648 2414; x_wconf 82' lang='lat' dir='ltr'>pervenitad</span> <span class='ocrx_word' id='word_1_181' title='bbox 661 2343 735 2396; x_wconf 83' lang='lat' dir='ltr'>viam</span> <span class='ocrx_word' id='word_1_182' title='bbox 753 2341 906 2408; x_wconf 72' lang='lat' dir='ltr'>fraudatam,</span> <span class='ocrx_word' id='word_1_183' title='bbox 925 2357 997 2412; x_wconf 88' lang='lat' dir='ltr'>quae</span> <span class='ocrx_word' id='word_1_184' title='bbox 1009 2340 1130 2398; x_wconf 86' lang='lat' dir='ltr'>Vtteveu</span> <span class='ocrx_word' id='word_1_185' title='bbox 1148 2342 1256 2411; x_wconf 87' lang='lat' dir='ltr'>dicitur,</span> <span class='ocrx_word' id='word_1_186' title='bbox 1275 2343 1496 2399; x_wconf 86' lang='lat' dir='ltr'>eteonterminat</span> <span class='ocrx_word' id='word_1_187' title='bbox 1514 2349 1605 2400; x_wconf 88' lang='lat' dir='ltr'>terrae</span> 
     </span>
     <span class='ocr_line' id='line_1_22' title="bbox 362 2427 1604 2500; baseline 0.002 -15"><span class='ocrx_word' id='word_1_188' title='bbox 362 2430 493 2496; x_wconf 69' lang='lat' dir='ltr'>Morbum</span> <span class='ocrx_word' id='word_1_189' title='bbox 519 2428 644 2486; x_wconf 85' lang='lat' dir='ltr'>indeed</span> <span class='ocrx_word' id='word_1_190' title='bbox 668 2428 784 2484; x_wconf 85' lang='lat' dir='ltr'>fluvium</span> <span class='ocrx_word' id='word_1_191' title='bbox 810 2427 1004 2484; x_wconf 83' lang='lat' dir='ltr'>Haraniubnik</span> <span class='ocrx_word' id='word_1_192' title='bbox 1027 2433 1055 2484; x_wconf 92' lang='lat' dir='ltr'>et</span> <span class='ocrx_word' id='word_1_193' title='bbox 1077 2429 1221 2486; x_wconf 84' lang='lat' dir='ltr'>deeoendit</span> <span class='ocrx_word' id='word_1_194' title='bbox 1247 2429 1284 2486; x_wconf 88' lang='lat' dir='ltr'>ad</span> <span class='ocrx_word' id='word_1_195' title='bbox 1310 2430 1426 2487; x_wconf 80' lang='lat' dir='ltr'>fluvium</span> <span class='ocrx_word' id='word_1_196' title='bbox 1444 2430 1604 2500; x_wconf 85' lang='lat' dir='ltr'>Oherueob;</span> 
     </span>
     <span class='ocr_line' id='line_1_23' title="bbox 362 2514 1605 2593; baseline 0.002 -19"><span class='ocrx_word' id='word_1_197' title='bbox 362 2515 463 2574; x_wconf 83' lang='lat' dir='ltr'>exinde</span> <span class='ocrx_word' id='word_1_198' title='bbox 486 2515 523 2572; x_wconf 89' lang='lat' dir='ltr'>ad</span> <span class='ocrx_word' id='word_1_199' title='bbox 546 2515 662 2572; x_wconf 83' lang='lat' dir='ltr'>fluvium</span> <span class='ocrx_word' id='word_1_200' title='bbox 686 2515 857 2584; x_wconf 85' lang='lat' dir='ltr'>Moaeohine,</span> <span class='ocrx_word' id='word_1_201' title='bbox 883 2514 949 2572; x_wconf 89' lang='lat' dir='ltr'>inde</span> <span class='ocrx_word' id='word_1_202' title='bbox 976 2515 1012 2572; x_wconf 86' lang='lat' dir='ltr'>ad</span> <span class='ocrx_word' id='word_1_203' title='bbox 1039 2516 1154 2574; x_wconf 83' lang='lat' dir='ltr'>fluuium</span> <span class='ocrx_word' id='word_1_204' title='bbox 1177 2518 1338 2588; x_wconf 87' lang='lat' dir='ltr'>Lomnieba‚</span> <span class='ocrx_word' id='word_1_205' title='bbox 1366 2523 1432 2591; x_wconf 83' lang='lat' dir='ltr'>poet</span> <span class='ocrx_word' id='word_1_206' title='bbox 1457 2517 1526 2576; x_wconf 83' lang='lat' dir='ltr'>baeu</span> <span class='ocrx_word' id='word_1_207' title='bbox 1553 2536 1605 2593; x_wconf 85' lang='lat' dir='ltr'>per</span> 
     </span>
     <span class='ocr_line' id='line_1_24' title="bbox 361 2601 742 2664; baseline 0 -6"><span class='ocrx_word' id='word_1_208' title='bbox 361 2603 477 2659; x_wconf 83' lang='lat' dir='ltr'>fluvium</span> <span class='ocrx_word' id='word_1_209' title='bbox 495 2601 571 2664; x_wconf 88' lang='lat' dir='ltr'>Odra</span> <span class='ocrx_word' id='word_1_210' title='bbox 588 2603 742 2658; x_wconf 74' lang='lat' dir='ltr'>reverfitur.</span> 
     </span>
    </p>

    <p class='ocr_par' dir='ltr' id='par_1_7' title="bbox 414 2689 849 2760">
     <span class='ocr_line' id='line_1_25' title="bbox 414 2689 849 2760; baseline 0 -14"><span class='ocrx_word' id='word_1_211' title='bbox 414 2692 451 2747; x_wconf 80' lang='lat' dir='ltr'>Ia</span> <span class='ocrx_word' id='word_1_212' title='bbox 467 2705 529 2747; x_wconf 83' lang='lat' dir='ltr'>mee</span> <span class='ocrx_word' id='word_1_213' title='bbox 546 2691 667 2760; x_wconf 70' lang='lat' dir='ltr'>antiqno</span> <span class='ocrx_word' id='word_1_214' title='bbox 684 2689 849 2746; x_wconf 62' lang='lat' dir='ltr'>aunuum.</span> 
     </span>
    </p>
   </div>
   <div class='ocr_carea' id='block_1_6' title="bbox 307 2846 1608 3953">
    <p class='ocr_par' dir='ltr' id='par_1_8' title="bbox 307 2846 1608 3866">
     <span class='ocr_line' id='line_1_26' title="bbox 414 2846 1606 2920; baseline 0.001 -16"><span class='ocrx_word' id='word_1_215' title='bbox 414 2847 580 2906; x_wconf 82' lang='lat' dir='ltr'>DLXXXI.</span> <span class='ocrx_word' id='word_1_216' title='bbox 610 2849 753 2919; x_wconf 66' lang='lat' dir='ltr'>iadorae,</span> <span class='ocrx_word' id='word_1_217' title='bbox 786 2851 831 2902; x_wconf 73' lang='grc'>22.</span> <span class='ocrx_word' id='word_1_218' title='bbox 857 2848 996 2904; x_wconf 81' lang='lat' dir='ltr'>Joaoorii</span> <span class='ocrx_word' id='word_1_219' title='bbox 1015 2851 1093 2904; x_wconf 80' lang='grc'><strong><em>1250.</em></strong></span> <span class='ocrx_word' id='word_1_220' title='bbox 1120 2846 1305 2920; x_wconf 82' lang='lat' dir='ltr'>Temporibus</span> <span class='ocrx_word' id='word_1_221' title='bbox 1323 2847 1426 2904; x_wconf 84' lang='lat' dir='ltr'>Marini</span> <span class='ocrx_word' id='word_1_222' title='bbox 1444 2847 1606 2906; x_wconf 86' lang='lat' dir='ltr'>Maurooeni</span> 
     </span>
     <span class='ocr_line' id='line_1_27' title="bbox 362 2933 1604 3007; baseline 0 -15"><span class='ocrx_word' id='word_1_223' title='bbox 362 2936 441 2994; x_wconf 87' lang='lat' dir='ltr'>duoia</span> <span class='ocrx_word' id='word_1_224' title='bbox 459 2937 650 3003; x_wconf 85' lang='lat' dir='ltr'>Venetiarum,</span> <span class='ocrx_word' id='word_1_225' title='bbox 668 2935 793 3007; x_wconf 79' lang='lat' dir='ltr'>magiatri</span> <span class='ocrx_word' id='word_1_226' title='bbox 811 2935 955 2992; x_wconf 87' lang='lat' dir='ltr'>Laurentii</span> <span class='ocrx_word' id='word_1_227' title='bbox 966 2935 1111 2991; x_wconf 83' lang='lat' dir='ltr'>Jadreneia</span> <span class='ocrx_word' id='word_1_228' title='bbox 1123 2934 1332 3007; x_wconf 78' lang='lat' dir='ltr'>arehiepieoopi,</span> <span class='ocrx_word' id='word_1_229' title='bbox 1350 2933 1480 2992; x_wconf 88' lang='lat' dir='ltr'>Baiduini</span> <span class='ocrx_word' id='word_1_230' title='bbox 1494 2935 1604 3004; x_wconf 82' lang='lat' dir='ltr'>Quirini</span> 
     </span>
     <span class='ocr_line' id='line_1_28' title="bbox 360 3021 1605 3093; baseline -0.002 -12"><span class='ocrx_word' id='word_1_231' title='bbox 360 3024 478 3081; x_wconf 78' lang='lat' dir='ltr'>comitia.</span> <span class='ocrx_word' id='word_1_232' title='bbox 496 3023 618 3079; x_wconf 84' lang='lat' dir='ltr'>Michael</span> <span class='ocrx_word' id='word_1_233' title='bbox 635 3021 671 3078; x_wconf 87' lang='lat' dir='ltr'>de</span> <span class='ocrx_word' id='word_1_234' title='bbox 689 3023 838 3093; x_wconf 80' lang='lat' dir='ltr'>Miiegoete</span> <span class='ocrx_word' id='word_1_235' title='bbox 856 3022 984 3078; x_wconf 79' lang='lat' dir='ltr'>tribunus</span> <span class='ocrx_word' id='word_1_236' title='bbox 1002 3027 1157 3090; x_wconf 81' lang='lat' dir='ltr'>attentatur,</span> <span class='ocrx_word' id='word_1_237' title='bbox 1175 3021 1332 3092; x_wconf 86' lang='lat' dir='ltr'>quodcum</span> <span class='ocrx_word' id='word_1_238' title='bbox 1343 3021 1483 3078; x_wconf 84' lang='lat' dir='ltr'>Martinur</span> <span class='ocrx_word' id='word_1_239' title='bbox 1502 3021 1605 3078; x_wconf 79' lang='lat' dir='ltr'>Siarue</span> 
     </span>
     <span class='ocr_line' id='line_1_29' title="bbox 361 3109 1607 3184; baseline -0.001 -16"><span class='ocrx_word' id='word_1_240' title='bbox 361 3128 411 3184; x_wconf 90' lang='lat' dir='ltr'>per</span> <span class='ocrx_word' id='word_1_241' title='bbox 427 3111 570 3167; x_wconf 80' lang='lat' dir='ltr'>decretum</span> <span class='ocrx_word' id='word_1_242' title='bbox 588 3111 682 3168; x_wconf 84' lang='lat' dir='ltr'>auriae</span> <span class='ocrx_word' id='word_1_243' title='bbox 699 3111 801 3166; x_wconf 84' lang='lat' dir='ltr'>mieeua</span> <span class='ocrx_word' id='word_1_244' title='bbox 820 3115 894 3166; x_wconf 86' lang='lat' dir='ltr'>earet</span> <span class='ocrx_word' id='word_1_245' title='bbox 911 3111 941 3165; x_wconf 91' lang='lat' dir='ltr'>in</span> <span class='ocrx_word' id='word_1_246' title='bbox 959 3115 1087 3166; x_wconf 80' lang='lat' dir='ltr'>tenutam</span> <span class='ocrx_word' id='word_1_247' title='bbox 1105 3110 1244 3166; x_wconf 88' lang='lat' dir='ltr'>bon&#39;orum</span> <span class='ocrx_word' id='word_1_248' title='bbox 1262 3109 1363 3164; x_wconf 80' lang='lat' dir='ltr'>Marini</span> <span class='ocrx_word' id='word_1_249' title='bbox 1382 3109 1431 3164; x_wconf 84' lang='lat' dir='ltr'>filii</span> <span class='ocrx_word' id='word_1_250' title='bbox 1442 3109 1607 3168; x_wconf 88' lang='lat' dir='ltr'>Bauoanelli</span> 
     </span>
     <span class='ocr_line' id='line_1_30' title="bbox 360 3195 1606 3272; baseline -0.002 -17"><span class='ocrx_word' id='word_1_251' title='bbox 360 3216 412 3272; x_wconf 92' lang='lat' dir='ltr'>pro</span> <span class='ocrx_word' id='word_1_252' title='bbox 435 3199 539 3266; x_wconf 87' lang='lat' dir='ltr'>debito,</span> <span class='ocrx_word' id='word_1_253' title='bbox 564 3197 640 3269; x_wconf 85' lang='lat' dir='ltr'>quod</span> <span class='ocrx_word' id='word_1_254' title='bbox 665 3199 691 3254; x_wconf 90' lang='lat' dir='ltr'>ei</span> <span class='ocrx_word' id='word_1_255' title='bbox 714 3197 841 3254; x_wconf 70' lang='lat' dir='ltr'>Marium</span> <span class='ocrx_word' id='word_1_256' title='bbox 863 3200 1017 3265; x_wconf 86' lang='lat' dir='ltr'>tenebatur,</span> <span class='ocrx_word' id='word_1_257' title='bbox 1041 3196 1143 3254; x_wconf 83' lang='lat' dir='ltr'>nobilia</span> <span class='ocrx_word' id='word_1_258' title='bbox 1166 3197 1207 3253; x_wconf 87' lang='lat' dir='ltr'>vir</span> <span class='ocrx_word' id='word_1_259' title='bbox 1230 3196 1358 3252; x_wconf 84' lang='lat' dir='ltr'>Andreae</span> <span class='ocrx_word' id='word_1_260' title='bbox 1382 3195 1418 3253; x_wconf 85' lang='lat' dir='ltr'>de</span> <span class='ocrx_word' id='word_1_261' title='bbox 1442 3197 1551 3254; x_wconf 84' lang='lat' dir='ltr'>Patriae</span> <span class='ocrx_word' id='word_1_262' title='bbox 1575 3198 1606 3253; x_wconf 90' lang='lat' dir='ltr'>in</span> 
     </span>
     <span class='ocr_line' id='line_1_31' title="bbox 362 3283 1605 3358; baseline -0.002 -15"><span class='ocrx_word' id='word_1_263' title='bbox 362 3287 502 3358; x_wconf 77' lang='lat' dir='ltr'>presentia</span> <span class='ocrx_word' id='word_1_264' title='bbox 519 3284 649 3340; x_wconf 88' lang='lat' dir='ltr'>Balduini</span> <span class='ocrx_word' id='word_1_265' title='bbox 667 3285 776 3352; x_wconf 77' lang='lat' dir='ltr'>Quirini</span> <span class='ocrx_word' id='word_1_266' title='bbox 793 3284 903 3340; x_wconf 83' lang='lat' dir='ltr'>comitia</span> <span class='ocrx_word' id='word_1_267' title='bbox 921 3291 949 3341; x_wconf 91' lang='lat' dir='ltr'>et</span> <span class='ocrx_word' id='word_1_268' title='bbox 966 3286 1027 3340; x_wconf 85' lang='lat' dir='ltr'>eiua</span> <span class='ocrx_word' id='word_1_269' title='bbox 1044 3285 1137 3341; x_wconf 83' lang='lat' dir='ltr'>auriae</span> <span class='ocrx_word' id='word_1_270' title='bbox 1156 3285 1313 3350; x_wconf 84' lang='lat' dir='ltr'>aaeeruerit,</span> <span class='ocrx_word' id='word_1_271' title='bbox 1334 3284 1411 3355; x_wconf 84' lang='lat' dir='ltr'>quod</span> <span class='ocrx_word' id='word_1_272' title='bbox 1429 3283 1530 3341; x_wconf 80' lang='lat' dir='ltr'>domun</span> <span class='ocrx_word' id='word_1_273' title='bbox 1548 3285 1605 3352; x_wconf 88' lang='lat' dir='ltr'>iiia,</span> 
     </span>
     <span class='ocr_line' id='line_1_32' title="bbox 307 3369 1606 3444; baseline -0.001 -16"><span class='ocrx_word' id='word_1_274' title='bbox 307 3369 312 3378; x_wconf 87' lang='lat'>&#39;</span> <span class='ocrx_word' id='word_1_275' title='bbox 363 3375 393 3430; x_wconf 93' lang='lat' dir='ltr'>in</span> <span class='ocrx_word' id='word_1_276' title='bbox 411 3389 468 3444; x_wconf 89' lang='lat' dir='ltr'>qna</span> <span class='ocrx_word' id='word_1_277' title='bbox 484 3372 575 3428; x_wconf 88' lang='lat' dir='ltr'>diotua</span> <span class='ocrx_word' id='word_1_278' title='bbox 593 3371 720 3428; x_wconf 76' lang='lat' dir='ltr'>Marinus</span> <span class='ocrx_word' id='word_1_279' title='bbox 737 3370 773 3428; x_wconf 88' lang='lat' dir='ltr'>de</span> <span class='ocrx_word' id='word_1_280' title='bbox 790 3371 951 3428; x_wconf 85' lang='lat' dir='ltr'>Bauoanelli</span> <span class='ocrx_word' id='word_1_281' title='bbox 969 3371 1137 3440; x_wconf 88' lang='lat' dir='ltr'>morabatur,</span> <span class='ocrx_word' id='word_1_282' title='bbox 1163 3371 1199 3427; x_wconf 89' lang='lat' dir='ltr'>ad</span> <span class='ocrx_word' id='word_1_283' title='bbox 1221 3388 1285 3428; x_wconf 90' lang='lat' dir='ltr'>eum</span> <span class='ocrx_word' id='word_1_284' title='bbox 1303 3372 1448 3444; x_wconf 74' lang='lat' dir='ltr'>pertineat,</span> <span class='ocrx_word' id='word_1_285' title='bbox 1473 3387 1559 3442; x_wconf 86' lang='lat' dir='ltr'>quam</span> <span class='ocrx_word' id='word_1_286' title='bbox 1577 3371 1606 3427; x_wconf 94' lang='lat' dir='ltr'>in</span> 
     </span>
     <span class='ocr_line' id='line_1_33' title="bbox 362 3457 1606 3534; baseline -0.003 -16"><span class='ocrx_word' id='word_1_287' title='bbox 362 3461 466 3534; x_wconf 81' lang='lat' dir='ltr'>placito</span> <span class='ocrx_word' id='word_1_288' title='bbox 484 3459 592 3516; x_wconf 83' lang='lat' dir='ltr'>comitia</span> <span class='ocrx_word' id='word_1_289' title='bbox 615 3458 754 3514; x_wconf 88' lang='lat' dir='ltr'>Johannia</span> <span class='ocrx_word' id='word_1_290' title='bbox 778 3459 924 3516; x_wconf 73' lang='lat' dir='ltr'>Michaelis</span> <span class='ocrx_word' id='word_1_291' title='bbox 949 3460 1081 3532; x_wconf 72' lang='lat' dir='ltr'>aquisivit</span> <span class='ocrx_word' id='word_1_292' title='bbox 1098 3471 1150 3531; x_wconf 83' lang='lat' dir='ltr'>per</span> <span class='ocrx_word' id='word_1_293' title='bbox 1167 3460 1340 3530; x_wconf 72' lang='lat' dir='ltr'>sententiam,</span> <span class='ocrx_word' id='word_1_294' title='bbox 1361 3464 1432 3516; x_wconf 83' lang='lat' dir='ltr'>teate</span> <span class='ocrx_word' id='word_1_295' title='bbox 1450 3457 1539 3515; x_wconf 87' lang='lat' dir='ltr'>nobili</span> <span class='ocrx_word' id='word_1_296' title='bbox 1554 3457 1606 3514; x_wconf 83' lang='lat' dir='ltr'>do·</span> 
     </span>
     <span class='ocr_line' id='line_1_34' title="bbox 362 3545 1605 3619; baseline 0 -15"><span class='ocrx_word' id='word_1_297' title='bbox 362 3549 439 3604; x_wconf 89' lang='lat' dir='ltr'>mina</span> <span class='ocrx_word' id='word_1_298' title='bbox 462 3548 544 3602; x_wconf 85' lang='lat' dir='ltr'>Mara</span> <span class='ocrx_word' id='word_1_299' title='bbox 568 3551 656 3602; x_wconf 88' lang='lat' dir='ltr'>matre</span> <span class='ocrx_word' id='word_1_300' title='bbox 680 3546 801 3616; x_wconf 82' lang='lat' dir='ltr'>Bouana,</span> <span class='ocrx_word' id='word_1_301' title='bbox 826 3565 876 3619; x_wconf 90' lang='lat' dir='ltr'>per</span> <span class='ocrx_word' id='word_1_302' title='bbox 898 3547 1063 3604; x_wconf 71' lang='lat' dir='ltr'>wotenfiam</span> <span class='ocrx_word' id='word_1_303' title='bbox 1087 3547 1248 3619; x_wconf 84' lang='lat' dir='ltr'>adjudicata</span> <span class='ocrx_word' id='word_1_304' title='bbox 1271 3547 1306 3602; x_wconf 88' lang='lat' dir='ltr'>eit</span> <span class='ocrx_word' id='word_1_305' title='bbox 1329 3545 1459 3604; x_wconf 79' lang='lat' dir='ltr'>Andreae</span> <span class='ocrx_word' id='word_1_306' title='bbox 1476 3546 1512 3603; x_wconf 87' lang='lat' dir='ltr'>de</span> <span class='ocrx_word' id='word_1_307' title='bbox 1530 3563 1605 3604; x_wconf 83' lang='lat' dir='ltr'>novo</span> 
     </span>
     <span class='ocr_line' id='line_1_35' title="bbox 362 3633 1607 3708; baseline 0 -18"><span class='ocrx_word' id='word_1_308' title='bbox 362 3634 504 3708; x_wconf 78' lang='lat' dir='ltr'>praedicta</span> <span class='ocrx_word' id='word_1_309' title='bbox 522 3633 631 3702; x_wconf 87' lang='lat' dir='ltr'>domna,</span> <span class='ocrx_word' id='word_1_310' title='bbox 649 3633 945 3706; x_wconf 83' lang='lat' dir='ltr'>eonatitutopriataldo</span> <span class='ocrx_word' id='word_1_311' title='bbox 964 3633 1107 3692; x_wconf 85' lang='lat' dir='ltr'>Michaeie.</span> <span class='ocrx_word' id='word_1_312' title='bbox 1125 3635 1269 3691; x_wconf 77' lang='lat' dir='ltr'>Teatibne:</span> <span class='ocrx_word' id='word_1_313' title='bbox 1288 3635 1381 3690; x_wconf 85' lang='lat' dir='ltr'>Mioba</span> <span class='ocrx_word' id='word_1_314' title='bbox 1398 3633 1435 3690; x_wconf 82' lang='lat' dir='ltr'>de</span> <span class='ocrx_word' id='word_1_315' title='bbox 1452 3634 1607 3691; x_wconf 84' lang='lat' dir='ltr'>Varioarao</span> 
     </span>
     <span class='ocr_line' id='line_1_36' title="bbox 362 3720 1608 3795; baseline 0 -17"><span class='ocrx_word' id='word_1_316' title='bbox 362 3727 391 3778; x_wconf 92' lang='lat' dir='ltr'>et</span> <span class='ocrx_word' id='word_1_317' title='bbox 408 3721 540 3794; x_wconf 90' lang='lat' dir='ltr'>Philippo</span> <span class='ocrx_word' id='word_1_318' title='bbox 557 3720 593 3777; x_wconf 90' lang='lat' dir='ltr'>de</span> <span class='ocrx_word' id='word_1_319' title='bbox 612 3720 753 3778; x_wconf 84' lang='lat' dir='ltr'>Oonneaaa.</span> <span class='ocrx_word' id='word_1_320' title='bbox 772 3721 908 3795; x_wconf 76' lang='lat' dir='ltr'>Gregorio</span> <span class='ocrx_word' id='word_1_321' title='bbox 925 3723 961 3780; x_wconf 84' lang='lat' dir='ltr'>de</span> <span class='ocrx_word' id='word_1_322' title='bbox 979 3723 1079 3780; x_wconf 85' lang='lat' dir='ltr'>Mauro</span> <span class='ocrx_word' id='word_1_323' title='bbox 1097 3723 1294 3780; x_wconf 81' lang='lat' dir='ltr'>examinatore.</span> <span class='ocrx_word' id='word_1_324' title='bbox 1313 3721 1463 3779; x_wconf 80' lang='lat' dir='ltr'>Guilielrno</span> <span class='ocrx_word' id='word_1_325' title='bbox 1482 3736 1608 3795; x_wconf 81' lang='lat' dir='ltr'>paupere</span> 
     </span>
     <span class='ocr_line' id='line_1_37' title="bbox 363 3809 577 3866; baseline -0.009 0"><span class='ocrx_word' id='word_1_326' title='bbox 363 3809 383 3866; x_wconf 90' lang='lat' dir='ltr'><strong>J</strong></span> <span class='ocrx_word' id='word_1_327' title='bbox 384 3809 442 3866; x_wconf 87' lang='lat' dir='ltr'>adr.</span> <span class='ocrx_word' id='word_1_328' title='bbox 459 3809 577 3865; x_wconf 90' lang='lat' dir='ltr'>notario.</span> 
     </span>
    </p>

    <p class='ocr_par' dir='ltr' id='par_1_9' title="bbox 416 3895 725 3953">
     <span class='ocr_line' id='line_1_38' title="bbox 416 3895 725 3953; baseline -0.006 0"><span class='ocrx_word' id='word_1_329' title='bbox 416 3898 466 3953; x_wconf 78' lang='lat' dir='ltr'>Eu</span> <span class='ocrx_word' id='word_1_330' title='bbox 482 3911 543 3952; x_wconf 84' lang='lat' dir='ltr'>mea</span> <span class='ocrx_word' id='word_1_331' title='bbox 561 3895 725 3953; x_wconf 79' lang='lat' dir='ltr'>oolieotioue.</span> 
     </span>
    </p>
   </div>
   <div class='ocr_carea' id='block_1_7' title="bbox 362 4035 1611 4456">
    <p class='ocr_par' dir='ltr' id='par_1_10' title="bbox 362 4035 1611 4368">
     <span class='ocr_line' id='line_1_39' title="bbox 418 4035 1611 4106; baseline 0.002 -16"><span class='ocrx_word' id='word_1_332' title='bbox 418 4035 598 4092; x_wconf 85' lang='lat' dir='ltr'>DLXXXII.</span> <span class='ocrx_word' id='word_1_333' title='bbox 627 4036 715 4106; x_wconf 72' lang='lat' dir='ltr'>apae</span> <span class='ocrx_word' id='word_1_334' title='bbox 735 4037 842 4094; x_wconf 74' lang='lat' dir='ltr'>Albam</span> <span class='ocrx_word' id='word_1_335' title='bbox 861 4037 968 4093; x_wconf 74' lang='lat' dir='ltr'>uariam</span> <span class='ocrx_word' id='word_1_336' title='bbox 988 4039 1027 4091; x_wconf 82' lang='grc'>21.</span> <span class='ocrx_word' id='word_1_337' title='bbox 1047 4037 1152 4094; x_wconf 81' lang='lat' dir='ltr'>Martii</span> <span class='ocrx_word' id='word_1_338' title='bbox 1169 4039 1248 4092; x_wconf 82' lang='lat'><em>1250.</em></span> <span class='ocrx_word' id='word_1_339' title='bbox 1266 4035 1336 4093; x_wconf 88' lang='lat' dir='ltr'>Bela</span> <span class='ocrx_word' id='word_1_340' title='bbox 1352 4037 1396 4092; x_wconf 89' lang='lat' dir='ltr'>IV</span> <span class='ocrx_word' id='word_1_341' title='bbox 1415 4053 1463 4092; x_wconf 85' lang='lat' dir='ltr'>rex</span> <span class='ocrx_word' id='word_1_342' title='bbox 1481 4036 1611 4093; x_wconf 69' lang='lat' dir='ltr'>conrodit</span> 
     </span>
     <span class='ocr_line' id='line_1_40' title="bbox 362 4122 1608 4196; baseline 0.002 -18"><span class='ocrx_word' id='word_1_343' title='bbox 362 4123 522 4195; x_wconf 75' lang='lat' dir='ltr'>hospitibus</span> <span class='ocrx_word' id='word_1_344' title='bbox 540 4123 659 4178; x_wconf 81' lang='lat' dir='ltr'>eivitatia</span> <span class='ocrx_word' id='word_1_345' title='bbox 677 4124 781 4179; x_wconf 81' lang='lat' dir='ltr'>montio</span> <span class='ocrx_word' id='word_1_346' title='bbox 799 4124 946 4194; x_wconf 69' lang='lat' dir='ltr'>precantia,</span> <span class='ocrx_word' id='word_1_347' title='bbox 964 4129 997 4179; x_wconf 91' lang='lat' dir='ltr'>nt</span> <span class='ocrx_word' id='word_1_348' title='bbox 1008 4125 1037 4179; x_wconf 93' lang='lat' dir='ltr'>in</span> <span class='ocrx_word' id='word_1_349' title='bbox 1050 4129 1144 4181; x_wconf 87' lang='lat' dir='ltr'>monte</span> <span class='ocrx_word' id='word_1_350' title='bbox 1160 4124 1251 4180; x_wconf 87' lang='lat' dir='ltr'>Greeh</span> <span class='ocrx_word' id='word_1_351' title='bbox 1262 4123 1297 4180; x_wconf 88' lang='lat' dir='ltr'>de</span> <span class='ocrx_word' id='word_1_352' title='bbox 1309 4123 1448 4196; x_wconf 78' lang='lat' dir='ltr'>Zagrabia</span> <span class='ocrx_word' id='word_1_353' title='bbox 1464 4122 1608 4180; x_wconf 89' lang='lat' dir='ltr'>nundinae</span> 
     </span>
     <span class='ocr_line' id='line_1_41' title="bbox 364 4209 1608 4284; baseline 0.001 -17"><span class='ocrx_word' id='word_1_354' title='bbox 364 4211 400 4267; x_wconf 91' lang='lat' dir='ltr'>ab</span> <span class='ocrx_word' id='word_1_355' title='bbox 418 4216 481 4266; x_wconf 87' lang='lat' dir='ltr'>ooto</span> <span class='ocrx_word' id='word_1_356' title='bbox 498 4209 598 4266; x_wconf 79' lang='lat' dir='ltr'>diebus</span> <span class='ocrx_word' id='word_1_357' title='bbox 610 4215 674 4266; x_wconf 86' lang='lat' dir='ltr'>ante</span> <span class='ocrx_word' id='word_1_358' title='bbox 686 4211 788 4266; x_wconf 77' lang='lat' dir='ltr'>fertum</span> <span class='ocrx_word' id='word_1_359' title='bbox 807 4210 833 4266; x_wconf 92' lang='lat' dir='ltr'>b.</span> <span class='ocrx_word' id='word_1_360' title='bbox 850 4211 938 4266; x_wconf 80' lang='lat' dir='ltr'>Marci</span> <span class='ocrx_word' id='word_1_361' title='bbox 956 4212 1007 4268; x_wconf 76' lang='lat' dir='ltr'>Eu.</span> <span class='ocrx_word' id='word_1_362' title='bbox 1025 4211 1182 4284; x_wconf 88' lang='lat' dir='ltr'>incipiendo</span> <span class='ocrx_word' id='word_1_363' title='bbox 1201 4229 1290 4283; x_wconf 87' lang='lat' dir='ltr'>neque</span> <span class='ocrx_word' id='word_1_364' title='bbox 1302 4211 1339 4268; x_wconf 88' lang='lat' dir='ltr'>ad</span> <span class='ocrx_word' id='word_1_365' title='bbox 1351 4218 1464 4269; x_wconf 82' lang='lat' dir='ltr'>octavae</span> <span class='ocrx_word' id='word_1_366' title='bbox 1482 4210 1608 4268; x_wconf 80' lang='lat' dir='ltr'>eirudem</span> 
     </span>
     <span class='ocr_line' id='line_1_42' title="bbox 363 4296 968 4368; baseline 0.002 -15"><span class='ocrx_word' id='word_1_367' title='bbox 363 4298 427 4355; x_wconf 82' lang='lat' dir='ltr'>ferti</span> <span class='ocrx_word' id='word_1_368' title='bbox 445 4299 504 4353; x_wconf 87' lang='lat' dir='ltr'>eine</span> <span class='ocrx_word' id='word_1_369' title='bbox 521 4297 626 4354; x_wconf 88' lang='lat' dir='ltr'>tributo</span> <span class='ocrx_word' id='word_1_370' title='bbox 644 4296 769 4368; x_wconf 86' lang='lat' dir='ltr'>quolibet</span> <span class='ocrx_word' id='word_1_371' title='bbox 786 4297 968 4354; x_wconf 79' lang='lat' dir='ltr'>celebrentur.</span> 
     </span>
    </p>

    <p class='ocr_par' dir='ltr' id='par_1_11' title="bbox 417 4385 1036 4456">
     <span class='ocr_line' id='line_1_43' title="bbox 417 4385 1036 4456; baseline 0.002 -15"><span class='ocrx_word' id='word_1_372' title='bbox 417 4385 544 4441; x_wconf 54' lang='lat' dir='ltr'>statui:</span> <span class='ocrx_word' id='word_1_373' title='bbox 562 4387 742 4441; x_wconf 69' lang='lat' dir='ltr'>Monumentu</span> <span class='ocrx_word' id='word_1_374' title='bbox 760 4385 824 4441; x_wconf 78' lang='lat' dir='ltr'>recl.</span> <span class='ocrx_word' id='word_1_375' title='bbox 842 4385 927 4455; x_wconf 75' lang='lat' dir='ltr'>Zopr.</span> <span class='ocrx_word' id='word_1_376' title='bbox 943 4402 973 4456; x_wconf 82' lang='lat' dir='ltr'>p.</span> <span class='ocrx_word' id='word_1_377' title='bbox 990 4389 1036 4444; x_wconf 89' lang='grc'><strong><em>26.</em></strong></span> 
     </span>
    </p>
   </div>
   <div class='ocr_carea' id='block_1_8' title="bbox 364 4523 1611 4776">
    <p class='ocr_par' dir='ltr' id='par_1_12' title="bbox 364 4523 1611 4776">
     <span class='ocr_line' id='line_1_44' title="bbox 416 4523 1611 4598; baseline 0.003 -19"><span class='ocrx_word' id='word_1_378' title='bbox 416 4523 611 4580; x_wconf 85' lang='lat' dir='ltr'>DLXXXIII.</span> <span class='ocrx_word' id='word_1_379' title='bbox 632 4527 667 4580; x_wconf 79' lang='lat' dir='ltr'>In</span> <span class='ocrx_word' id='word_1_380' title='bbox 685 4525 802 4594; x_wconf 66' lang='lat' dir='ltr'>wanka„</span> <span class='ocrx_word' id='word_1_381' title='bbox 817 4527 843 4580; x_wconf 73' lang='lat' dir='ltr'>r.</span> <span class='ocrx_word' id='word_1_382' title='bbox 856 4525 965 4595; x_wconf 77' lang='lat' dir='ltr'>Aprilis</span> <span class='ocrx_word' id='word_1_383' title='bbox 976 4527 1059 4581; x_wconf 77' lang='lat'><strong><em>1250.</em></strong></span> <span class='ocrx_word' id='word_1_384' title='bbox 1077 4525 1145 4580; x_wconf 84' lang='lat' dir='ltr'>Boia</span> <span class='ocrx_word' id='word_1_385' title='bbox 1156 4523 1208 4581; x_wconf 91' lang='lat' dir='ltr'>IV.</span> <span class='ocrx_word' id='word_1_386' title='bbox 1220 4541 1269 4580; x_wconf 85' lang='lat' dir='ltr'>rex</span> <span class='ocrx_word' id='word_1_387' title='bbox 1282 4541 1438 4595; x_wconf 83' lang='lat' dir='ltr'>agnoeoena</span> <span class='ocrx_word' id='word_1_388' title='bbox 1449 4524 1611 4598; x_wconf 83' lang='lat' dir='ltr'>diuturnam</span> 
     </span>
     <span class='ocr_line' id='line_1_45' title="bbox 364 4611 1609 4685; baseline 0.002 -18"><span class='ocrx_word' id='word_1_389' title='bbox 364 4611 772 4684; x_wconf 63' lang='lat' dir='ltr'>fidelitatemjbagurieneium</span> <span class='ocrx_word' id='word_1_390' title='bbox 788 4611 985 4681; x_wconf 80' lang='lat' dir='ltr'>notificatiilie,</span> <span class='ocrx_word' id='word_1_391' title='bbox 1004 4612 1080 4684; x_wconf 87' lang='lat' dir='ltr'>qnod</span> <span class='ocrx_word' id='word_1_392' title='bbox 1094 4617 1214 4670; x_wconf 69' lang='lat' dir='ltr'>mentun</span> <span class='ocrx_word' id='word_1_393' title='bbox 1224 4612 1393 4685; x_wconf 74' lang='lat' dir='ltr'>quietudinis</span> <span class='ocrx_word' id='word_1_394' title='bbox 1403 4611 1609 4672; x_wconf 83' lang='lat' dir='ltr'>enaeimmuta·</span> 
     </span>
     <span class='ocr_line' id='line_1_46' title="bbox 366 4699 1611 4776; baseline 0.003 -16"><span class='ocrx_word' id='word_1_395' title='bbox 366 4701 436 4760; x_wconf 80' lang='lat' dir='ltr'>verit</span> <span class='ocrx_word' id='word_1_396' title='bbox 445 4699 584 4772; x_wconf 84' lang='lat' dir='ltr'>quaedam</span> <span class='ocrx_word' id='word_1_397' title='bbox 594 4701 717 4760; x_wconf 84' lang='lat' dir='ltr'>turbatio</span> <span class='ocrx_word' id='word_1_398' title='bbox 727 4718 812 4775; x_wconf 85' lang='lat' dir='ltr'>anper</span> <span class='ocrx_word' id='word_1_399' title='bbox 819 4701 954 4760; x_wconf 75' lang='lat' dir='ltr'>molestiis</span> <span class='ocrx_word' id='word_1_400' title='bbox 964 4707 992 4759; x_wconf 91' lang='lat' dir='ltr'>et</span> <span class='ocrx_word' id='word_1_401' title='bbox 1001 4701 1197 4774; x_wconf 78' lang='lat' dir='ltr'>quaerimoniis</span> <span class='ocrx_word' id='word_1_402' title='bbox 1206 4718 1310 4773; x_wconf 83' lang='lat' dir='ltr'>eorum,</span> <span class='ocrx_word' id='word_1_403' title='bbox 1320 4702 1511 4776; x_wconf 82' lang='lat' dir='ltr'>eteijuramen</span> <span class='ocrx_word' id='word_1_404' title='bbox 1520 4703 1611 4775; x_wconf 85' lang='lat' dir='ltr'>ipainr</span> 
     </span>
    </p>
   </div>
   <div class='ocr_carea' id='block_1_9' title="bbox 0 0 1736 5382">
    <p class='ocr_par' dir='ltr' id='par_1_13' title="bbox 0 0 1736 5382">
     <span class='ocr_line' id='line_1_47' title="bbox 0 0 1736 5382; baseline 0 0"><span class='ocrx_word' id='word_1_405' title='bbox 0 0 1736 5382; x_wconf 95' lang='lat' dir='ltr'> </span> 
     </span>
    </p>
   </div>
  </div>
 </body>
</html>
