3480 5356
375 401 439 466 362
878 426 899 466 r.
919 412 1116 488 manno,

427 587 641 644 MOGXXXIX
670 588 893 644 tessellati.
916 588 1049 646 Nicolans
1073 587 1163 644 banus
1187 589 1272 644 totius
1298 585 1446 645 Slavoniae
1470 589 1624 660 signifieat,

376 675 452 748 quod
471 691 536 732 cum
554 675 622 730 feria
640 675 720 730 tertia
738 677 865 746 proxima
876 681 940 732 ante
952 677 1143 732 ascensionem
1154 675 1269 730 Domini
1280 677 1525 747 congregationem
1538 678 1624 746 regni

375 765 531 832 Slavoniae
550 763 703 834 Zagrubiee
721 763 865 818 habuisset
888 763 1053 834 generalem,
1078 763 1200 818 universi
1214 762 1379 833 jobagiones
1397 764 1480 819 castri
1498 763 1623 834 Zagrab.
1714 795 1716 802 ·

1710 1018 1716 1278 l

373 854 402 907 in
429 852 570 908 communi
597 851 714 907 concilio
738 850 880 923 praedicto
907 851 1079 906 conditiones
1105 849 1264 906 libertatum
1287 851 1412 922 ipsorum
1439 852 1623 922 antiquarum

372 941 569 1012 exposuissent
593 938 647 994 sub
671 937 723 994 bac
740 938 844 993 forma:
863 937 946 1005 Quod
966 937 1115 1010 persolutis
1140 937 1404 996 commutationibus
1429 937 1622 994 descensuum

373 1043 425 1083 nec
443 1025 588 1082 riceiudex
606 1025 671 1082 bani
689 1031 738 1082 aut
756 1025 867 1082 curialis
884 1041 979 1080 comes
1004 1023 1128 1082 eiusdem
1150 1025 1315 1082 descensum
1339 1025 1471 1094 fecerent,
1489 1041 1523 1081 eo
1541 1025 1623 1081 iacto

374 1133 391 1170 a
410 1114 505 1170 debito
523 1113 748 1170 commutationis
766 1112 918 1168 descensus
936 1111 1019 1168 iidem
1044 1112 1207 1184 jobcgiones
1225 1114 1308 1170 castri
1327 1119 1421 1169 essent
1443 1113 1576 1185 expediti,
1598 1115 1624 1168 si

373 1218 439 1258 vero
458 1201 624 1258 descensum
641 1216 699 1255 non
717 1200 840 1256 fecerent
858 1205 960 1256 extunc
982 1201 1067 1256 semel
1085 1201 1113 1256 in
1131 1217 1205 1256 anno
1224 1199 1328 1257 scilicet
1345 1201 1417 1257 circa
1436 1201 1539 1256 festum
1557 1203 1622 1256 acti.

373 1290 486 1346 Martini
505 1290 614 1352 ratione
632 1287 758 1344 eiusdem
775 1287 926 1344 descensus
947 1288 1041 1344 comiti
1065 1286 1161 1344 decern
1185 1293 1213 1344 et
1237 1292 1300 1344 octo
1324 1305 1426 1360 pensas
1451 1287 1518 1344 dare
1542 1293 1623 1344 tene-

374 1381 478 1446 rentur,
497 1393 531 1434 eo
549 1375 625 1448 quod
643 1392 694 1432 nec
709 1374 797 1446 judex
824 1375 890 1432 bani
912 1391 963 1432 uec
985 1375 1096 1431 curialis
1120 1391 1215 1432 comes
1238 1375 1327 1448 ipsius
1350 1375 1379 1430 in
1403 1376 1496 1434 eundo
1519 1389 1622 1430 sersus

373 1464 453 1520 Goad
472 1465 516 1520 vel
534 1463 685 1530 redeundo,
702 1463 868 1520 descensum
880 1462 970 1519 iacere
983 1467 1099 1534 possent
1109 1463 1180 1520 inter
1191 1461 1278 1534 ipsos,
1290 1463 1333 1520 vel
1346 1463 1452 1519 familia
1464 1462 1622 1520 eorundem

372 1556 423 1607 aut
440 1551 513 1608 bant
531 1551 603 1607 Item
628 1555 763 1623 quantum
781 1551 810 1605 in
827 1549 924 1606 habita
946 1551 1147 1622 compositione
1173 1549 1307 1608 adrem
1331 1551 1403 1622 parti
1427 1549 1533 1618 dment,
1556 1556 1622 1606 tan·

374 1638 499 1694 tamdem
514 1638 604 1710 judici
628 1638 694 1694 dare
717 1643 884 1694 tenerentur.
908 1637 969 1692 Nec
994 1637 1095 1708 aliquis
1120 1637 1344 1709 possessionatus
1367 1638 1475 1694 ratione
1496 1638 1621 1694 ahcuius

372 1725 459 1782 debiti
476 1725 590 1783 deberet
607 1726 748 1798 captivari.
767 1725 797 1782 Si
816 1725 878 1796 quis
897 1741 962 1780 vero
980 1741 1016 1780 ex
1032 1726 1100 1796 ipsis
1124 1725 1299 1782 contumacia
1316 1724 1426 1794 ductus,
1446 1741 1535 1796 usque
1555 1742 1621 1796 sep-

373 1814 473 1869 timum
499 1813 647 1868 terminum
670 1812 727 1882 juri
754 1828 851 1883 parere
877 1812 1037 1883 negligeret,
1062 1827 1183 1883 pesum
1207 1811 1331 1868 eiusdem
1356 1813 1493 1869 terreebis
1519 1829 1619 1868 comes

370 1902 476 1974 judicio
495 1901 560 1956 bani
577 1901 699 1972 recipere
722 1905 862 1955 teneretur
887 1905 915 1954 et
938 1905 1077 1972 receptam
1101 1900 1155 1971 ipsi
1177 1900 1270 1956 comiti
1293 1899 1359 1956 bani
1382 1901 1532 1972 assigrrara
1556 1900 1621 1956 Nec
1715 1929 1716 1938 κ

373 1989 474 2060 aliquia
492 1990 563 2044 iuter
580 1989 658 2060 ipsos
676 1987 813 2044 terrestris
839 2003 934 2044 comes
959 2003 1021 2042 esse
1049 1991 1140 2058 potest
1165 1988 1219 2042 nisi
1245 1985 1281 2043 de
1307 1989 1448 2044 communi
1474 2003 1617 2044 consensu

371 2073 531 2144 eorumdem,
549 2081 577 2132 et
594 2075 707 2132 evoluto
724 2075 841 2131 termIno
859 2075 925 2130 enni
943 2079 1099 2130 terrestrem
1121 2075 1284 2130 comitatum
1306 2074 1459 2130 renovandi
1481 2075 1619 2130 baberent

371 2163 541 2220 facultatem.
561 2162 665 2220 Nullus
683 2165 766 2220 edam
783 2163 962 2220 collectorum
976 2161 1143 2233 jobegiones
1160 2161 1273 2217 dicandi
1290 2161 1375 2218 habet
1392 2163 1541 2234 optionem
1554 2161 1618 2218 Nec

371 2253 478 2307 ratione
496 2251 632 2307 exercitus
650 2251 817 2307 iudiciorum
834 2251 911 2322 ipsos
929 2254 1023 2322 potest
1040 2248 1130 2305 banne
1148 2265 1308 2320 aggravare,
1321 2250 1374 2306 nisi
1386 2249 1483 2305 eadem
1495 2249 1617 2306 collecta

374 2343 561 2410 emergeretur
585 2355 635 2410 per
659 2353 776 2408 regnum
802 2337 959 2396 Slavoniae.
984 2336 1104 2394 Gurialis
1127 2353 1221 2394 comm
1245 2337 1440 2408 Zagrabiensis
1464 2338 1542 2394 nullo
1567 2354 1621 2392 un·

373 2442 457 2496 quam
475 2431 600 2496 tempore
619 2429 712 2496 potest
729 2424 893 2480 descensum
911 2421 1001 2482 facere
1027 2442 1111 2497 super
1128 2441 1185 2482 eos.
1210 2425 1305 2480 Bnuus
1322 2425 1425 2481 auditis
1443 2424 1620 2480 libertatibus

372 2512 554 2584 supradictis,
586 2513 683 2570 volens
713 2513 822 2584 plenius
848 2513 990 2569 certificari
1019 2511 1055 2567 de
1085 2511 1191 2569 eisdem
1219 2514 1363 2571 universos
1392 2512 1500 2569 nobiles
1528 2513 1617 2583 regni,
1715 2571 1716 2612 i

371 2617 491 2672 qnorum
509 2599 659 2657 multitudo
677 2599 774 2656 ederet
794 2601 908 2673 copiose
932 2599 1082 2672 requisivit,
1102 2601 1151 2671 qui
1169 2601 1334 2658 unanimber
1357 2601 1518 2669 retulerunt,
1537 2599 1615 2671 quod

374 2687 459 2744 iidem
484 2687 650 2760 jobagiones
667 2688 759 2756 matri,
777 2705 795 2742 a
812 2693 936 2760 tempore
954 2689 1034 2744 cuius
1052 2703 1108 2743 non
1127 2693 1204 2744 extat
1220 2689 1362 2758 memoria,
1386 2689 1415 2744 in
1439 2687 1616 2745 libertatibus

374 2775 522 2848 praedictis
540 2775 746 2834 remansissent.
767 2775 847 2832 Unde
865 2776 955 2832 banus
974 2775 1088 2832 easdem
1105 2775 1248 2832 libertates
1265 2776 1412 2833 roboravit

427 2865 473 2920 Ec
492 2865 593 2921 litteris
615 2863 901 2932 confirmatiorsobbua
925 2865 1058 2922 Ludieloi
1081 2865 1153 2935 repis
1170 2865 1204 2922 de
1222 2879 1297 2922 oneo
1321 2863 1520 2932 1279.11⁷cjer.·
1549 2863 1615 2920 (lod

374 2951 444 3023 cepi.
465 2955 494 3009 n.
517 2952 548 3007 ν.
567 2953 619 3009 vot.
638 2955 676 3009 11.
694 2967 723 3022 p.
744 2954 804 3009 see.

427 3092 569 3150 MOOXL.
588 3093 732 3151 Kedhida
753 3096 834 3148 12⁷8.
854 3097 899 3146 27.
917 3092 1001 3148 Maii.
1026 3091 1152 3148 Andreas
1171 3091 1320 3162 (Venetus)
1338 3091 1395 3148 dux
1414 3092 1500 3149 totius
1518 3091 1614 3148 Slavo·

373 3181 444 3250 niae,
462 3181 621 3238 Dalmatiae
638 3185 666 3236 et
684 3180 813 3236 croatiae
830 3179 963 3248 notificat,
989 3179 1064 3251 qnod
1082 3195 1147 3236 cum
1165 3195 1214 3251 per
1231 3179 1384 3252 capitulum
1399 3178 1615 3251 vesprimiensis

373 3269 506 3325 ecclesiae
524 3268 672 3325 vehemens
690 3267 815 3324 eiusdem
834 3267 984 3324 destructio
1002 3267 1090 3323 relata
1106 3267 1213 3336 fuisset,
1231 3268 1401 3339 compatiens
1413 3267 1452 3323 illi
1464 3267 1539 3324 hanc
1553 3285 1615 3339 gra·
1714 3287 1715 3292 ¹

372 3357 440 3412 tiam
463 3356 517 3428 ipsi
542 3355 674 3411 ecclesiae
699 3355 799 3412 ductus
824 3355 959 3410 baronum
982 3355 1098 3412 consilio
1121 3355 1201 3410 duxit
1218 3355 1381 3422 faciendam,
1400 3354 1475 3426 quod
1493 3355 1614 3412 universi

373 3442 472 3515 populi
489 3442 578 3498 dictae
596 3442 728 3498 ecclesiae
746 3443 774 3497 in
793 3442 899 3498 ambitu
921 3443 1068 3499 comitetur
1086 3443 1267 3514 simigiensis,
1285 3442 1500 3515 vesprimiensis
1518 3449 1547 3498 et
1564 3443 1614 3498 Za·
1714 3443 1715 3450 ’

373 3529 505 3587 ladiensis
530 3531 673 3587 constituti
692 3529 729 3585 ab
747 3530 821 3586 omui
843 3529 1035 3602 jurisdictione
1060 3536 1087 3588 et
1109 3531 1213 3604 judicio
1237 3531 1370 3587 comitum
1394 3548 1443 3587 seu
1470 3531 1615 3587 curialium

373 3619 506 3676 comitum
524 3617 661 3675 dictorum
679 3619 860 3674 comitatuum
878 3619 934 3674 sint
952 3634 1067 3690 prorsus
1087 3620 1217 3690 exempti.

426 3707 523 3776 Fejcr.
545 3705 611 3762 Ood.
629 3705 698 3776 dipl.
717 3707 803 3776 chp
823 3708 851 3760 T.
874 3705 905 3762 V.
923 3707 975 3762 ool.
994 3707 1035 3764 11.
1050 3723 1080 3778 p.
1101 3709 1158 3764 471.

426 3861 585 3920 MOOXLI.
614 3868 694 3920 1278.
713 3869 738 3922 6.
755 3865 847 3921 lunii.
875 3865 1037 3938 Capitulum
1062 3865 1194 3920 ecclesiae
1218 3863 1397 3920 Ghasmeneie
1421 3868 1519 3920 notum
1541 3863 1615 3932 facit,

374 3949 449 4021 quod
468 3949 585 4022 Egidlus
604 3951 677 4006 filius
688 3963 691 3970 ’
702 3951 812 4022 Ragnin
836 3957 864 4008 et
887 3952 1051 4009 Dominlcus
1075 3950 1149 4006 iilius
1175 3950 1251 4006 Iwan
1279 3950 1501 4008 confessisunt:
1520 3950 1612 4006 comiti

374 4037 503 4095 Odouich
522 4037 580 4094 illio
599 4037 712 4108 Gurgus
731 4039 837 4108 atejus
856 4039 934 4094 freni
955 4037 1034 4094 Eliae
1062 4054 1092 4093 aa
1114 4035 1272 4092 uendidisse
1295 4037 1404 4093 vineam
1427 4053 1506 4093 suam
1531 4053 1615 4109 super

374 4131 447 4182 terra
465 4126 611 4198 Guinayna
628 4125 677 4180 filii
698 4125 852 4194 Wecberni,
879 4142 964 4198 quam
991 4125 1064 4182 idem
1083 4142 1100 4182 a
1118 4124 1200 4180 Mark
1227 4125 1285 4182 filio
1312 4125 1388 4182 Iwan
1406 4130 1616 4197 comparaverat

374 4229 425 4284 pro
448 4214 537 4270 tribus
561 4214 670 4270 mareis.
694 4213 766 4270 Item
789 4215 874 4270 aliam
898 4214 1006 4270 vineam
1033 4215 1111 4270 iuxta
1134 4212 1325 4284 Zaposchicha
1348 4229 1432 4285 snper
1455 4219 1528 4268 terra
1550 4212 1614 4268 dicti

374 4300 518 4357 (luenaina
535 4301 714 4358 constitutam
733 4317 783 4372 pro
802 4318 858 4357 uua
875 4318 974 4358 marce

432 4389 551 4446 Wcaacl:
569 4389 634 4445 Ocd.
653 4389 723 4460 dipl.
742 4390 849 4460 Arpcd.
868 4389 936 4446 XII.
957 4392 1017 4446 232.

426 4543 599 4600 nicoma
621 4547 654 4600 lu
671 4546 800 4602 Obeaad.
819 4549 902 4600 1278.
923 4550 946 4599 9.
965 4545 1056 4602 Jonas.
1076 4543 1223 4600 Ladlslaus
1242 4543 1294 4600 1v.
1312 4559 1362 4599 rex
1379 4545 1477 4616 recipit
1494 4545 1547 4600 sub
1559 4543 1614 4601 fide
1713 4557 1714 4560 ’

374 4632 531 4703 aliquorum
550 4632 736 4703 praelatorum
756 4637 784 4689 et
802 4649 955 4704 procerum,
977 4633 1109 4704 praestito
1132 4632 1209 4704 prius
1222 4631 1389 4702 juramento,
1412 4633 1441 4686 in
1465 4632 1614 4704 specialem

378 4719 493 4792 gratiam
513 4719 687 4793 Stephanum
705 4720 809 4778 bannm
827 4720 915 4776 filium
933 4719 1067 4792 Stephani
1086 4719 1160 4790 bani,
1178 4719 1347 4777 conterendo
1359 4719 1450 4776 eidem
1461 4718 1614 4788 iudicatum
