3464 5382
351 385 411 448 136
841 405 862 446 ι.
885 389 1082 464 resumunt,

348 571 490 642 quantiam
506 569 746 636 ministrationum,
764 569 878 640 insuper
896 585 952 626 non
970 567 1108 624 modicam
1126 567 1236 640 copiam
1254 565 1376 622 thesauri
1394 585 1428 625 ac
1446 571 1590 642 pecuniae,

347 675 399 730 pro
417 657 575 729 aquirendis
594 656 777 729 stipendiariis
797 657 948 728 armigeris,
966 655 1262 728 expeditionibusquae
1284 655 1399 711 caeteris
1418 657 1497 712 iuxta
1514 675 1589 716 uom-

347 743 461 802 modum
480 751 507 802 et
524 745 657 802 honorem
675 745 748 816 regis
766 744 865 800 offerre
884 743 1056 812 studuerunt,
1075 759 1194 813 quorum
1212 742 1410 812 obsequiorum
1436 743 1472 800 ob
1490 745 1591 803 merita

347 833 438 905 ipsam
455 833 596 888 civitatem
614 837 642 888 et
658 831 778 887 insulam
803 831 880 902 Pagi,
897 832 1011 888 totalem
1033 847 1066 886 ac
1089 831 1232 902 integram,
1251 847 1315 886 cnm
1332 831 1468 898 universis
1487 833 1591 888 utilita-

347 920 423 977 tibus
441 925 470 978 et
486 920 666 992 pertinentiis,
693 918 798 974 civibus
816 919 947 991 pagensis
965 918 1082 975 civitatis
1100 924 1129 974 et
1146 934 1243 974 eorum
1260 917 1433 988 haeredibus,
1451 918 1487 976 de
1505 919 1590 976 bene·

348 1008 451 1080 placito
470 1009 576 1064 Mariae
594 1007 729 1064 consortis
746 1022 814 1062 suae
832 1023 865 1062 ac
882 1006 1068 1078 praelatorum
1086 1011 1114 1062 et
1126 1006 1262 1062 baronum
1274 1005 1389 1062 consilio
1401 1005 1450 1062 dat
1461 1011 1490 1062 et
1500 1006 1590 1063 donat

346 1097 393 1164 ita,
413 1096 490 1152 utin
509 1095 606 1152 eadem
624 1111 656 1152 eo
674 1095 742 1164 iure,
760 1094 844 1151 modo
862 1099 891 1150 et
908 1094 1004 1151 ordine
1024 1093 1155 1165 gaudere,
1174 1110 1206 1149 ac
1224 1092 1352 1148 omuibus
1370 1093 1425 1148 illis
1443 1093 1588 1164 vigoribus

347 1189 376 1240 et
392 1183 528 1240 nobilium
545 1183 703 1240 libertatum
720 1183 926 1254 praerogativis,
944 1181 1098 1238 honoribus
1116 1197 1149 1237 ac
1166 1181 1265 1252 graciis
1282 1179 1336 1235 frui
1354 1181 1471 1252 posaint,
1483 1181 1590 1252 quibua

348 1271 384 1326 ab
402 1271 517 1344 antiquo
540 1276 664 1342 tempore
688 1271 770 1344 potiti
794 1275 873 1338 sunt;
898 1275 926 1326 et
948 1275 1032 1340 prout
1053 1269 1154 1326 caeteri
1172 1267 1271 1324 urbani
1288 1267 1440 1324 nobilitutis
1458 1269 1540 1326 titulo
1558 1269 1588 1324 in

351 1357 469 1414 urbibus
485 1358 578 1414 liberis
604 1364 687 1430 atque
704 1357 844 1416 nobilibus
861 1359 890 1412 in
908 1358 971 1430 ipso
989 1373 1074 1428 reguo
1092 1356 1250 1412 Dalmatiae
1266 1355 1321 1410 frui
1339 1360 1368 1412 et
1384 1354 1506 1426 gaudere
1525 1372 1588 1428 per-

347 1445 486 1502 hibentur.
1128 1445 1132 1452 '

398 1535 506 1590 Datum
523 1549 573 1608 per
590 1549 689 1590 mansu
713 1534 838 1605 magistri
861 1532 1007 1604 smaragdi
1030 1532 1151 1589 albensis
1175 1531 1326 1604 praepositi
1348 1537 1377 1588 et
1393 1532 1475 1590 aulae
1492 1531 1588 1604 regiae

348 1621 408 1680 rice
425 1622 590 1680 cancellarii.

405 1729 511 1786 Wssssel
517 1747 525 1785 ι
546 1728 610 1786 (lod.
628 1727 697 1798 dipl.
716 1727 825 1798 amau.
843 1728 883 1782 11.
902 1731 928 1784 ct
950 1727 996 1783 Vl.
1013 1743 1041 1796 p.
1060 1729 1120 1782 149.

401 1866 560 1924 OOOGLV.
585 1869 620 1924 Δ.
644 1871 720 1923 1244.
747 1871 788 1922 21.
813 1868 931 1938 Aprilis.
949 1868 1017 1924 Bela
1041 1867 1084 1924 IV
1102 1884 1151 1924 rex
1169 1867 1302 1939 notificet,
1319 1865 1395 1938 quod
1412 1881 1476 1922 cum
1493 1881 1587 1924 onmes

346 1955 366 2012 J
367 1955 424 2012 unh
442 1956 516 2012 filius
534 1955 623 2026 Isaac,
640 1955 717 2010 fratri
736 1971 787 2013 suo
805 1955 967 2024 Oolomano,
982 1957 1041 2027 regi
1059 1955 1201 2027 quondam
1215 1961 1243 2010 el
1253 1954 1318 2010 duci
1330 1954 1415 2010 totius
1428 1953 1586 2024 Slavouiae,

347 2060 365 2098 ι
382 2043 476 2100 multis
494 2043 664 2115 temporibus
681 2041 799 2100 fideliter
817 2043 947 2112 servierit,
966 2041 1040 2098 idem
1057 2059 1106 2098 rex
1118 2048 1146 2098 et
1157 2041 1215 2098 dux
1226 2047 1328 2098 terram
1339 2041 1461 2113 regalem
1474 2043 1587 2098 nomine

348 2131 454 2203 Zlonyn
474 2135 502 2186 et
519 2129 680 2186 Worboueh
702 2131 730 2185 in
753 2129 885 2186 Slavonia
902 2129 1033 2196 habitam,
1058 2145 1076 2184 a
1099 2134 1190 2185 metro
1207 2129 1331 2185 brisiensi
1348 2135 1514 2202 exemptam,
1532 2130 1587 2204 ipsi

348 2223 376 2274 et
394 2216 601 2273 connutritus
624 2217 780 2274 contulerat
786 2236 793 2284 ;
816 2234 880 2274 cum
903 2235 986 2289 porro
1011 2217 1085 2273 idem
1109 2233 1203 2274 comes
1220 2216 1299 2272 Junk
1316 2234 1372 2274 non
1391 2218 1482 2274 solum
1499 2218 1585 2284 fratri,

347 2304 396 2360 sed
415 2311 480 2376 post
497 2305 556 2361 eius
573 2304 718 2361 decessum
736 2305 795 2376 regi
814 2310 842 2360 et
859 2305 978 2361 consorti
997 2321 1066 2360 suae
1083 2304 1204 2360 serviciis
1223 2304 1281 2359 suis
1299 2319 1330 2360 se
1342 2319 1492 2376 exponens,
1506 2311 1586 2375 grata

346 2392 489 2448 fidelitatis
506 2391 671 2464 impenderit
688 2392 829 2464 obsequia,
848 2409 904 2462 rex,
923 2393 951 2448 in
964 2393 1190 2464 supplementum
1202 2389 1360 2448 donationis
1373 2391 1470 2460 factae
1482 2391 1586 2448 dictam

345 2484 447 2536 terram
465 2498 483 2536 a
500 2479 624 2552 quolibet
647 2485 738 2536 caeno
762 2485 919 2552 exemptam
942 2480 996 2552 ipsi
1015 2485 1043 2536 et
1060 2479 1190 2536 fratribus
1212 2485 1241 2535 et
1258 2477 1425 2534 haeredibus
1444 2479 1501 2534 suis
1519 2496 1584 2535 con·

246 2641 249 2647 .
346 2567 445 2637 firmat,
472 2573 500 2624 et
524 2565 704 2624 donationem
729 2567 893 2624 Oolomauni
919 2567 1041 2625 innovat.
1070 2568 1163 2624 hletae
1191 2573 1284 2623 antem
1302 2571 1399 2636 terrea,
1418 2573 1501 2639 prout
1517 2567 1581 2623 illas

345 2655 478 2726 magister
511 2653 590 2711 Akus
614 2655 748 2728 plebanus
771 2654 807 2711 de
832 2655 905 2724 Pest,
935 2656 1097 2728 capellanus
1120 2655 1214 2724 regina
1247 2653 1390 2722 defixerat,
1421 2657 1487 2710 sunt
1516 2653 1584 2711 hae:

343 2742 437 2798 Prima
463 2742 498 2797 ab
525 2741 667 2799 occidente
692 2760 710 2798 a
735 2742 820 2799 fluvio
845 2741 992 2798 Dulebalra
1018 2743 1046 2798 in
1074 2759 1176 2814 magna
1202 2741 1260 2810 νίας
1288 2743 1445 2814 peripsam
1464 2740 1537 2796 viam
1555 2743 1584 2797 in

345 2829 414 2885 silva
431 2829 539 2900 Ligeth,
563 2831 592 2884 in
615 2847 672 2902 qua
694 2831 793 2886 hausit
815 2829 930 2887 fluvium
948 2830 1138 2901 Zeminztrug;
1156 2830 1293 2885 transiens
1321 2829 1443 2885 rivulum
1467 2845 1585 2901 parvum

344 2917 418 2974 venit
435 2915 471 2972 ad
490 2933 620 2988 magnam
644 2917 716 2973 viam
740 2922 768 2974 et
790 2917 906 2974 fluvium
929 2916 1017 2989 Loky,
1042 2933 1125 2988 quem
1150 2917 1286 2974 transiens
1311 2934 1360 2988 per
1377 2922 1491 2989 pontem
1508 2916 1588 2972 iuxta

343 3009 447 3060 terrum
465 3002 591 3076 Goatoyg
615 3003 691 3060 vadit
717 3021 766 3077 per
788 3003 906 3060 eandem
931 3005 1004 3060 viam
1028 3003 1064 3059 ad
1090 3003 1231 3072 orientem,
1250 3003 1376 3060 ascendit
1393 3004 1577 3060 monticulum

344 3091 465 3147 declinat
488 3091 517 3146 in
541 3091 659 3147 rivulum
682 3091 798 3163 Zlonyn,
822 3108 904 3163 quem
927 3092 1063 3147 transiens
1087 3090 1212 3147 ascendit
1235 3092 1417 3148 monticulum
1440 3091 1468 3147 in
1486 3091 1586 3147 endem

344 3195 446 3250 magna
464 3180 508 3235 vie
526 3185 555 3236 et
572 3178 692 3234 declinat
714 3179 743 3234 in
760 3178 875 3235 fluvium
893 3179 1003 3246 Veliha,
1028 3194 1111 3251 quem
1128 3179 1265 3235 uensiens
1283 3178 1360 3235 eadit
1376 3179 1405 3233 in
1424 3177 1522 3234 eadem
1540 3179 1586 3235 via

343 3284 446 3338 magna
463 3265 499 3322 nd
517 3271 639 3324 montem
656 3267 685 3321 in
703 3266 772 3322 silve
795 3273 823 3322 et
846 3283 896 3338 per
914 3266 1060 3338 planiciem
1078 3267 1153 3322 venit
1173 3265 1209 3322 ad
1227 3265 1342 3322 fluvium
1359 3265 1584 3336 Kamechnicha;

292 3371 294 3378 ·
342 3353 480 3410 transiens
504 3361 532 3409 et
558 3371 607 3426 per
631 3352 748 3408 eandem
774 3353 846 3409 viam
863 3351 984 3409 declinat
1008 3353 1036 3408 in
1054 3351 1185 3425 paludem
1203 3370 1236 3410 ac
1254 3371 1342 3409 unum
1358 3355 1457 3424 lutum,
1476 3361 1505 3410 et
1522 3371 1583 3426 per·

342 3441 418 3498 venit
443 3440 479 3496 ad
503 3457 605 3512 aquam
628 3439 778 3510 Ohemeeh,
801 3441 851 3496 ubi
873 3441 1030 3497 continetur
1053 3445 1127 3496 terra
1144 3442 1322 3514 episcopatus
1340 3443 1472 3499 eeclesiae
1490 3459 1586 3514 sagra·

343 3529 449 3584 biensis
472 3533 500 3584 et
522 3544 572 3600 per
598 3527 741 3584 Obernech
764 3529 918 3600 inaquam
942 3527 1113 3599 Glogoucha,
1138 3547 1186 3600 per
1210 3529 1289 3585 cuius
1309 3547 1420 3586 cursum
1446 3531 1475 3586 iu
1501 3529 1587 3602 longo

343 3616 434 3688 spatio
453 3616 576 3687 pervenit
602 3615 630 3670 in
660 3616 793 3671 maiorem
818 3615 990 3688 Glogoncha,
1014 3633 1064 3688 per
1087 3633 1171 3688 quam
1196 3622 1224 3674 et
1247 3618 1317 3672 alias
1341 3623 1429 3673 metae
1452 3617 1481 3672 in
1499 3618 1585 3688 longo
1702 3677 1703 3680 Ἴ

343 3703 433 3775 spatio
451 3703 526 3758 venit
542 3703 572 3758 in
589 3719 692 3774 aquam
710 3720 760 3760 seu
779 3702 910 3776 paludem
928 3703 1076 3760 Meduiche
1094 3709 1121 3759 et
1139 3719 1222 3775 porro
1239 3703 1268 3759 in
1281 3721 1382 3776 aquam
1394 3703 1582 3760 Jnnenoviohu
1702 3719 1703 3724 ¹

343 3797 371 3846 et
388 3791 512 3860 Jasvina,
530 3791 559 3845 in
577 3790 708 3846 dumibus
726 3792 866 3860 viminum,
885 3791 960 3847 etin
978 3808 1064 3862 parvo
1082 3789 1174 3847 eundo
1192 3791 1221 3846 in
1240 3807 1341 3863 aquam
1359 3790 1465 3858 chhi;
1483 3791 1584 3848 abhinc
1702 3825 1703 3858 ι

344 3879 473 3950 superius
491 3895 540 3950 per
557 3877 672 3934 flurium
696 3877 817 3936 Pretoka
840 3879 868 3935 in
892 3879 962 3934 silva
985 3894 1088 3950 magua
1111 3884 1138 3934 et
1162 3879 1283 3935 venitin
1302 3878 1400 3934 silvam
1418 3877 1539 3934 Obereth
1557 3883 1586 3934 et

343 3965 417 4022 cadit
434 3966 463 4021 in
481 3982 583 4038 aquam
600 3965 710 4037 Lonya;
729 3971 757 4022 et
775 3967 901 4040 superins
928 3965 1109 4038 relinquendo
1127 3972 1227 4023 terram
1246 3965 1377 4023 eeclesiae
1395 3965 1584 4038 zagrabiensis

343 4053 510 4112 vicinitatem
534 4059 622 4110 terrae
641 4053 854 4124 Cruciferorum,
878 4057 906 4110 et
923 4053 1002 4110 iuxta
1019 4059 1122 4110 terram
1140 4053 1320 4111 subulcorum
1336 4054 1410 4126 regis
1428 4053 1464 4110 de
1482 4055 1585 4125 Konya
1702 4105 1703 4116 ,

343 4143 419 4198 veuit
443 4144 472 4198 in
499 4140 631 4216 paludine
657 4140 812 4210 Dulebnlra,
839 4145 867 4198 ct
894 4159 943 4214 per
968 4141 1085 4198 fluvium
1111 4141 1258 4198 Dulebzha
1275 4159 1385 4198 sursum
1403 4145 1478 4197 tenet
1495 4145 1584 4196 metas

343 4229 522 4286 subulcorum
548 4229 584 4286 de
610 4229 716 4302 Louya,
744 4227 818 4284 venit
846 4228 874 4282 iu
902 4229 1047 4286 Dulebzha
1073 4231 1159 4287 etad
1183 4235 1278 4298 metas,
1298 4229 1345 4286 ubi
1365 4233 1431 4286 suut
1447 4230 1582 4300 inceptae.

343 4315 544 4418 Ειὶιιιιιιὶιιιιι
572 4316 716 4389 Stephano
743 4316 877 4388 episcopo
903 4315 1084 4388 zagrabiensi,
1114 4316 1244 4376 Dionisio
1272 4317 1345 4375 bano
1373 4317 1459 4374 totius
1487 4315 1584 4374 Slavo-

343 4409 573 4636 moelt'dwdrehipo
591 4493 768 4564 episcopatus
784 4491 974 4565 sacrationis
988 4491 1183 4563 pricilsps'aliu
1201 4493 1238 4552 Ν.
1264 4497 1288 4548 2.
1310 4491 1439 4550 nullst:
1462 4493 1583 4548 uocum.

344 4579 425 4650 episc.
443 4595 518 4650 supr.
553 4583 620 4651 ,80.
