3480 5356
398 427 463 493 366
900 453 921 494 1.
941 440 1138 513 moranno,

400 618 489 674 sulam
507 633 580 690 quae
597 617 651 674 iuit
668 617 799 675 antedicti
823 617 949 690 Budvoy,
968 623 995 674 et
1012 633 1063 690 per
1080 615 1194 672 fluvium
1213 617 1324 674 Wouna
1347 633 1437 690 usqne
1460 617 1496 674 ad
1524 619 1653 691 primam

398 713 502 762 metam
520 705 569 760 ubi
586 705 692 762 rimrlue
712 705 875 763 Motbnicha
893 705 968 762 cadit
985 705 1013 761 in
1032 704 1152 761 eundem
1170 705 1292 762 fluvium.
1714 779 1715 790 ἵ

451 791 579 848 l'lruldit:
597 793 676 850 Mosa
694 793 760 850 bist.
782 795 812 850 Τ.
829 796 852 850 1.
869 810 899 863 p.
917 797 976 850 192.
1707 795 1716 1372 ³

451 932 611 992 MOOLVI.
629 937 707 991 12⁷8.
732 933 894 1007 Capitulum
919 933 1038 1006 Zegrab.
1062 936 1193 992 eccledae
1216 941 1314 992 notum
1338 936 1414 1004 iacit,
1438 934 1515 1006 quod
1539 938 1650 992 eonati·

399 1023 467 1080 totis
485 1039 579 1078 coram
595 1021 645 1078 illo
663 1023 777 1080 Detrieo
801 1023 859 1082 iilic
877 1023 1006 1080 chta'na
1023 1027 1051 1078 et
1068 1022 1203 1078 Hertelen
1220 1039 1254 1079 ac
1272 1022 1403 1079 Mathaeo
1427 1023 1491 1078 flliis
1514 1023 1650 1080 eiusdem

398 1109 434 1166 de
452 1125 554 1180 genere
571 1109 650 1166 Ache
676 1126 711 1166 ex
735 1127 793 1166 una
816 1116 894 1182 parte
921 1116 950 1166 et
975 1110 1109 1182 magistro
1136 1109 1279 1182 Stephano
1306 1109 1498 1167 archidiacono
1524 1109 1562 1166 de
1593 1111 1651 1167 Oa·

398 1198 511 1254 marcha
528 1199 639 1254 nomine
661 1197 827 1270 Thymotbei
851 1199 975 1270 episcopi
998 1197 1116 1268 Zagrab.
1141 1215 1177 1254 ex
1200 1199 1295 1266 altera,
1319 1197 1403 1254 iidem
1420 1197 1651 1270 permittentibus

399 1286 457 1342 auia
475 1285 603 1356 cognatis
622 1285 728 1352 Potala,
746 1285 836 1342 Borcb
854 1292 882 1342 et
899 1285 982 1343 Petro
1000 1286 1059 1342 filio
1076 1286 1166 1342 Borch
1191 1302 1241 1358 pro
1265 1303 1295 1342 se
1317 1291 1346 1341 et
1368 1289 1427 1342 tota
1450 1301 1501 1341 sua
1525 1301 1650 1356 genera-

398 1373 474 1430 tione
492 1373 612 1429 confessi
632 1379 697 1428 sunt
723 1389 753 1430 se
780 1373 938 1431 vendidisse
964 1374 1170 1446 possessionem
1198 1389 1278 1429 suam
1306 1373 1453 1430 Schekerie
1479 1375 1649 1444 contiguam

398 1461 479 1518 tern's
501 1459 648 1517 Alexandri
675 1462 787 1532 cognati
811 1461 847 1517 ds
873 1463 1052 1534 generatione
1079 1461 1166 1530 Ache,
1191 1461 1266 1518 dicto
1292 1463 1425 1534 episcopo
1449 1479 1500 1534 pro
1526 1464 1648 1534 triginta

398 1549 499 1606 marcis
525 1547 703 1606 denariorum
725 1549 963 1620 Zagrabieneinm,
987 1550 1112 1620 singulas
1129 1566 1193 1606 oum
1212 1551 1334 1622 quinque
1352 1551 1444 1622 pensis
1461 1552 1646 1622 computatis.

398 1635 589 1694 Interiuerunt
615 1636 680 1692 huic
703 1635 854 1692 venditioni
872 1638 976 1694 Potula
993 1643 1022 1693 et
1039 1637 1138 1696 Petrus
1156 1637 1205 1692 tilii
1223 1637 1313 1693 Borch
1330 1636 1366 1693 de
1384 1653 1484 1707 genere
1496 1637 1578 1694 Anba
1592 1657 1648 1696 nec

398 1741 456 1781 non
474 1729 502 1780 et
518 1723 644 1781 Jacobus
661 1723 747 1780 irater
764 1723 879 1780 Iwanka
896 1724 1044 1796 praedialis
1061 1725 1194 1796 episcopi.
1219 1723 1263 1780 Ad
1281 1722 1489 1795 distinguendos
1506 1727 1648 1784 terminos

398 1812 477 1868 misai
494 1811 607 1868 inerunt
624 1813 757 1882 magister
782 1812 933 1882 Gregorius
958 1811 1168 1868 archidiaconus
1186 1811 1222 1867 de
1234 1812 1350 1867 Bexbun
1368 1817 1396 1868 et
1413 1811 1511 1878 Maltk,
1530 1814 1647 1870 villicus

397 1900 434 1956 de
452 1899 617 1956 Obucheria.
636 1899 692 1968 Qui
710 1900 819 1956 termini
837 1900 973 1972 incipiunt
988 1900 1017 1954 in
1036 1901 1126 1971 eapite
1143 1899 1219 1954 fluvii
1237 1898 1330 1954 (laena
1353 1900 1402 1970 qui
1425 1905 1469 1956 eet
1490 1917 1542 1971 pro
1565 1907 1648 1958 meta

398 1989 478 2044 iuxta
495 1987 569 2044 riam
588 2003 720 2059 magnam
749 2003 821 2058 quae
844 1987 922 2043 ducit
945 2003 1040 2042 versus
1058 1985 1255 2043 Worosdinum
1284 1992 1312 2042 et
1336 2002 1450 2042 currens
1476 2003 1525 2058 per
1551 1987 1650 2059 ipaam

399 2076 473 2131 riam
490 2090 588 2130 versus
612 2075 837 2146 septemtrionem
864 2080 975 2146 separat
996 2080 1096 2130 terram
1122 2074 1335 2130 Oruciierorum.
1362 2073 1416 2128 Per
1439 2073 1529 2130 variae
1552 2081 1648 2132 metas

398 2163 530 2218 arboreas
550 2169 577 2217 et
594 2167 699 2218 terrem
717 2179 750 2220 ao
769 2179 818 2235 pcr
837 2164 923 2220 vallea
942 2169 969 2220 et
986 2167 1095 2220 montes
1118 2159 1293 2234 procedendo
1317 2161 1442 2233 pervenit
1465 2159 1501 2218 ad
1524 2161 1647 2220 flurium

399 2249 517 2306 Zekeria
535 2253 564 2304 et
580 2249 704 2320 regirans
722 2251 750 2304 in
770 2250 941 2308 occidentem
966 2267 1016 2322 per
1038 2265 1173 2320 magnum
1195 2249 1320 2320 spacium
1342 2253 1527 2304 commetatur
1552 2255 1648 2308 terrae

398 2337 507 2394 comitis
523 2336 626 2394 Jacobi
643 2337 735 2392 iratis
761 2336 876 2392 Iwanka
899 2338 977 2392 etin
1004 2351 1107 2408 magno
1133 2337 1229 2408 spacio
1255 2341 1344 2391 terrae
1370 2336 1479 2392 comitia
1505 2336 1646 2424 liadialai²

395 2425 495 2482 deinde
512 2425 549 2480 ad
567 2425 681 2480 fluvium
699 2424 814 2496 Symog
831 2427 879 2496 qui
898 2425 1050 2497 procedens
1073 2440 1123 2494 per
1146 2423 1245 2478 silvam
1262 2439 1359 2480 versus
1382 2423 1524 2480 meridiem
1542 2423 1647 2482 dividit

396 2521 500 2570 terram
519 2511 644 2570 Rudialai
668 2513 786 2582 comitis,
805 2519 833 2570 et
850 2511 1028 2584 pervenitad
1047 2517 1148 2567 terram
1170 2511 1322 2567 Alexandri
1346 2511 1395 2567 filii
1416 2511 1492 2568 Petri
1514 2511 1563 2568 ubi
1588 2519 1645 2570 ter-

396 2601 526 2656 minetur.

452 2687 580 2744 Ticalditr
598 2689 674 2745 Moe.
691 2688 755 2745 bist.
778 2690 805 2742 Τ.
823 2689 848 2745 1.
862 2705 892 2758 p.
905 2693 964 2744 193.

449 2827 623 2884 mconvn.
645 2832 725 2885 1278.
751 2829 912 2902 Capitulum
938 2829 1070 2886 ecelesiae
1093 2827 1211 2900 Zagrab.
1236 2828 1368 2898 notificat,
1392 2827 1468 2899 quod
1491 2827 1640 2885 Jobannes

397 2917 470 2972 lilius
489 2917 610 2986 Iwanch‚
628 2915 735 2974 Gelcan
753 2917 826 2972 filius
845 2917 928 2985 Petri,
947 2917 1113 2988 Drugielaus
1138 2917 1211 2972 filius
1229 2917 1350 2985 Zibislai‚
1370 2915 1536 2972 Wratirlaue
1565 2917 1642 2974 iilius

396 3005 539 3076 Wulkoyn
557 3003 593 3060 de
611 3005 789 3075 generatione
807 3005 890 3062 Surio
908 3005 1029 3061 confessi
1045 3013 1110 3060 eunt
1122 3021 1152 3060 se
1164 3005 1320 3061 vendidisse
1339 3006 1545 3076 possessionem
1558 3022 1643 3062 suam

399 3093 514 3160 Semov,
533 3092 665 3148 Matbaeo
678 3091 772 3148 abbati
791 3099 819 3149 et
836 3093 983 3150 conventui
1000 3092 1036 3150 de
1053 3093 1168 3165 Toplica
1187 3110 1238 3165 pro
1255 3093 1367 3168 triginta
1385 3097 1413 3148 et
1430 3091 1518 3148 tribue
1537 3097 1642 3151 marcis

398 3181 575 3238 denariorum
586 3179 829 3252 Zagrabiensium5
844 3181 961 3252 siugulis
979 3198 1042 3238 cum
1058 3181 1181 3252 quinque
1194 3181 1286 3252 pensis
1299 3181 1425 3253 receptis.
1439 3181 1532 3238 Metae
1544 3187 1643 3238 autem
1718 3213 1719 3254 p

397 3286 447 3342 per
473 3269 637 3340 magistrum
655 3268 834 3324 Manfredum
851 3269 1076 3325 archidiaconum
1099 3268 1135 3324 de
1159 3268 1286 3324 Guerche
1304 3265 1450 3324 distinctae
1470 3267 1539 3325 haec
1557 3277 1642 3326 sunt:
1718 3257 1719 3294 l

397 3358 490 3414 Prima
508 3356 605 3427 incipit
624 3356 652 3410 in
671 3356 733 3412 loco
752 3356 800 3412 ubi
819 3355 911 3413 Sumo
923 3357 999 3414 cadit
1010 3358 1038 3414 in
1050 3357 1165 3414 fluvium
1179 3355 1326 3424 Gradiehe‚
1338 3355 1439 3412 deiude
1456 3373 1505 3428 per
1522 3357 1641 3426 longum
1718 3365 1719 3450 l

399 3445 525 3518 spacium
543 3443 579 3499 ad
597 3443 689 3501 locum
708 3443 758 3498 ubi
776 3444 883 3502 rivulus
901 3445 1092 3516 Ogrageniebe
1109 3443 1184 3500 cadit
1200 3444 1228 3498 in
1247 3443 1419 3515 praedictum
1436 3443 1550 3499 fluvium
1569 3445 1642 3502 Gra·
1718 3479 1719 3500 .

399 3532 488 3602 dicha,
506 3530 571 3588 inde
590 3532 773 3604 perlongum
792 3533 915 3602 epatium
933 3533 1004 3587 inter
1022 3533 1129 3588 montes
1149 3549 1197 3604 per
1215 3529 1320 3586 dictum
1338 3531 1459 3587 rivulum
1478 3529 1513 3586 ad
1532 3531 1642 3588 iontem

398 3620 447 3692 qui
465 3624 508 3676 eet
525 3625 611 3692 caput
632 3618 764 3675 eiusdem.
783 3618 932 3674 Transiene
951 3619 1048 3674 silvam
1068 3617 1179 3673 Lumno
1203 3617 1292 3673 tendit
1315 3617 1350 3674 ad
1376 3617 1495 3673 rivulum
1519 3618 1642 3692 Lumno,

398 3712 427 3764 et
444 3705 597 3764 ascendens
615 3721 710 3761 versus
729 3705 954 3778 septemtrionem
972 3705 1009 3760 ad
1028 3705 1100 3760 viam
1120 3704 1261 3776 publicam
1280 3709 1392 3777 separat
1404 3711 1490 3760 terras
1503 3705 1642 3762 nobilium

397 3793 433 3852 de
451 3793 548 3866 Blyna
567 3791 697 3850 Tendens
715 3792 751 3848 ad
769 3792 951 3848 monticulum
974 3792 1086 3864 Kynnk,
1112 3793 1255 3849 descendit
1277 3791 1314 3848 ad
1337 3798 1423 3864 caput
1446 3793 1528 3850 rivuli
1551 3795 1641 3853 Zemo

396 3887 427 3940 et
444 3897 494 3954 per
511 3881 628 3952 longum
646 3882 767 3954 spatium
785 3881 910 3954 pervenit
928 3880 963 3936 ad
982 3881 1099 3954 primam
1116 3887 1227 3937 metam.

452 3968 580 4027 emme:
599 3969 677 4026 Mors.
695 3969 758 4026 bist.
780 3972 809 4026 Τ.
827 3973 849 4025 Ι.
864 3973 972 4040 p.198.

450 4127 642 4186 Mccnvm.
660 4131 739 4186 12⁷9.
759 4132 782 4182 5.
802 4129 959 4184 Februarii.
980 4127 1141 4200 Capitulum
1164 4127 1342 4184 Ohasmenais
1365 4129 1498 4186 ecclesiae
1521 4129 1639 4198 intimat,

399 4218 475 4291 quod
493 4235 589 4275 comes
607 4217 767 4290 Stephanus
786 4217 863 4276 illine
879 4217 970 4286 Belus,
990 4217 1049 4273 vice
1073 4221 1101 4272 et
1124 4216 1235 4272 nomine
1260 4217 1343 4271 Helue
1366 4215 1415 4271 filii
1438 4217 1522 4272 Belus
1545 4215 1641 4273 iratris

399 4307 442 4364 sni
460 4323 477 4362 a
496 4309 574 4377 parte
592 4322 656 4370 una,
675 4309 703 4360 et
720 4321 813 4361 comes
831 4305 932 4362 Mohor
950 4304 988 4360 ab
1006 4305 1093 4360 altera
1110 4305 1146 4361 ad
1164 4321 1261 4360 eorum
1274 4305 1459 4376 praesentiam
1474 4303 1639 4362 accedentes

398 4393 589 4451 exhibuissent
605 4393 711 4448 litteras
738 4391 848 4449 Nicolai
872 4392 937 4448 bani
963 4393 1049 4449 totius
1077 4391 1225 4450 Slavouiae
1252 4391 1280 4446 in
1307 4392 1410 4464 quibus
1437 4391 1638 4464 exponebatur,
1717 4417 1719 4490 Ι

398 4479 473 4554 quod
492 4479 583 4537 dictus
601 4479 686 4536 Belus
703 4479 777 4536 filins
801 4479 894 4548 Belus,
912 4481 1018 4536 ratione
1039 4480 1112 4538 dotis
1136 4495 1270 4536 novercae
1293 4495 1360 4535 suae
1384 4479 1457 4537 filiae
1476 4481 1539 4552 Apa
1562 4480 1639 4550 bani,

398 4569 501 4625 sororia
519 4567 608 4641 ipsius
626 4567 736 4625 comitis
749 4568 858 4635 Mobor,
875 4585 958 4640 quem
976 4568 1050 4624 idem
1063 4585 1097 4624 ex
1110 4569 1290 4640 permissione
1308 4567 1397 4641 ipsius
1407 4567 1537 4624 dominae
1552 4584 1639 4640 supra

399 4655 505 4712 dictum
523 4653 611 4712 Belus
629 4654 787 4726 requirebat
804 4661 836 4710 ut
854 4656 879 4711 ei
897 4655 975 4711 daret
993 4661 1021 4712 et
1039 4655 1157 4713 solveret
1174 4655 1271 4727 viginti
1288 4672 1403 4724 marcae,
1422 4671 1455 4712 ac
1471 4655 1507 4712 de
1524 4654 1637 4712 duobus

400 4742 551 4802 monilibus
569 4747 721 4816 praestaret
735 4743 932 4815 juramentum.
955 4743 1009 4813 Qui
1029 4743 1140 4816 quidem
1159 4743 1261 4800 Mobor
1278 4743 1343 4800 licet
1361 4749 1529 4816 protestatus
1552 4741 1637 4803 tilerit
