3376 5350
645 459 792 504 mosera.
1277 451 1342 516 403

98 659 132 698 ex
150 659 206 698 una
219 633 310 714 'parte
328 648 357 696 et
373 639 526 696 Palmarius
544 645 667 711 potestas
687 639 721 694 de
740 641 882 696 voluntate
900 639 1036 710 generalis
1052 638 1159 713 consilii
1179 641 1244 696 dicti
1267 659 1341 698 com-

98 731 189 786 munis
209 746 244 784 ex
262 728 348 784 altera
365 743 450 799 super
467 727 581 782 decimis
600 723 699 782 dandis
722 736 855 784 venerunt
877 727 913 782 ad
938 727 1114 782 concordiam
1140 743 1203 783 eum
1232 729 1338 800 specifi-

98 819 207 872 catione
223 816 378 872 dandarum
398 815 574 872 decimarum.
591 817 721 872 Testibns
740 816 829 870 Desea
844 815 879 870 de
894 815 1047 882 Amblasio,
1064 813 1186 886 Georgio
1205 815 1240 870 de
1258 814 1343 886 Gega,

97 904 203 960 Thema
226 903 369 972 Janicbaa
393 901 507 958 Matheo
532 903 568 958 de
593 903 707 970 Pascha,
727 902 870 962 Amblasio
895 902 1009 970 Dessae,
1034 901 1169 972 Gregorio
1189 903 1340 958 Gualimer'i

98 999 126 1048 et
143 993 234 1048 Decea
252 992 348 1046 Duimi
368 991 402 1046 de
421 990 541 1046 Moesica
559 992 755 1046 examinatore.
774 991 865 1045 Dassa
882 990 987 1060 Duymi
1006 991 1177 1044 examinator
1197 991 1343 1044 consocius

97 1081 273 1136 examinavit
290 1079 415 1136 Jacobus
434 1077 469 1133 de
487 1077 582 1133 Firmo
600 1080 725 1134 nemrius
742 1079 861 1148 scripsit

150 1168 274 1220 Laea'm:
292 1168 374 1221 Mera.
395 1165 426 1220 di
447 1167 530 1232 Troo,
546 1183 576 1235 p.
597 1170 656 1221 138.

126 1294 131 1308 ’
153 1307 365 1363 MGGGXGIV.
385 1309 461 1392 1285.
480 1307 630 1362 Redizlaus
649 1323 742 1362 comes
761 1307 795 1362 de
814 1307 908 1372 Giaas,
927 1263 1021 1364 ¹ilrbaz
1044 1313 1071 1362 et
1096 1307 1172 1362 Zaua
1196 1292 1342 1378 significat,
1431 1271 1436 1282 ι

100 1397 176 1467 quod
195 1413 257 1452 oum
276 1395 368 1451 insuia
385 1396 508 1468 Tympor
526 1395 579 1453 sita
597 1396 676 1450 iuxta
687 1395 803 1450 fluvium
816 1395 896 1462 Wen,
910 1403 974 1466 post
995 1396 1101 1450 obitum
1113 1395 1200 1465 ipsius
1212 1395 1349 1474 Tympor,

98 1483 191 1538 fratris
209 1485 328 1560 comitis,
346 1483 481 1554 Dyonisio
498 1483 571 1538 bano
589 1483 678 1538 bonae
697 1485 845 1538 memoriae
858 1489 886 1537 et
899 1482 923 1537 ei
936 1482 1122 1538 mediantibus
1140 1483 1239 1537 litteris
1258 1483 1341 1551 regiis
1428 1525 1431 1538 .

71 1633 75 1640 ⁴
99 1573 285 1639 remansisset,
312 1573 422 1628 nemine
446 1571 480 1624 de
505 1571 644 1626 nobilibus
676 1571 753 1641 regni
781 1570 926 1626 Slavoniae
951 1570 1165 1637 contradicente,
1190 1569 1273 1624 irater
1296 1570 1343 1624 Ja-

100 1659 188 1718 cobus
207 1659 293 1712 abbas
312 1665 340 1714 et
359 1663 511 1712 conventus
529 1657 662 1713 ecelesiae
684 1658 855 1729 Toplicensis
880 1659 987 1713 litteras
1010 1658 1194 1728 privilegiatos
1219 1657 1245 1711 d.
1271 1659 1343 1727 regis

98 1762 183 1816 super
201 1745 298 1800 eadem
318 1753 389 1800 terra
407 1745 549 1801 consectas
568 1753 790 1816 praesentarunt,
808 1761 924 1816 quarum
943 1752 1038 1800 tenore
1056 1744 1198 1799 intellecto
1225 1747 1345 1800 restituit

98 1833 216 1887 eandem
235 1833 368 1888 eeclesiae
386 1833 551 1903 Toplicensi.

155 1921 282 1975 ΤΙιαῑόίόε
301 1921 379 1974 More.
399 1921 476 1974 Hiar.
499 1921 527 1974 Τ.
546 1921 569 1974 I.
589 1937 616 1988 p.
633 1923 694 1974 218.

154 2060 350 2116 MGGGXGV.
370 2061 517 2131 Tragurii.
537 2063 614 2112 1:186.
631 2063 675 2114 28.
694 2059 854 2114 Februarii.
868 2051 1052 2130 Temporibus
1065 2059 1187 2114 Ladislai
1200 2060 1250 2116 IV.
1263 2063 1343 2132 regis,

101 2150 137 2202 G.
156 2149 348 2218 Tragurieusis
367 2149 498 2219 episcopi,
518 2145 630 2218 Georgii
649 2147 841 2216 Traguriensia
859 2147 968 2201 comitis
993 2151 1021 2200 et
1043 2147 1180 2200 nobilium
1209 2149 1343 2202 virorum:

99 2238 207 2290 Dessae
226 2237 369 2303 Ambiasii,
389 2237 493 2304 Duymi
513 2235 666 2290 Domichae
685 2241 712 2289 et
730 2234 852 2289 Mathaei
875 2233 968 2288 Lucae
989 2233 1103 2304 Tragos.
1126 2233 1261 2304 judicum,
1281 2253 1344 2290 cum

101 2325 174 2378 inter
192 2331 299 2378 caetera
317 2328 534 2392 statutapateat
552 2339 612 2378 esse
629 2327 777 2376 statutum:
797 2322 871 2392 quod
890 2321 984 2374 nullus
1003 2338 1037 2375 ex
1056 2323 1161 2376 civibus
1180 2323 1345 2394 Tragurien·

101 2411 179 2464 sibus
197 2410 299 2464 audeat
317 2411 352 2464 ab
375 2410 470 2484 aliquo
494 2415 626 2464 extraneo
650 2409 707 2464 sive
730 2408 831 2464 forensi
850 2409 946 2478 aliqua
973 2409 1049 2462 bona
1071 2410 1128 2464 sive
1157 2411 1345 2480 possessiones
1404 2463 1407 2474 ,

102 2497 302 2552 emererelin
322 2498 458 2550 cambium
478 2497 582 2550 sivein
602 2497 715 2562 donum,
735 2497 776 2549 vel
796 2496 890 2566 aliquo
909 2495 991 2550 modo
1019 2493 1158 2568 suscipere
1185 2497 1291 2567 aliquid
1311 2499 1345 2552 de

100 2585 182 2640 bonis
201 2589 228 2640 et
246 2585 469 2655 possessionibus
487 2585 574 2654 ipsius
593 2583 715 2638 extranei
736 2584 778 2638 rel
800 2583 915 2636 lorensis
934 2584 980 2652 qni
1000 2590 1093 2637 essent
1110 2585 1140 2638 in
1158 2584 1267 2639 civitate
1280 2585 1345 2639 Tra·

99 2673 222 2741 gurieusi
242 2671 284 2726 sel
304 2671 364 2740 ejus
382 2669 516 2738 districtu,
536 2671 611 2740 quod
627 2671 683 2739 juri
703 2687 853 2724 consonum
872 2686 929 2723 non
947 2686 1007 2724 esse
1025 2670 1135 2724 videtur
1147 2677 1175 2726 et
1188 2673 1344 2741 sapientum

102 2759 140 2812 sit
151 2760 187 2812 in
206 2758 304 2814 melius
318 2773 445 2814 revocare
463 2757 584 2812 consilia.
610 2757 734 2826 Ideoque
755 2757 865 2826 judices
889 2764 917 2810 et
941 2765 1030 2812 totum
1058 2758 1202 2812 consilium
1228 2759 1346 2813 civitatis

102 2845 270 2899 unanimiter
289 2845 426 2900 dederunt
447 2845 576 2900 omnibus
600 2845 705 2897 civibus
731 2845 849 2897 civitatis
877 2843 991 2914 Spoleti,
1015 2846 1062 2914 qui
1089 2846 1162 2898 bona
1184 2844 1278 2914 aliqua
1302 2848 1344 2900 vel

103 2933 292 3002 possessiones
310 2931 414 2986 habeut
431 2933 460 2986 iu
479 2931 589 2986 civitate
608 2931 651 2984 uel
669 2931 697 2984 in
717 2929 843 2984 districta
866 2931 976 3000 plenam
1003 2935 1167 3000 potestatem
1188 2933 1250 3002 ipsa
1273 2933 1346 2988 bona

101 3021 258 3090 cuicunque
282 3020 419 3074 voluerint
436 3017 581 3086 vendendi,
607 3017 737 3084 donandi,
756 3017 928 3088 pignorandi,
948 3018 1090 3086 obligandi
1115 3019 1346 3090 etpermutandi'.

102 3106 210 3160 Eodem
223 3107 306 3168 modo
324 3107 461 3162 dederunt
473 3113 501 3162 et
515 3107 572 3160 suis
592 3105 697 3159 civibus
709 3105 791 3176 Trag.
804 3106 915 3176 plenam
931 3105 1069 3172 licentiam
1089 3107 1162 3160 bona
1174 3123 1190 3160 a
1203 3107 1348 3177 Spatalen.

102 3195 180 3248 sibus
195 3194 312 3261 emendi,
324 3195 500 3264 permutandi
513 3200 565 3248 etc.
578 3195 682 3248 Actum
695 3194 723 3246 in
736 3209 845 3247 camera
862 3195 1037 3264 presentibus
1054 3193 1071 3248 J
1074 3193 1209 3262 ohanicha
1228 3195 1346 3262 Caeseti,
1408 3251 1414 3260 ,

103 3282 181 3334 Luca
192 3279 313 3336 Mathaei
324 3288 352 3335 et
361 3281 428 3336 aliis.
439 3281 528 3334 Dassa
538 3281 642 3350 Duprni
652 3281 845 3335 examinatore.
853 3279 1013 3336 Senatorius
1022 3281 1102 3352 Trag.
1114 3281 1219 3351 juratus
1229 3284 1346 3354 scripsit

157 3367 275 3438 Ljabr'c':
293 3370 372 3424 Mors.
391 3370 416 3422 Ι.
430 3385 460 3437 p.
479 3371 538 3424 143.

158 3507 369 3564 Mccoxcvl.
389 3509 536 3582 Tragurii.
555 3509 804 3563 saccellarii.
825 3509 922 3564 Frater
940 3509 1091 3580 Gregorius
1110 3513 1257 3582 episcopus
1280 3513 1345 3568 Tra-

101 3597 246 3667 guriensia,
266 3613 329 3650 cum
348 3595 382 3650 de
400 3597 545 3652 voluntate
564 3597 589 3650 d.
609 3595 733 3651 Gervaaii
747 3595 933 3651 archidiaconi
953 3604 981 3651 et
1000 3599 1195 3653 canonicorum
1218 3601 1340 3654 omnium

101 3683 206 3739 ibidem
224 3687 393 3754 presentium
411 3685 439 3738 in
459 3701 510 3738 eno
528 3685 631 3754 palatio
649 3685 760 3755 nogotia
777 3690 915 3752 tractaret,
928 3686 963 3739 ab
977 3685 1081 3740 eisdem
1094 3687 1233 3740 canonicis
1248 3687 1344 3758 petitio

102 3779 146 3826 est
164 3773 188 3824 ei
213 3779 346 3842 porrecta,
369 3777 401 3825 ut
425 3772 530 3826 seilicet
554 3771 696 3842 illegitime
722 3777 803 3825 natus
831 3779 859 3826 et
883 3771 1054 3827 condicionis
1067 3763 1179 3828 'servitis
1201 3791 1350 3844 uunquam⁴

100 3860 292 3914 admitteretur
310 3861 338 3913 in
357 3859 497 3927 clericum,
516 3859 740 3929 cniuspetitioni
759 3861 856 3914 annuit
869 3862 1015 3930 episcopus
1028 3867 1059 3914 ut
1073 3861 1192 3932 dignitas
1211 3863 1344 3917 ecelesiae

104 3955 289 4016 conservetur,
309 3955 337 4002 et
355 3947 435 4002 ovilis
454 3947 584 4002 dominici
603 3963 669 4018 eger
687 3949 715 4001 in
734 3948 854 4018 amplam
881 3954 1003 4019 segetem
1028 3948 1174 4018 pulularet.
1199 3949 1347 4018 Dompnua

102 4034 261 4104 Stephanos
280 4036 427 4089 canonicus
446 4034 480 4089 de
499 4034 629 4090 mandato
649 4037 731 4105 episc.
751 4036 867 4106 scripsit,
888 4035 1038 4090 Gervasius
1053 4035 1264 4091 archidiaconus
1283 4053 1346 4090 con·

101 4123 200 4187 sentit,
225 4123 360 4176 Gesoctos
385 4122 556 4192 primicerius
579 4123 723 4190 consentit,
749 4122 873 4177 Marinus
892 4123 1049 4188 canonieus,
1074 4121 1179 4176 Michat
1202 4124 1345 4192 presbiter,

101 4209 230 4262 Kolenda
240 4211 259 4278 †
269 4209 410 4277 diaconas,
424 4209 575 4280 Bogdanus
587 4213 607 4280 †
619 4211 777 4276 canonicus,
788 4209 922 4264 diaconus
933 4209 1052 4264 Michael
1064 4211 1220 4276 canonicus,
1233 4211 1346 4280 Dragus
1414 4269 1415 4272 ,

102 4313 162 4350 cau.
182 4299 209 4366 †,
228 4297 382 4352 Kasareaza
399 4315 458 4352 cau.
477 4301 497 4369 †
519 4298 608 4351 aliena
632 4306 715 4351 manu
740 4299 917 4368 scripserunt.
941 4297 1050 4352 Natalis
1078 4297 1227 4351 canonicus
1255 4301 1274 4367 †
1300 4315 1347 4351 ne·

100 4379 192 4438 sciens
211 4385 330 4439 scribere
348 4401 430 4439 manu
451 4384 585 4456 Stephani
605 4401 663 4439 can.
678 4385 794 4454 scripsit.
808 4383 913 4440 Omnes
925 4391 1018 4439 autem
1032 4390 1240 4440 consenserunt.

152 4473 379 4546 LarciumMem.
399 4473 429 4525 de'
451 4474 535 4526 Trou.
556 4475 613 4524 139.

155 4611 381 4668 MGGGXGVII.
399 4615 510 4670 Budas.
529 4616 605 4668 1296.
626 4615 666 4667 16.
685 4613 768 4668 alati.
789 4613 935 4667 Ladislaos
954 4613 1004 4667 IV.
1023 4630 1071 4668 rex
1097 4614 1243 4683 siguificat,
1268 4613 1345 4682 quod

102 4701 249 4756 Radislaus
262 4711 290 4756 et
310 4701 466 4770 Stephanus
484 4701 569 4754 irater
588 4701 719 4766 eiusdem,
738 4703 822 4758 tacita
840 4701 963 4766 veritate,
987 4718 1042 4756 non
1069 4718 1103 4756 ex
1129 4717 1265 4756 consensu
1295 4717 1345 4755 nec

101 4805 137 4842 ex
158 4789 333 4852 conniventia
352 4790 433 4858 regie,
452 4788 557 4842 litteras
576 4789 635 4844 eiua
653 4788 838 4860 privilegiales
857 4790 1024 4858 recepissent
1043 4805 1127 4860 super
1140 4807 1181 4858 eo,
1194 4790 1270 4860 quod
1288 4807 1346 4844 me·
