3464 5382
654 406 798 452 amnena.
981 411 984 416 ²
1281 339 1357 454 121³

101 565 175 638 legia
192 568 237 624 ari
255 569 316 625 eius
335 567 417 626 belae
443 569 491 626 ΠΙ
518 576 546 626 et
573 573 658 644 patris
676 569 805 628 Andreae
822 571 854 626 11
871 571 911 626 eie
929 586 1062 628 consessa
1078 573 1261 642 confirmaret,
1279 591 1344 631 oon·

102 654 235 724 siderans,
254 655 329 728 quod
349 674 412 714 cum
429 663 554 730 tempore
577 659 750 716 necessitatis
776 657 854 714 illum
872 659 1027 730 persecutio
1044 659 1199 732 impelleret
1216 661 1343 719 Tartaro-

101 759 164 796 rum
183 748 211 798 ct
227 743 353 815 ipsorum
379 746 512 802 comitum
538 761 595 802 nou
623 745 732 802 modico
750 744 885 816 indigeret
903 747 1021 814 servitio,
1042 747 1183 804 roboravit
1200 750 1240 805 ais
1258 767 1344 806 anno·

100 835 175 886 tatas
192 831 378 902 privilegiales
396 832 508 900 litteras,
527 833 566 888 ita
583 838 685 900 tamen,
704 833 780 904 quod
799 834 936 890 securiore
947 839 1072 906 tempore
1090 834 1126 890 ad
1145 836 1344 893 exhibitionem

100 917 278 987 originalium
296 917 429 989 praedicti
447 919 497 974 filii
514 919 652 976 (luidonis
670 922 778 978 comitis
796 925 950 990 teneantur,
968 927 1000 977 ut
1012 937 1085 978 nova
1103 922 1139 978 de
1157 925 1257 980 veteris
1274 925 1345 981 acci·

101 1005 182 1076 piant
199 1005 365 1074 firmitatem,
384 1006 548 1078 adjiciendo,
573 1009 648 1078 quod
676 1007 765 1066 eidem
783 1009 852 1080 ipsis
870 1025 901 1065 se
918 1007 1106 1080 obligantibus
1124 1027 1189 1066 oum
1206 1028 1254 1067 rex
1272 1013 1344 1068 circa

100 1093 241 1147 mentima
258 1094 370 1160 renent,
400 1092 489 1150 donec
515 1109 621 1150 moram
639 1095 678 1150 ibi
701 1095 804 1163 feeerit,
823 1113 887 1152 cum
904 1095 1014 1152 duabus
1032 1097 1159 1170 navibus,
1177 1115 1232 1170 que
1249 1100 1344 1170 vulga·

99 1180 168 1234 riter
185 1180 259 1250 galia
276 1185 304 1236 st
321 1197 419 1251 seyeca
436 1187 576 1248 vocantur,
594 1187 742 1238 teneantur
759 1182 912 1250 deservire;
932 1182 980 1238 sed
994 1189 1142 1256 postquam
1153 1185 1190 1242 de
1201 1187 1345 1242 maritimis

100 1269 252 1334 recesserit,
281 1267 420 1339 prioribus
447 1268 644 1339 obligabantur
662 1269 877 1340 conditionibus,
899 1287 954 1341 que
971 1271 999 1325 in
1017 1273 1175 1328 memoratis
1195 1273 1344 1344 privilegiis

99 1355 285 1410 continentur.
303 1355 450 1412 Praeterea
473 1357 624 1425 constitut,
643 1357 747 1414 eisdem
773 1357 1018 1426 assummentibus,
1036 1358 1112 1429 quod
1130 1361 1237 1416 ratione
1254 1367 1345 1417 terrae

100 1443 246 1498 existentis
276 1443 347 1498 infra
373 1442 507 1500 ducatum
533 1443 688 1513 Slarouiee,
717 1461 789 1516 quac
816 1444 956 1516 Wynodol
982 1451 1105 1514 vocatur,
1132 1463 1217 1518 quam
1238 1449 1292 1519 ipsi
1310 1465 1346 1504 ex

99 1529 252 1586 donatione
271 1531 357 1602 patrie
376 1531 436 1602 ejus
456 1531 596 1602 possidere
613 1531 802 1596 dinoscuntur,
820 1547 885 1588 eum
902 1531 991 1588 tribua
1009 1533 1142 1588 militibus
1160 1536 1273 1590 mmatie
1284 1536 1343 1606 regi

99 1618 205 1674 servire
230 1616 405 1686 tenebuntur,
424 1617 499 1690 quod
525 1619 617 1674 minua
641 1619 711 1674 bene
734 1619 903 1691 explicatum
921 1619 1012 1676 fuerat
1039 1622 1068 1676 in
1087 1621 1229 1693 privilegio
1249 1625 1344 1694 patris,

100 1711 183 1760 extra
200 1722 317 1775 reguum
334 1711 436 1770 autem,
461 1723 524 1760 curn
542 1707 678 1762 exercitus
701 1707 838 1763 croaticus
856 1706 939 1762 fuerit
956 1714 1132 1776 convocatus,
1150 1727 1215 1766 cum
1232 1707 1345 1766 duobus

98 1799 212 1848 tantum
238 1792 371 1848 militibus
398 1792 563 1862 deserviant,
590 1793 639 1848 aad
670 1795 740 1849 inter
765 1794 843 1864 regni
860 1794 960 1850 limites
978 1811 1043 1851 cum
1059 1795 1148 1852 tribus
1169 1795 1346 1854 decantaret

98 1882 218 1937 honeste
235 1882 357 1936 armatis.

155 1989 191 2040 Ia
209 1991 383 2056 mommpto
403 1986 497 2042 Oorolt
515 1985 619 2056 lrcqa'a
646 1986 679 2040 de
697 2001 723 2040 o.
742 1989 812 2039 1323
829 1987 861 2041 ia
879 1987 950 2042 actia
968 1988 1005 2044 N.
1023 1987 1058 2044 R.
1077 1991 1157 2044 Fece.
1176 1993 1229 2044 eto
1247 1990 1284 2045 N.
1303 1993 1338 2044 34

98 2088 136 2128 cu:
154 2071 267 2128 orclu'oe
285 2073 364 2143 requi
384 2073 514 2129 stantiae
530 2074 675 2130 Paetinam
692 2073 854 2142 deportatis.
872 2075 897 2129 1.
920 2075 1098 2142 Kabuly'cuid:
1119 2077 1216 2132 Borbc
1230 2079 1342 2133 Hecate

98 2177 113 2215 s
132 2160 269 2230 Neapoli.
287 2162 319 2214 Ρ.
340 2165 378 2214 71.

156 2317 338 2374 cccoxm.
357 2319 495 2390 l'raqurii
515 2322 554 2374 18.
573 2319 673 2374 Martii
690 2323 768 2376 1242.
786 2319 855 2374 Bela
872 2317 914 2374 IV
926 2335 975 2374 rex
989 2319 1127 2391 impulsae
1139 2321 1231 2378 venire
1249 2321 1345 2376 arduis

98 2406 272 2476 quibusdam
288 2408 407 2477 negotiis
434 2406 471 2462 ad
488 2413 581 2478 partes
599 2407 749 2462 maritimas
767 2412 943 2478 uacmtmus,
966 2423 1038 2478 quae
1055 2425 1157 2464 causae
1174 2408 1295 2480 qualitas
1313 2413 1342 2464 et

98 2493 226 2551 conditio
245 2495 377 2566 temporis
400 2493 565 2564 requirebat,
593 2512 656 2550 cum
681 2493 718 2550 ad
746 2495 886 2551 civitatem
903 2495 1069 2566 Tragurium
1086 2497 1250 2568 appulisset,
1268 2501 1346 2567 pater

99 2583 269 2652 Tregnuuus
287 2583 436 2654 epiecopus
455 2581 580 2652 ejusdem
597 2583 651 2638 loci
669 2599 733 2638 cum
750 2581 825 2638 clero
842 2599 895 2638 neo
912 2599 969 2638 uon
984 2582 1092 2640 Chorus
1104 2582 1244 2640 Garbonie
1256 2588 1346 2640 rector

99 2675 130 2725 et
148 2669 234 2726 iudex
251 2675 280 2726 et
297 2669 417 2726 universi
435 2669 517 2736 cirea
536 2675 700 2724 occurerunt
717 2670 742 2724 ei
760 2669 884 2724 hilariter
902 2675 930 2726 et
943 2669 1068 2738 jucunde
1085 2687 1149 2726 cum
1167 2671 1242 2728 omni
1260 2688 1345 2743 appa·

99 2761 167 2812 ratu
185 2754 276 2811 laudis
294 2761 323 2810 et
340 2755 531 2828 solemnitatis,
555 2759 583 2810 et
604 2753 764 2812 obtulerunt
787 2757 881 2812 omnia
905 2773 952 2813 ors
980 2763 1008 2814 et
1029 2774 1122 2830 opere,
1140 2774 1195 2827 qus
1211 2757 1346 2814 honorem

99 2843 179 2914 regis
197 2841 340 2910 decebant,
359 2843 407 2913 qui
425 2843 509 2898 etiam
523 2859 588 2898 eum
605 2847 664 2896 tam
680 2842 830 2898 honorifice
849 2850 1010 2915 susceptum
1027 2845 1056 2900 in
1075 2845 1133 2899 auis
1144 2844 1345 2900 munitionibus

99 2929 188 2985 simul
206 2947 269 2986 cum
287 2931 346 2986 suis
364 2929 499 3002 pluribus,
526 2931 575 3000 qui
603 2929 637 2985 da
655 2946 740 3000 regno
758 2930 922 3000 Huugariae
945 2936 973 2986 et
991 2929 1139 2986 Slavoniae
1157 2947 1175 2986 a
1192 2931 1262 2988 facie
1279 2931 1346 2986 Tar·

97 3023 228 3074 tororum
245 3017 419 3088 aufugerant,
437 3016 542 3072 diutim
560 3016 714 3074 detinentes
732 3034 781 3074 eoa
799 3019 1045 3084 amministrarent,
1063 3016 1121 3087 regi
1138 3016 1225 3072 multa
1243 3023 1272 3072 et
1288 3035 1345 3074 non

98 3104 215 3162 modica
232 3103 393 3160 deliciarum
410 3121 521 3176 genera,
538 3107 578 3162 ita
596 3103 671 3176 quod
690 3105 746 3160 iam
762 3107 861 3162 merito
879 3123 935 3162 non
953 3105 1044 3160 solum
1062 3103 1159 3160 fideles
1177 3103 1226 3158 sed
1244 3103 1346 3160 fidelis·

98 3195 169 3250 aimi
186 3198 316 3265 poterant
343 3193 484 3264 appellari.
510 3193 572 3249 Rex
589 3194 675 3264 igitur
692 3192 858 3248 confirmans
880 3209 977 3248 eorum
993 3191 1133 3246 libertates
1155 3195 1183 3246 st
1200 3191 1344 3262 privilegia

96 3281 138 3336 ab
159 3279 382 3336 antecessoribus
408 3296 546 3348 concessa,
570 3280 648 3351 Jurat
674 3297 723 3352 per
749 3285 874 3336 sanctam
898 3295 1008 3334 crucem
1026 3284 1054 3333 st
1071 3283 1246 3334 sacrosancta
1264 3295 1346 3334 evan·

97 3369 187 3440 galia,
206 3384 261 3439 qne
280 3373 433 3438 sequuntur
456 3367 601 3437 diligenter
626 3366 788 3424 observare:
806 3365 933 3422 videlicet
950 3365 1058 3420 firmam
1075 3381 1181 3436 pacem,
1199 3369 1301 3420 etatum
1319 3371 1347 3422 et

96 3455 262 3510 libertatem
278 3455 418 3526 ipsorum
437 3455 599 3526 episcopum
617 3459 645 3510 et
661 3455 798 3520 comitem,
824 3469 907 3524 quem
925 3453 1016 3510 clerus
1034 3458 1063 3508 et
1079 3451 1202 3524 populus
1218 3450 1254 3508 de
1273 3467 1347 3508 com·

96 3543 183 3598 muni
201 3557 339 3598 consensu
357 3542 497 3613 elegerint,
526 3540 648 3597 studebit
666 3541 837 3608 confirmare,
857 3547 885 3595 et
902 3541 964 3610 lege
981 3541 1058 3611 iproa
1076 3539 1229 3610 antiquitus
1246 3539 1347 3594 consti-

95 3635 164 3685 tuta
183 3645 247 3685 eum
262 3627 357 3700 judice
376 3647 436 3699 suo,
452 3629 492 3685 uti
510 3629 651 3700 permittit,
670 3630 698 3683 iu
716 3629 792 3684 nullo
813 3626 1040 3684 consuetudinem
1058 3625 1224 3696 infringens3
1243 3625 1278 3682 de
1296 3627 1347 3680 tri-

97 3717 188 3784 butis,
207 3733 280 3787 quae
298 3717 333 3774 de
345 3717 544 3774 mercatoribus
557 3717 695 3773 extraneis
712 3717 741 3770 in
754 3715 891 3787 portubus
904 3720 932 3771 et
944 3715 1030 3786 portis
1041 3714 1161 3769 civitatis
1174 3714 1346 3784 proveniunt,

94 3805 177 3862 duae
196 3811 290 3876 partes
307 3806 366 3876 regi
383 3805 558 3876 recipiantur,
577 3805 659 3860 tertia
677 3821 742 3876 pers
760 3804 861 3870 comiti,
880 3809 908 3858 et
923 3803 1031 3858 decima
1048 3818 1113 3873 pare
1132 3801 1264 3872 episcopo
1283 3801 1348 3856 ciri·

95 3895 168 3950 tatis
188 3892 335 3963 colligatur
341 3911 348 3960 ;
366 3894 440 3949 cives
459 3893 496 3948 ab
514 3893 589 3949 omui
608 3892 752 3948 exactione
770 3889 865 3946 tributi
885 3889 965 3946 liberi
983 3890 1039 3944 siut
1056 3889 1167 3960 penitus
1185 3894 1214 3944 st
1230 3889 1347 3956 exemti;

94 4001 167 4039 cum
195 3998 245 4038 rex
272 3981 300 4036 in
327 3979 465 4036 civitatem
484 3997 534 4051 pro
558 3980 677 4052 negotiis
702 3979 780 4050 regni
797 3976 948 4034 monadis
967 3977 1010 4032 rel
1029 3993 1096 4031 casu
1114 3975 1239 4046 quolibet
1256 3992 1347 4032 acces·

95 4073 179 4140 serit,
207 4068 312 4126 nemini
339 4069 441 4124 civium
466 4069 508 4124 ris
535 4067 681 4124 domorum
707 4083 820 4122 suarum
848 4083 897 4138 por
914 4065 1075 4136 quempiam
1093 4064 1232 4131 inferatur,
1251 4062 1299 4120 sod
1317 4063 1346 4118 hi

95 4165 214 4215 tantum
233 4156 332 4214 domos
350 4173 446 4212 eorum
463 4157 573 4222 intrent,
591 4172 662 4226 quoa
681 4171 777 4210 eorum
796 4153 909 4210 dilectio
933 4152 1044 4210 duxerit
1071 4150 1270 4217 admittendoe;
1289 4151 1347 4221 regi

96 4249 190 4304 etiam
208 4250 259 4302 aut
284 4246 358 4302 bano
386 4243 452 4298 nibil
480 4261 497 4298 a
514 4243 620 4298 civibus
646 4242 758 4298 nomine
784 4241 881 4297 tributi
907 4245 957 4296 aut
978 4239 1064 4296 debiti
1082 4239 1254 4306 exsolvatur3
1273 4239 1347 4294 cives

94 4335 208 4394 nemini
226 4337 305 4389 extra
322 4347 417 4387 muros
435 4331 552 4386 civitatis
570 4330 598 4384 in
617 4330 711 4400 aliqua
728 4346 814 4386 cauea
831 4327 999 4400 respondere
1017 4333 1168 4390 tencantur,
1188 4324 1237 4382 sed
1250 4341 1347 4380 secun·

95 4425 171 4480 dnm
191 4419 421 4478 consuetudinem
439 4417 530 4474 solum
547 4434 641 4476 coram
658 4434 755 4474 eorum
772 4416 862 4474 iudice
880 4433 929 4473 eoa
944 4416 1097 4486 conveniat,
1110 4415 1269 4485 quicunque
1281 4429 1346 4468 cum

94 4512 171 4584 ipsis
192 4525 276 4580 agere
293 4508 424 4575 voluerit;
449 4505 559 4564 obsides
583 4504 620 4560 ab
644 4505 713 4577 ipsis
730 4522 779 4560 rex
797 4523 854 4560 non
871 4504 991 4574 recipiet,
1013 4502 1061 4558 sed
1079 4503 1108 4556 in
1126 4501 1203 4557 curia
1221 4517 1273 4558 sua
1290 4516 1349 4556 ser·

93 4602 158 4656 rire
178 4595 339 4654 volentibus
357 4593 526 4668 stipendium
541 4591 695 4664 impendet3
714 4592 738 4646 si
755 4592 855 4662 aliquia
872 4591 974 4646 civium
991 4589 1103 4660 negotia
1120 4593 1193 4644 tarra
1211 4605 1260 4644 seu
1279 4587 1348 4643 mari

94 4685 267 4752 exercuerit,
286 4683 395 4738 nullum
413 4681 552 4754 persolvet
570 4678 720 4752 pedagium
731 4678 896 4750 nullumque
913 4677 1060 4744 tributum
1079 4676 1103 4730 si
1121 4677 1183 4746 quis
1202 4680 1348 4803 aquosus
