3464 5382
711 455 857 499 anciram.
1346 445 1412 512 175

154 635 234 708 phori
254 636 289 690 ad
308 637 491 704 occidentem,
510 645 537 692 et
555 636 681 692 ascendit
699 636 735 692 ad
754 635 857 700 Berch;
876 635 941 688 inde
961 635 1035 690 cadit
1054 635 1083 689 in
1103 651 1190 688 unum
1219 634 1314 704 potolr,
1334 643 1361 688 et
1379 635 1407 688 in

155 725 324 778 vicinitatem
343 724 522 791 Bukoarcba;
540 726 606 780 inde
624 725 660 780 ad
678 723 846 796 aquilonem,
864 723 929 778 inde
942 724 970 777 in
984 723 1125 776 vicinitate
1137 721 1261 776 eiusdem
1275 719 1407 776 Horsova

155 811 189 865 ad
209 811 352 878 orientem,
371 828 403 866 ac
421 812 486 866 hino
505 815 584 868 iuxta
602 812 733 867 Dubovik
752 811 789 866 ad
807 811 958 878 meridiem,
977 817 1005 864 et
1024 809 1060 864 ad
1078 810 1195 880 primam
1214 813 1324 862 metam.

208 898 255 951 Ex
273 899 345 950 actis
362 900 442 968 regni
463 901 594 954 Creatioe
613 900 650 953 N.
669 899 703 953 R.
723 900 758 954 Δ.
778 898 861 950 Fare.
881 899 956 951 1:501.
977 897 1028 950 fi'r.
1050 899 1081 948 15
1098 897 1269 964 perbonam
1290 897 1396 950 Khttm

156 985 312 1040 Hederoori
331 987 476 1040 Petitarum
495 987 605 1040 delatis.

208 1107 313 1162 Dxm.
331 1107 482 1179 Lugduni,
499 1111 525 1160 5.
547 1107 672 1162 Octobris
699 1111 775 1160 1250.
806 1099 983 1160 innocentius
1012 1105 1062 1160 IV.
1083 1121 1155 1177 papa
1183 1106 1219 1160 ad
1242 1106 1409 1176 'petitionem

156 1194 266 1250 abbatis
284 1195 476 1250 cisterciensis
494 1201 522 1248 et
546 1201 700 1249 conventus
724 1194 848 1248 eiusdem
878 1195 981 1248 ordinis
1006 1193 1199 1264 (probabiliter
1224 1193 1409 1262 Toplicensis)

156 1280 284 1336 concedit
302 1297 352 1352 per
370 1282 559 1352 privilegium:
580 1289 610 1336 ut
628 1297 710 1336 nemo
729 1281 844 1336 abbates
864 1281 907 1334 vel
926 1281 994 1334 alias
1026 1297 1158 1351 personas
1177 1282 1409 1336 monasteriorum

156 1367 373 1423 cisterciensium
393 1369 428 1422 ad
447 1368 570 1438 synodos
589 1368 631 1422 vel
652 1369 776 1422 forenses
795 1375 954 1433 conventus,
974 1369 1026 1422 nisi
1046 1385 1097 1438 pro
1117 1368 1171 1422 fide
1191 1367 1344 1433 dumtaxat,
1364 1369 1407 1422 rei

155 1453 316 1509 huiusmodi
336 1456 445 1526 placita,
464 1471 513 1510 ssu
533 1455 656 1525 capitula
675 1455 718 1508 vel
738 1453 826 1508 forum
854 1455 1047 1525 penitentiale.
1076 1456 1181 1524 absque
1200 1455 1312 1526 speciali
1332 1472 1409 1510 man-

157 1543 225 1596 dato
244 1542 506 1613 sedisapostolicae
525 1557 623 1596 vocare
641 1542 683 1596 vel
704 1543 789 1596 citare
807 1549 974 1612 praesumat.

212 1629 260 1682 Ec
277 1629 389 1682 aretino
407 1645 468 1697 rap.
486 1645 561 1699 ruys.
581 1631 653 1682 Aeta
673 1629 792 1696 antiquo
811 1629 879 1695 fasc.
898 1633 941 1680 83.
960 1644 1004 1684 nr.
1023 1631 1085 1682 50..

211 1767 330 1824 DXOII.
349 1771 426 1822 12:30.
444 1771 487 1822 21.
508 1769 677 1823 Novembris.
697 1768 765 1822 Bela
783 1768 834 1822 lv.
854 1785 901 1822 rex
925 1770 1091 1836 manifestat,
1119 1770 1259 1840 quomodo
1278 1770 1416 1852 Thomas,

155 1854 305 1926 Philippus
323 1861 351 1909 et
370 1855 538 1910 Isaurentius
557 1856 592 1909 da
611 1869 712 1924 genere
737 1855 799 1909 Rad
824 1873 840 1909 a
866 1858 1012 1926 primaevis
1037 1858 1170 1926 pueritiae
1197 1874 1264 1911 suae
1288 1857 1366 1912 annis
1385 1857 1413 1912 ei

154 1941 346 1998 indesinenter
363 1943 554 2008 adhaerentes,
573 1941 731 2012 gradientes
751 1943 785 1996 de
806 1945 906 1997 virtute
925 1945 952 1996 in
972 1945 1110 2008 virtutem,
1130 1946 1170 1999 sic
1189 1944 1364 2014 profecerint,
1379 1953 1412 1998 ut

155 2031 186 2084 in
208 2029 366 2084 deferendis
385 2029 570 2097 legationibus
589 2031 681 2099 regiis,
707 2031 812 2083 viarum
842 2031 1030 2100 prolixitatem
1049 2037 1077 2084 et
1097 2031 1253 2084 distantiam
1273 2048 1322 2086 seu
1341 2032 1410 2102 peri·

156 2117 222 2171 cula
242 2117 382 2186 quaelibet
401 2124 606 2186 postponentes,
625 2116 660 2170 ad
680 2115 825 2170 Graeciam
855 2125 884 2170 et
901 2117 937 2170 ad
957 2127 1049 2186 partes
1068 2117 1144 2184 alias,
1164 2127 1411 2188 quantumcunque

156 2210 290 2268 remotas,
309 2219 409 2272 magna
427 2219 491 2256 cum
505 2203 649 2272 diligentia
661 2205 770 2256 executi
785 2205 852 2268 sint;
868 2220 950 2272 porro
963 2206 991 2258 in
1005 2205 1127 2272 generali
1142 2206 1334 2274 persecutione
1346 2205 1412 2260 Tar·

155 2291 246 2345 tarica
265 2291 337 2344 circa
354 2299 511 2344 consortem
530 2291 603 2360 regis
622 2290 755 2358 degentes
774 2289 866 2344 eidem
885 2299 912 2344 et
931 2291 988 2360 regi
1007 2291 1035 2343 iu
1049 2291 1175 2360 partibus
1188 2293 1332 2346 maritimis
1345 2292 1412 2348 tide·

154 2377 223 2432 liter
240 2378 393 2441 servierint,
412 2393 552 2447 nunquam
572 2393 588 2430 a
607 2392 672 2446 rege
691 2376 856 2430 durantibus
876 2377 1004 2447 periculis
1029 2377 1199 2442 recedendo;
1219 2395 1305 2448 quare
1317 2379 1413 2434 tribuit

154 2465 215 2518 iilis
234 2463 369 2533 quasdam
388 2470 475 2518 terras
494 2464 522 2517 in
541 2465 674 2518 comitatu
700 2463 734 2516 de
759 2463 877 2532 Posega,
902 2480 973 2532 quas
991 2469 1102 2518 mortuo
1121 2465 1228 2519 Thoma
1246 2466 1329 2520 fratre
1347 2465 1412 2519 Phi-

154 2551 238 2622 lippo
257 2559 284 2605 et
302 2550 453 2605 Laurentio
472 2550 506 2604 de
527 2566 598 2604 novo
626 2550 800 2604 confirmavit
827 2553 855 2603 et
883 2567 932 2620 per
959 2550 1110 2620 Kyllanum
1138 2553 1266 2607 comitem
1294 2554 1411 2607 tavmni·

154 2654 257 2692 corum
277 2639 387 2708 reginas
407 2638 570 2706 magistrum
590 2639 671 2690 metis
691 2637 916 2691 circumscribere
934 2637 1078 2693 intimavit.
1108 2639 1163 2705 Qui
1183 2641 1235 2695 sub
1254 2641 1411 2696 testimonio

155 2725 265 2780 nobilis
291 2733 432 2778 matronae
457 2725 613 2778 comitissas
638 2723 673 2778 de
692 2723 800 2793 Posega
825 2733 852 2778 et
879 2727 1071 2794 praesentibus
1095 2728 1195 2782 abbate
1220 2737 1247 2782 et
1275 2736 1411 2782 conventu

155 2813 194 2867 de
214 2811 311 2866 Kotho
325 2811 449 2877 (Kutinat
463 2812 596 2880 magistro
608 2809 625 2864 J
629 2811 738 2864 ohanne
750 2820 929 2882 praeceptore
943 2813 977 2866 ds
990 2813 1098 2883 l‘oaega
1112 2821 1139 2868 et
1153 2815 1274 2883 capitulo
1287 2815 1410 2870 eiusdem

154 2899 250 2952 dictas
268 2901 355 2951 terras
373 2899 535 2962 circumivit,
554 2913 671 2966 quarum
692 2905 795 2951 metae:
815 2897 909 2951 Prima
933 2899 1029 2976 incipit
1049 2902 1076 2952 in
1096 2899 1249 2954 Horsovvch
1269 2902 1296 2954 in
1317 2917 1411 2971 supre-

150 2985 256 3040 mitate
273 2985 376 3038 montis
395 2983 511 3053 Posega,
531 2985 578 3054 qui
597 2984 727 3038 Zelemen
754 2985 860 3051 (simne)
887 2986 1000 3048 dicitur;
1026 3003 1108 3056 porro
1135 2997 1317 3041 commetatur
1344 3005 1408 3042 cum

150 3073 265 3140 Magno
283 3071 390 3134 iuret,
410 3072 484 3124 venit
502 3071 537 3124 ad
559 3071 650 3124 locum
671 3070 823 3138 Fertessev‚
843 3079 1027 3126 commetatur
1052 3089 1115 3126 cum
1134 3081 1206 3126 terra
1234 3076 1367 3129 ecclesiae
1386 3093 1407 3129 s.

149 3159 245 3223 Petri,
275 3165 304 3212 et
333 3160 408 3212 venit
437 3158 473 3211 ad
504 3163 625 3211 montem
662 3157 764 3222 Holm;
795 3175 812 3212 a
843 3171 920 3228 parte
952 3160 1115 3214 occidentali
1146 3161 1181 3214 ad
1217 3179 1318 3231 aquam
1350 3163 1408 3218 Pri-

149 3247 252 3316 binya,
278 3253 307 3300 et
334 3262 383 3316 per
409 3261 542 3314 maguum
570 3246 691 3315 spatium
720 3247 813 3300 eundo
841 3247 938 3316 incipit
967 3248 1097 3301 cometari
1126 3249 1313 3304 castrensibus
1341 3251 1409 3304 Tur-

150 3333 234 3388 dissa
252 3339 279 3386 et
298 3331 492 3402 Cristophoro;
512 3341 540 3386 et
557 3331 734 3386 ascendendo
756 3341 783 3386 et
803 3333 997 3388 descendendo
1025 3350 1075 3404 per
1102 3337 1191 3388 varias
1219 3343 1307 3395 metas
1336 3340 1409 3392 venit

147 3419 188 3474 ad
212 3419 333 3474 rivulum
353 3417 513 3488 Sythnyak;
532 3427 560 3474 et
578 3436 627 3488 per
645 3419 749 3474 rivulos
768 3421 898 3490 Pribinya
917 3429 944 3474 et
964 3421 1147 3490 Zaynpatoks
1165 3424 1238 3477 venit
1256 3424 1292 3478 ad
1305 3431 1407 3480 terram

148 3507 253 3577 magni
273 3505 376 3570 Marci3
396 3513 424 3560 et
442 3522 491 3576 per
510 3507 598 3560 varias
617 3507 675 3560 vias
693 3513 720 3559 et
739 3515 847 3560 montes
876 3515 902 3560 et
923 3507 1007 3562 valles
1037 3509 1073 3561 ad
1102 3515 1202 3564 terram
1227 3513 1407 3566 castrensium

146 3595 237 3650 Elias
256 3599 284 3647 et
301 3592 409 3659 Jacobi,
428 3599 455 3646 et
474 3593 574 3647 deinde
594 3593 628 3647 de
647 3593 709 3646 lnctt
729 3593 899 3650 arundinoso
926 3596 962 3649 ad
980 3611 1081 3666 aquam
1108 3597 1304 3667 Kaisapataka,
1324 3607 1351 3652 et
1370 3600 1409 3652 in·

147 3682 246 3736 ferius
264 3679 300 3734 ad
319 3680 432 3734 fluvium
452 3680 591 3744 Cirlronie,
610 3685 637 3734 et
655 3679 691 3734 ad
711 3681 791 3746 viam,
811 3698 884 3750 quae
903 3682 977 3736 vadit
996 3683 1032 3736 ad
1052 3683 1167 3750 isdoth,
1186 3692 1213 3740 et
1232 3667 1307 3740 tenet
1320 3693 1409 3740 metas

147 3785 223 3824 cnm
244 3767 350 3822 Ivanlm
368 3769 476 3834 comite,
504 3768 561 3820 filio
589 3768 739 3828 Abraham,
768 3770 849 3823 etad
868 3787 969 3839 aquam
1000 3771 1148 3841 Nagpatak
1177 3771 1227 3826 few
1256 3783 1283 3826 et
1303 3773 1409 3828 Kenes-

146 3855 262 3921 kutha;
281 3855 347 3910 item
366 3863 438 3909 terra
457 3855 569 3909 Puzada
587 3856 684 3925 incipit
702 3856 738 3909 ab
756 3856 886 3924 aquilone
905 3875 921 3910 a
941 3858 1030 3912 rivulo
1051 3859 1161 3914 Posona
1181 3867 1209 3913 et
1226 3869 1299 3914 terra
1323 3862 1410 3914 cruci·

145 3945 280 3998 ferorum
300 3943 405 4013 templi,
423 3947 450 3996 et
468 3958 518 4012 per
536 3943 625 3996 varias
644 3950 732 3996 metas
751 3943 826 3998 vadit
844 3944 872 3996 in
891 3961 1021 4016 magnam
1041 3947 1111 4000 viam
1129 3955 1157 4001 et
1169 3948 1288 4002 rivulum
1302 3947 1407 4002 Gerais-

144 4029 262 4101 pataka
281 4035 309 4083 et
327 4029 507 4098 Zaroapatak,
527 4035 555 4083 ct
575 4031 673 4084 transit
692 4030 811 4084 rivulum
830 4029 925 4084 Geralr
944 4040 972 4086 et
990 4033 1065 4088 vadit
1088 4051 1136 4103 per
1154 4051 1283 4102 magnam
1297 4035 1369 4087 viam
1382 4043 1409 4088 et

144 4124 237 4172 tenet
253 4119 342 4174 metes
360 4131 424 4170 cum
443 4123 515 4170 terra
533 4115 670 4170 Gerhardi
696 4125 723 4170 et
742 4117 816 4171 cadit
840 4120 868 4170 in
888 4120 1007 4172 rivulum
1035 4120 1186 4184 Jelzsn'cb;
1215 4121 1250 4174 ab
1277 4121 1408 4189 aquilons

142 4209 281 4260 metatur
304 4217 368 4257 cum
393 4209 465 4257 terra
490 4203 697 4258 cruciferorum
722 4205 819 4275 tempii
844 4207 921 4260 iuxta
949 4209 1067 4261 rivulum
1097 4208 1213 4276 Posega,
1241 4207 1332 4261 eundo
1363 4224 1412 4277 per

143 4307 273 4362 campos
297 4297 374 4344 tenet
397 4297 484 4345 metas
509 4307 571 4344 cum
598 4297 672 4345 terra
696 4293 828 4346 ecclesiae
853 4294 887 4348 de
911 4295 1037 4360 Kothoa;
1064 4297 1136 4349 venit
1160 4295 1196 4348 ad
1221 4303 1304 4364 caput
1328 4295 1408 4348 rivuli

143 4377 298 4450 Rupatha,
319 4383 346 4432 et
365 4386 449 4448 caput
467 4379 546 4432 rivuli
565 4377 691 4443 Zn'adol;
712 4380 778 4434 item
791 4389 879 4436 terrae
893 4382 1019 4452 Koprina
1032 4391 1105 4436 meta
1119 4382 1214 4451 incipit
1226 4398 1310 4450 supra
1323 4386 1409 4452 caput

142 4481 249 4537 aquae
267 4465 398 4535 Ooprina,
416 4465 491 4518 vadit
509 4464 544 4518 ad
563 4471 666 4520 terram
685 4467 817 4520 ecclesiae
836 4467 870 4521 de
891 4468 1004 4522 Kothoa
1027 4485 1076 4538 per
1094 4477 1217 4522 montem
1236 4485 1407 4540 poseganum

142 4553 291 4609 Zelemen
318 4553 353 4606 ad
378 4558 499 4606 montem
526 4551 698 4622 Jubagorica
722 4553 757 4608 ad
782 4571 910 4624 magnam
941 4557 1021 4618 viam,
1050 4573 1103 4625 qus
1131 4556 1204 4608 venit
1233 4555 1268 4609 de
1295 4555 1409 4609 Nekobe

143 4639 291 4708 (Nasice),
310 4639 358 4693 ubi
376 4645 448 4692 terra
466 4639 548 4692 castri
568 4640 603 4694 de
622 4641 739 4710 Posega,
757 4649 785 4696 et
802 4658 820 4695 a
838 4643 883 4694 via
907 4642 1050 4696 descendit
1077 4641 1113 4696 ad
1138 4643 1256 4696 rivulum
1282 4641 1406 4701 Cotelna

141 4729 234 4784 vadit
265 4743 315 4796 per
343 4725 441 4780 vallem
467 4726 573 4780 Zvodoi
602 4728 637 4782 ad
663 4729 780 4782 rivulum
814 4729 950 4799 Ooprina;
979 4730 1043 4783 item
1070 4735 1143 4784 terra
1170 4729 1288 4782 Blathlra
1317 4729 1411 4798 incipit

1276 4819 1334 4880 itia
