3544 5344
760 406 907 450 anema
1437 382 1458 446 9

266 571 390 628 XXVII.
410 574 441 624 Δ.
460 575 538 626 1202.
562 570 688 627 Andreas
705 570 752 626 dei
769 575 860 641 gratia
878 571 980 638 Dalm,
998 571 1102 638 Croat,
1121 571 1313 641 Cbulmacque
1329 569 1388 625 dur
1406 576 1459 625 ter·

212 675 273 716 raro
290 659 391 716 Kainai
414 660 569 725 asnensis,
594 675 677 729 quam
704 663 783 729 pater
800 653 875 713 illius
893 675 942 713 rex
960 659 1028 712 Bela
1047 658 1101 712 III.
1120 659 1230 712 Barano
1254 675 1326 728 sagr.
1353 657 1459 713 decano

214 751 349 818 perpetue
367 747 527 812 contulerat,
547 746 693 816 aseignam
712 761 774 800 eam
793 762 940 816 persuum
960 745 1102 802 hominem
1120 746 1269 816 Woychna,
1289 745 1378 800 eidem
1396 763 1459 802 con-

214 832 350 890 firmando
374 832 524 902 resignavit
547 849 597 902 per
621 848 702 886 sunm
725 831 864 887 hominem
889 831 1070 902 Stephanum.
1096 833 1234 887 Metarum
1252 839 1345 888 autem
1370 833 1459 903 prima

214 919 267 974 fuit
292 919 327 974 ab
351 921 456 974 criente
478 923 552 974 terra
569 918 701 974 Abraami
726 917 835 988 cognati
855 918 996 974 Gurlruuis
1021 919 1136 973 comitis.
1161 919 1340 974 Procedendc
1363 927 1459 974 centra

214 1005 359 1062 meridiem
376 1005 412 1060 ad
431 1022 562 1076 magnum
586 1005 676 1076 pirum
695 1021 780 1076 panes
798 1011 898 1060 terram
917 1022 1058 1060 servorum
1076 1007 1157 1076 regis,
1176 1012 1271 1062 contra
1290 1005 1458 1060 occidentem

215 1110 300 1164 super
327 1093 432 1148 iontem
458 1091 598 1164 lapideum
625 1091 741 1164 iungens
766 1109 796 1146 se
823 1091 1024 1159 metensibus,
1053 1109 1085 1146 ac
1112 1109 1207 1147 versus
1235 1092 1459 1164 septemtrionem

214 1180 294 1234 iuxta
311 1185 432 1233 castrum
451 1177 550 1234 Niccla
574 1179 727 1232 annectitur
751 1178 878 1249 publicae
903 1185 1004 1232 stratae
1028 1179 1188 1248 zagoriensi,
1213 1178 1375 1250 disiungens
1394 1195 1424 1233 se
1443 1195 1460 1232 a

214 1265 294 1321 terris
318 1265 508 1319 castrensium.
526 1265 636 1319 Testes:
661 1265 748 1336 Mogy
774 1282 874 1332 comes,
899 1265 1032 1320 Nicolaus
1059 1282 1165 1332 comes,
1194 1266 1330 1320 Martinus
1357 1265 1458 1332 banus,

216 1353 324 1407 Crasun
343 1365 444 1418 comes,
464 1351 566 1406 Cranen
584 1367 685 1418 comes,
708 1353 762 1406 Ata
780 1369 880 1420 comcs,
900 1352 1001 1407 Cristol
1019 1368 1119 1418 comes,
1139 1351 1208 1408 Paul
1228 1369 1329 1408 comcs.
1353 1352 1459 1406 Datum

217 1455 267 1510 per
284 1437 423 1494 Iacobum
443 1439 630 1510 praepositum
649 1440 811 1511 magistrum
829 1445 857 1493 et
874 1439 1075 1495 cancellarium.

273 1525 402 1580 Thaliae:
421 1527 494 1580 Mon.
513 1543 575 1596 epp.
593 1543 668 1597 supr.
686 1527 719 1595 1,
735 1543 764 1596 p.
784 1532 826 1582 1⁶.

270 1655 411 1712 XXVIII.
431 1659 462 1708 A.
475 1659 555 1710 1202.
574 1657 752 1714 Innocentius
764 1657 818 1712 111.
833 1659 923 1728 arguit
934 1659 1147 1732 crucesignatos,
1167 1658 1243 1730 quod
1260 1659 1399 1714 civitatem
1410 1658 1458 1712 Ja-

216 1743 312 1799 daram
331 1743 532 1814 occupaverint,
557 1751 664 1798 etcum
682 1743 921 1802 crucem'tulerint
939 1751 1066 1818 proptem
1086 1745 1236 1812 Christum,
1254 1746 1282 1800 in
1301 1762 1366 1800 eum
1383 1762 1461 1800 arma

218 1831 416 1896 converterint,
444 1847 507 1885 cum
534 1831 695 1886 debuissent
722 1831 920 1886 Saracenorum
949 1833 1118 1903 provinciam
1145 1849 1311 1904 expugnare.
1345 1832 1461 1904 Accepit

218 1917 300 1982 enim,
325 1915 400 1987 quod
419 1933 482 1972 curn
501 1925 564 1974 anta
581 1917 713 1972 Jaderam
735 1919 844 1988 navigio
862 1919 1009 1976 venissent.
1034 1919 1113 1988 signa
1131 1925 1227 1974 contra
1244 1919 1381 1974 civitatem
1399 1935 1461 1990 pro·

217 2005 294 2057 tinus
307 2002 505 2074 expandentes,
524 2005 642 2059 tentoria
654 2006 681 2058 ln
695 2003 838 2060 obsidione
851 2005 978 2072 fixerunt,
999 2005 1120 2075 undiquc
1138 2006 1275 2060 civitatem
1290 2005 1461 2060 vallaverunt

219 2095 247 2146 et
265 2107 360 2146 muros
378 2091 468 2162 ipsius
487 2108 542 2146 non
556 2091 615 2145 sinc
626 2091 714 2145 multa
732 2092 866 2146 effusione
885 2093 1027 2162 sanguinis
1046 2092 1225 2146 suffoderunt.
1244 2093 1371 2164 Cumque
1389 2093 1461 2147 cives

219 2177 313 2232 subire
332 2193 395 2232 cnm
413 2177 528 2232 Venetis
549 2177 685 2248 judicium
706 2177 843 2248 pontificis
861 2179 969 2244 vellent,
994 2195 1084 2247 neque
1102 2179 1130 2232 in
1147 2178 1200 2233 hoc
1218 2179 1301 2234 etiam
1319 2177 1394 2248 apud
1414 2195 1461 2234 ecs

217 2265 376 2335 potuissent
392 2263 605 2319 misericordiam
622 2265 751 2330 invenire,
771 2273 798 2320 et
810 2265 881 2319 circa
898 2281 993 2320 muros
1007 2281 1072 2323 suos
1091 2265 1174 2318 armis
1192 2265 1326 2336 imagines
1346 2280 1461 2335 suspen-

216 2351 325 2406 derunt
351 2349 407 2406 Sed
432 2351 614 2422 crucesignati
633 2353 661 2406 in
678 2351 808 2421 injuriam
831 2351 953 2406 crucifixi
978 2369 1033 2406 nou
1052 2351 1143 2406 minus
1161 2351 1298 2406 civitatem
1317 2351 1462 2421 impugna-

217 2443 285 2494 runt
302 2442 330 2496 ct
346 2437 429 2504 cives,
453 2437 502 2494 sed
521 2455 569 2494 eos
587 2437 623 2494 ad
641 2437 808 2494 deditionem
827 2439 948 2494 violenta
970 2438 1085 2494 dextera
1108 2445 1265 2508 coegenmt,
1290 2455 1341 2492 nec
1364 2437 1426 2492 illos
1445 2455 1462 2492 a

217 2523 388 2595 nequissimo
407 2525 549 2596 proposito
568 2525 701 2582 abstinuit
718 2526 869 2584 reverentia
888 2526 977 2580 crucis
995 2531 1163 2596 assumptas,
1185 2542 1236 2580 nec
1253 2525 1367 2580 Henrici
1386 2524 1459 2594 regis

218 2609 384 2681 Hungarias
401 2616 429 2666 et
446 2611 574 2668 Andreae
591 2612 671 2668 ducis
688 2613 780 2668 fratris
798 2613 858 2668 mus
876 2611 994 2678 devoto,
1014 2612 1061 2682 qui
1080 2628 1131 2682 pro
1147 2611 1248 2666 Terrae
1266 2616 1378 2666 sanctae
1396 2610 1461 2665 sub·

218 2696 290 2756 sidio
308 2697 397 2754 cmcis
421 2697 595 2768 signaculum
618 2705 836 2770 assumpserunt,
861 2715 912 2754 nec
930 2698 1099 2768 apostolieae
1118 2697 1191 2754 sedis
1210 2699 1368 2764 auctoritas,
1389 2713 1461 2766 quae

218 2785 274 2840 illis
298 2784 405 2840 curavit
427 2785 578 2842 dIstrictius
601 2785 724 2842 inhibere
742 2803 777 2840 nc
794 2791 881 2840 terras
905 2785 1116 2842 chuchancrum
1139 2785 1270 2841 invadere
1288 2786 1331 2840 vel
1351 2784 1462 2840 laedere

218 2877 366 2927 tentarent
384 2871 486 2927 Veneti
510 2873 537 2927 in
556 2872 659 2928 occulis
685 2889 781 2928 eorum
798 2873 993 2928 subvertertmt
1010 2888 1105 2927 muros
1124 2872 1249 2938 civitatis,
1274 2872 1463 2942 spoliaverunt

218 2959 358 3025 ecclesias,
382 2957 577 3014 destruxerunt
600 2958 733 3026 aedificia,
758 2972 785 3014 et
806 2960 971 3029 emesignati
995 2976 1059 3016 cum
1084 2960 1123 3014 eie
1148 2958 1238 3030 spolia
1254 2957 1462 3016 Jadertinornm

218 3045 380 3100 diviserrmt
405 3043 517 3101 Gaudet
539 3051 632 3100 tamen
656 3063 737 3118 papa,
761 3045 836 3118 quod
855 3048 967 3118 culpam
991 3063 1070 3100 suam
1092 3047 1270 3116 cognoverint
1288 3050 1315 3100 et
1333 3061 1394 3098 eam
1413 3062 1462 3116 per

218 3132 418 3204 poenitentiam
436 3133 547 3203 expiare
566 3133 756 3188 intimaverint
776 3133 873 3188 Monet
891 3150 956 3203 ergo
973 3133 1044 3200 illos,
1064 3138 1095 3189 ut
1107 3133 1237 3187 universa
1248 3129 1372 3197 reddant,
1389 3147 1461 3200 qnae

218 3218 256 3274 de
273 3218 479 3276 Jadertinorum
504 3219 599 3290 spoliis
624 3219 659 3274 ad
684 3219 746 3276 illos
764 3219 945 3285 devenenmt3
970 3219 1135 3275 sententiam
1157 3225 1250 3274 tamen
1275 3217 1461 3274 excommuni-

220 3306 339 3362 cationis
364 3303 438 3360 aedis
465 3305 642 3376 apostolicae,
667 3306 702 3361 de
727 3323 782 3378 qua
801 3305 979 3362 absolverunt
995 3306 1057 3360 illos
1084 3311 1180 3361 contra
1206 3305 1397 3360 auctoritatem
1421 3319 1462 3356 se-

220 3389 265 3448 dis
283 3409 328 3464 ap.
347 3391 469 3464 episcopi
490 3392 519 3446 in
541 3393 662 3448 exercitu
681 3393 829 3460 constituti,
848 3395 1000 3448 relaxatam
1017 3410 1073 3448 non
1093 3409 1246 3464 agnoscens
1252 3410 1260 3458 ;
1277 3391 1360 3446 mittit
1378 3407 1461 3444 suum

218 3479 344 3550 legatum
362 3477 395 3534 G.
415 3495 436 3532 s.
456 3479 579 3534 Marcelli
603 3480 803 3551 praesbiterum
828 3479 1003 3548 cardinalem,
1022 3485 1054 3534 ut
1072 3479 1108 3534 ab
1127 3479 1166 3534 eis
1184 3479 1373 3550 juramentum
1396 3477 1462 3532 reci·

220 3568 280 3638 piat
303 3571 331 3621 st
355 3565 558 3621 absolutionem
581 3565 730 3638 impendat
756 3568 853 3622 Monet
876 3566 938 3621 illos
956 3568 1070 3638 insuper
1089 3571 1116 3622 et
1133 3565 1248 3621 mandat
1268 3565 1329 3632 illis,
1356 3571 1387 3619 ut
1404 3564 1462 3636 regi

220 3652 384 3722 'Hungariae
402 3651 541 3706 humiliter
562 3652 726 3724 supplicent,
744 3659 775 3707 ut
793 3669 877 3726 super
895 3654 1009 3719 offensa,
1028 3669 1113 3724 qnam
1131 3652 1372 3708 commiserantis
1390 3668 1461 3720 eum,

220 3755 273 3811 pro
289 3739 352 3794 Dec
371 3743 399 3794 et
416 3743 530 3810 propter
547 3739 640 3794 Deum
657 3739 710 3794 illis
728 3739 856 3810 dignetur
874 3739 1089 3796 misericordiam
1107 3739 1244 3796 exhibere.

279 3825 399 3882 Wentel:
420 3825 512 3880 Codex
529 3825 598 3894 dipl.
616 3826 725 3896 Arpcd.
747 3829 775 3880 Τ.
798 3827 852 3898 VI,
869 3845 897 3897 p.
919 3831 978 3882 236.

275 3947 387 4004 XXIX.
411 3947 546 4014 seuerae,
571 3963 659 4004 meare
677 3949 832 4004 Februario
855 3953 934 4004 1203.
959 3948 1121 4019 Capitulum
1138 3947 1282 4013 Jadrense,
1307 3947 1463 4004 Domalduc

221 4051 314 4090 comes
333 4040 361 4090 et
379 4034 542 4090 universitas
566 4034 690 4102 civitatis,
715 4034 828 4090 tradunt
850 4041 878 4090 et
894 4034 1050 4092 concedunt
1067 4035 1214 4090 Dominicc
1238 4033 1333 4088 abbati
1352 4049 1388 4088 ss.
1410 4034 1463 4088 Co·

220 4137 299 4182 amaa
316 4127 345 4177 ct
362 4120 491 4176 Damiani
514 4121 550 4176 de
569 4121 673 4188 Monte,
698 4121 830 4192 quoniam
854 4128 978 4192 tempore
1000 4138 1067 4178 suae
1090 4120 1269 4178 desolationis
1293 4125 1321 4174 ct
1343 4120 1416 4176 exilii
1434 4120 1463 4174 in

219 4208 390 4266 monasterio
412 4207 473 4277 ejus
497 4213 669 4278 agnoverunt
692 4207 751 4263 lore
775 4208 873 4264 asilum
891 4214 919 4264 et
937 4208 1078 4274 auxilium,
1098 4207 1134 4264 ad
1152 4207 1312 4264 memoriam
1336 4205 1463 4262 beneficii

221 4295 337 4354 exhibiti
360 4293 504 4352 ecclesiam
528 4309 549 4348 s.
568 4293 702 4348 Demetrii
725 4294 852 4363 martyris
876 4293 1023 4350 incorum
1047 4294 1156 4350 civitate
1180 4294 1269 4348 sitam.
1295 4292 1463 4363 Subscripti:

221 4381 349 4436 Marinus
373 4380 508 4451 plebanus
527 4398 549 4434 s.
568 4380 681 4448 Mariae,
705 4381 804 4435 Petrus
823 4379 959 4451 plebanus
977 4397 998 4434 s.
1017 4379 1159 4450 Stephani,
1182 4381 1306 4436 loannes
1328 4380 1463 4450 plebanus

221 4485 244 4522 a.
263 4466 416 4534 Michaelis,
434 4466 594 4538 Stephanus
613 4466 747 4537 plebanus
766 4483 787 4521 s.
801 4467 883 4534 Petri,
902 4467 1045 4538 presbyter
1063 4467 1189 4534 Michael,
1208 4467 1351 4537 presbyter
1369 4465 1463 4522 Crisc-

221 4570 322 4626 gonus.
341 4551 470 4624 Scripsit:
490 4553 636 4610 Camasius
654 4553 787 4610 diaconus
806 4571 827 4610 s.
847 4554 1012 4610 Anastasius
1030 4561 1058 4610 et
1076 4570 1145 4610 com.
1164 4553 1296 4608 notarius.

275 4639 595 4711 sarmaticam.
617 4641 645 4694 Τ.
669 4639 709 4709 V,
725 4656 755 4710 p.
777 4645 821 4696 70.
