3480 5356
317 414 381 480 286
817 439 837 480 r.
858 423 1056 498 mmmm,

372 605 461 674 Oopio
489 620 582 662 reccus
606 604 638 660 iu
664 619 724 659 mco
743 601 909 658 collectione.
937 601 1071 658 Eiusdem
1090 599 1187 670 Sapud
1213 604 1325 668 nepotes
1351 598 1511 668 Stepiouus
1537 606 1563 656 et

317 693 418 748 Petrus
434 691 490 760 tilii
507 691 604 748 Bodor
622 690 675 754 tilii
694 689 789 761 Sapud
807 689 912 744 cobibe
930 689 964 742 de
983 686 1129 742 Gorbouolc
1147 686 1179 741 iu
1197 687 1368 741 documentis
1386 685 1419 740 dc
1436 703 1465 742 o.
1485 690 1567 742 1332.

317 785 343 835 et
361 783 438 832 1334.

370 901 505 958 OMLIX.
524 905 601 956 1263.
622 901 689 956 Bela
708 899 759 954 IV.
778 905 941 954 1111111111
964 899 1037 966 iacit,
1059 898 1134 968 quod
1160 899 1224 954 licet
1248 914 1341 954 comes
1365 898 1466 953 Panitb
1489 899 1564 953 filins

317 988 434 1044 Arnoldi
458 987 493 1043 de
520 1005 619 1057 genere
644 986 738 1042 Buead
764 1003 813 1057 per
837 986 935 1041 salsam
961 987 1170 1056 suggestionem
1195 983 1371 1056 quorundam
1388 985 1561 1042 inimicorum

317 1092 432 1130 suorum
451 1091 518 1146 erga
536 1075 628 1145 ipsum
646 1091 739 1148 regem
759 1075 786 1128 in
806 1073 932 1144 pluribus
950 1071 1060 1128 delatus
1081 1073 1217 1127 extitisset
1235 1077 1263 1127 et
1281 1072 1371 1127 obhoc
1389 1073 1417 1126 in
1435 1072 1563 1142 indigna·

315 1161 421 1217 tionem
444 1162 549 1230 regiam
568 1162 714 1216 incuriseet
733 1165 760 1216 et
779 1177 828 1232 per
852 1157 993 1230 publicam
1020 1159 1253 1216 macihnatiouem
1280 1159 1376 1230 iniquo
1403 1158 1505 1214 iudicio
1533 1159 1561 1214 in

316 1247 523 1304 damnationem
537 1259 672 1318 personae
687 1253 715 1301 ct
727 1246 895 1308 ablationem
913 1249 1122 1318 possessionum
1135 1246 1337 1304 condemnatus
1350 1247 1456 1312 luisset,
1467 1263 1562 1302 verum

315 1336 381 1406 quia
398 1334 471 1389 idem
489 1349 538 1388 rex
556 1333 625 1388 Bela
650 1350 667 1387 a
694 1333 825 1405 praelatis
850 1339 878 1388 11
903 1333 1055 1389 baronibus
1079 1351 1112 1390 ac
1139 1335 1216 1404 regni
1244 1333 1384 1388 nobilibus
1411 1333 1504 1404 palam
1534 1339 1563 1388 11

316 1421 424 1476 occulte
442 1422 585 1476 1111111111
604 1420 769 1490 inquirendo
781 1425 856 1476 certo
868 1421 970 1476 certius
983 1422 1075 1492 ipsum
1087 1423 1216 1476 comitem
1234 1421 1336 1475 Ponith
1354 1422 1382 1474 io
1402 1421 1563 1491 praemissis

316 1507 501 1564 delationibus
514 1507 658 1562 innoxium
678 1515 706 1561 et
723 1507 873 1562 immunem
892 1525 954 1563 esse
973 1509 1151 1578 conperisset,
1165 1508 1228 1562 ideo
1242 1505 1459 1578 indignationem
1479 1525 1561 1562 suam

316 1595 342 1650 ei
361 1596 503 1650 remittens
521 1593 612 1665 ipsum
631 1593 667 1648 ad
686 1610 766 1650 suam
785 1595 902 1664 gratiam
924 1595 1028 1664 recepit
1052 1595 1207 1665 specialem,
1219 1595 1315 1650 volens
1333 1600 1361 1649 et
1379 1600 1504 1650 statuens
1529 1601 1562 1650 ut

315 1681 406 1737 eidem
424 1681 508 1736 comti
526 1682 718 1752 possessiones
737 1696 804 1735 suae
822 1680 1021 1736 haereditariae
1039 1683 1067 1736 in
1086 1682 1178 1753 specie
1196 1681 1399 1750 Senthtrinitas,
1421 1682 1561 1754 Kakonya

315 1773 343 1824 et
360 1767 490 1839 Rakatya
508 1767 695 1822 restituaritur.

370 1855 435 1911 (lod.
455 1854 525 1924 dipl.
542 1855 656 1923 patrius
679 1853 744 1909 Vll.
760 1869 791 1922 p.
809 1859 870 1909 109.

370 1995 490 2049 GMLX.
508 1998 583 2048 1268
608 1993 676 2048 Belo
695 1993 745 2048 IV.
764 2009 813 2048 rex
831 1994 963 2062 notificat,
983 1994 1059 2065 qnod
1084 2013 1147 2051 cum
1171 1997 1196 2050 ei
1220 1997 1337 2052 relatum
1361 1997 1460 2052 inisset
1484 1997 1560 2069 quod

314 2091 404 2138 terrae
422 2081 652 2136 conditionalium
674 2097 788 2136 suorum
806 2087 834 2136 et
852 2086 1005 2136 castrorum
1031 2099 1080 2152 per
1104 2082 1278 2152 quorundam
1303 2083 1453 2138 indebitam
1478 2099 1560 2140 occu·

317 2167 861 2240 11111111111111111111111,1111111111
885 2167 1004 2222 Paulum
1021 2170 1184 2240 episcopum
1208 2171 1433 2241 vesprimiensem
1457 2171 1492 2239 ad
1517 2189 1559 2227 re·

316 2253 470 2310 stituendas
497 2261 592 2320 terras,
611 2255 741 2326 quicum
766 2254 802 2308 ad
829 2255 989 2310 comitatum
1017 2255 1219 2326 Symigiensem
1239 2258 1415 2328 pervenisset,
1443 2265 1559 2330 propter

314 2343 532 2412 quaerimoniam
561 2340 736 2411 quorundam
761 2343 943 2396 castrensium
968 2341 1003 2396 de
1029 2344 1165 2414 Mogorey
1189 2344 1225 2398 ad
1249 2351 1349 2400 terram
1376 2361 1471 2400 eorum
1496 2347 1557 2403 Mo·

315 2446 399 2500 gorey
422 2429 553 2484 accedere
581 2429 747 2500 procuravit,
775 2429 927 2498 procedens
953 2445 1016 2484 cum
1044 2431 1172 2484 Bernaba
1200 2432 1304 2487 maiore
1332 2433 1469 2488 exercitus
1487 2435 1557 2504 regii

314 2521 342 2571 et
360 2515 453 2571 Eudre
471 2517 575 2570 maiore
594 2516 675 2570 castri
695 2515 836 2586 praedicti,
855 2517 902 2586 qui
922 2517 1006 2588 episc.
1025 2517 1129 2572 invenit
1142 2515 1244 2572 dictam
1256 2525 1356 2574 terram
1369 2535 1431 2575 esse
1448 2521 1557 2576 mixtim

314 2618 378 2658 curn
395 2601 579 2658 haereditaria
603 2602 711 2656 comitis
735 2601 853 2656 Joannis
872 2602 935 2658 filiis
955 2603 1021 2675 Isip‚
1040 2610 1149 2660 etcum
1175 2605 1291 2661 eandem
1310 2624 1359 2678 per
1377 2611 1465 2664 metas
1478 2625 1558 2680 sepa·

302 2706 374 2752 ,rare
392 2689 527 2744 voluisset
544 2687 635 2743 dictus
653 2705 746 2744 eomes
769 2688 895 2744 Joannes
920 2692 999 2760 petiit
1023 2697 1054 2746 ut
1079 2693 1183 2748 factum
1202 2697 1291 2749 terrae
1318 2696 1466 2750 1111111111
1493 2711 1558 2752 exa·

313 2775 381 2830 mini
398 2777 566 2830 transmittet
583 2774 776 2832 decidendum.
795 2777 925 2832 Attamen
951 2777 1081 2834 dixerunt
1105 2785 1259 2836 1111111111
1278 2781 1353 2850 quod
1371 2782 1445 2837 idem
1463 2800 1557 2840 comes

311 2863 436 2918 Joannes
454 2863 534 2934 petiit
553 2869 584 2916 nt
602 2863 706 2917 lactum
718 2868 807 2918 terrae
825 2866 1008 2920 castrensium
1034 2867 1153 2920 examini
1178 2868 1345 2924 trarmmittet
1362 2868 1557 2927 decidendum.

313 2951 445 3006 Attamen
464 2949 594 3004 dixerunt
612 2953 766 3004 castrenses
790 2949 866 3018 quod
884 2950 958 3006 idem
977 2969 1069 3007 comes
1088 2953 1214 3008 Joanoes
1232 2959 1337 3009 tantam
1355 2955 1470 3012 baberet
1494 2973 1558 3029 por·

309 3037 413 3092 tionem
430 3037 458 3090 in
478 3037 613 3106 Mogorey
632 3041 765 3105 quantem
785 3041 812 3091 11
829 3037 891 3108 ipsi.
912 3039 1037 3094 Praelixo
1055 3040 1173 3094 termino
1186 3039 1221 3095 ad
1235 3057 1347 3097 causam
1369 3041 1554 3100 dedicendum

245 3153 248 3160 ,
309 3123 481 3178 advenerunt
499 3139 592 3178 comes
611 3123 755 3178 Johannes
774 3124 810 3178 ab
829 3141 885 3178 una
905 3133 989 3196 parte,
1009 3125 1045 3180 ab
1064 3127 1150 3181 altera
1168 3143 1233 3183 vero
1251 3127 1395 3184 Barnabas
1413 3135 1441 3185 et
1458 3130 1554 3186 Endre

308 3210 423 3264 comites
441 3227 504 3264 cum
523 3210 710 3264 castrensibus
730 3211 1252 3282 8111111,111111,Ρ1111111Β11111,
1271 3215 1307 3270 de
1325 3216 1390 3272 villa
1409 3217 1554 3289 Mogorey‚

309 3298 461 3366 postularit
485 3297 625 3352 Iohannes
649 3313 751 3364 1111111,
770 3303 802 3352 111
820 3314 871 3368 pro
890 3310 978 3354 morte
1003 3301 1088 3370 patrie
1113 3302 1155 3354 sui
1181 3307 1247 3356 tunc
1273 3305 1405 3374 temporis
1429 3306 1558 3376 magistri

311 3383 505 3452 pincernarum
524 3383 596 3452 regis
616 3383 770 3452 colomani,
796 3386 845 3454 qui
869 3387 967 3455 (pater)
993 3403 1042 3457 per
1066 3387 1197 3442 Tartaros
1225 3389 1252 3442 in
1281 3389 1335 3443 fine
1361 3391 1453 3460 pontis
1480 3391 1559 3447 fluvii

311 3468 403 3539 Seyov
423 3469 475 3522 sub
494 3470 595 3524 vexillo
614 3470 737 3524 eiusdem
755 3471 829 3542 regis
842 3473 988 3528 Oolomani
1002 3474 1090 3528 extitit
1103 3475 1292 3544 interemptus,
1306 3476 1354 3532 ubi
1368 3475 1443 3532 idem
1461 3494 1556 3536 comes

308 3555 433 3610 ioannes
452 3556 506 3610 sub
525 3557 623 3610 eodem
642 3557 745 3612 vexillo
764 3575 813 3629 per
831 3559 941 3614 hastam
954 3560 1105 3616 eorundem
1119 3561 1299 3617 Tartarorum
1311 3565 1339 3618 ln
1353 3564 1424 3636 pede
1443 3565 1556 3622 sinistro

308 3642 454 3697 mortalem
475 3644 588 3712 pertulit
606 3645 765 3710 laesionem,
784 3653 964 3701 memoratam
979 3654 1079 3702 terram
1098 3649 1157 3702 eius
1176 3649 1375 3706 haereditariae
1389 3653 1488 3708 Zamae
1506 3653 1558 3708 ad·

306 3730 441 3784 iacentem
466 3729 519 3783 sibi
543 3732 668 3786 conferre
687 3749 703 3785 1
722 3749 786 3802 rego
805 3733 963 3803 postulavit.
990 3735 1050 3788 Rex
1078 3735 1162 3804 igitur
1189 3739 1286 3792 annuit
1311 3739 1437 3809 petitioni
1455 3757 1490 3795 ex
1509 3757 1552 3809 eo,

308 3815 460 3885 quodiam
479 3835 529 3888 pro
549 3825 636 3872 morte
655 3821 741 3888 patris
760 3821 803 3873 sui
822 3838 906 3888 quam
925 3838 975 3892 pro
994 3823 1129 3876 ell'usione
1156 3824 1199 3877 sui
1224 3827 1364 3894 sanguinis
1388 3829 1485 3898 petitio
1513 3830 1558 3900 ip·

309 3903 376 3970 sius,
394 3903 459 3958 licet
477 3904 586 3960 modica
604 3911 696 3960 tomen
721 3907 872 3963 iustissima
891 3909 948 3964 iore
967 3909 1119 3978 videbatur,
1137 3912 1217 3980 eique
1235 3911 1337 3968 dictam
1362 3917 1463 3970 terram
1488 3933 1556 3973 con·

306 3989 416 4044 tulitin
435 3997 608 4062 perpetuum.
627 3983 706 4048 bleta
723 4001 815 4049 autem
829 4001 917 4050 terrae
935 3997 1023 4066 prima
1042 3996 1076 4051 de
1094 3999 1186 4053 insula
1199 4005 1226 4053 et
1238 4007 1317 4070 prato
1331 4001 1459 4071 Balatini,
1472 4005 1551 4062 vadit

306 4093 403 4131 versus
421 4078 514 4133 villam
533 4079 613 4135 Okoh
636 4082 760 4151 procedit
778 4082 813 4136 ad
833 4085 965 4138 terminos
987 4091 1122 4140 terrarum
1147 4086 1174 4141 S.
1199 4087 1290 4156 Egidii
1315 4087 1350 4142 de
1375 4088 1500 4160 Symigio
1524 4097 1555 4148 et

306 4165 488 4219 castrensium
507 4165 542 4220 de
561 4167 626 4222 villa
645 4167 767 4224 Kullrod.
786 4170 839 4223 Per
860 4173 948 4226 sarias
967 4178 1055 4226 metas
1074 4173 1218 4229 descendit
1243 4173 1278 4230 ad
1307 4177 1405 4231 vallem
1428 4177 1554 4235 Rcdnuk

305 4249 333 4304 in
353 4269 409 4322 qua
430 4257 472 4306 est
490 4253 590 4306 fluvius
610 4259 637 4308 et
655 4254 729 4309 cadit
747 4257 774 4308 in
793 4275 923 4324 magnam
944 4260 1074 4329 paludem
1093 4261 1260 4318 Balatinum.

359 4339 421 4393 0111.
441 4339 511 4407 dipl.
529 4341 649 4408 patrius.
671 4343 699 4395 T.
724 4343 777 4396 111.
795 4361 823 4412 p.
844 4347 1146 4402 11111111111111111
1166 4348 1223 4407 11ιό
1242 4351 1302 4419 lsip
1321 4351 1354 4406 dc
1373 4353 1473 4422 Mopor
1485 4369 1550 4409 cou-

304 4423 371 4481 tulit
398 4425 430 4479 ot
458 4427 517 4480 eius
543 4432 657 4482 strenua
682 4428 766 4496 facto
793 4432 824 4484 iu
853 4432 922 4486 11111
941 4439 1039 4489 contro
1066 4435 1227 4490 ottocarum
1246 4453 1332 4507 repeto
1352 4443 1378 4494 ct
1396 4441 1551 4496 Hearlcum

304 4511 407 4566 bouum
426 4511 566 4568 ectibitos
578 4513 737 4582 Stephanus
756 4523 781 4570 ct
799 4517 956 4574 Ludioious
975 4537 1024 4574 rec
1042 4523 1136 4588 plures
1156 4523 1266 4580 litteras
1283 4527 1480 4584 deuotiouoles
1493 4531 1552 4585 oid.

304 4601 455 4664 111121,
477 4602 736 4666 2131111111
760 4622 865 4674 quoquc
884 4608 940 4662 111.
959 4625 1007 4662 reo:
1029 4610 1129 4666 1111111
1156 4617 1182 4666 11
1206 4615 1314 4668 111111
1331 4613 1404 4684 filiis
1428 4613 1556 4674 Joonue'e

305 4682 339 4740 de
357 4683 491 4757 Moporoy
507 4703 537 4758 p.
557 4691 601 4744 10.
