3464 5382
357 339 417 400 140
853 359 874 398 ι.
898 343 1094 408 coronavit,

353 524 509 598 specialiter
535 540 569 579 eo
587 522 688 594 flagelli
706 515 838 594 ternpore,
856 539 920 579 cum
947 539 1063 594 regnum
1081 540 1163 580 suum
1180 524 1274 580 divino
1288 523 1395 596 jndicio
1413 525 1512 584 fornax
1531 545 1596 584 auc.

351 611 484 670 cenderat
502 611 690 678 Tartarorum,
708 611 785 681 regio
802 611 880 666 lateri
898 609 1016 667 fideliter
1034 627 1064 668 se
1082 613 1261 683 coniungens,
1274 611 1428 669 officiosum
1438 615 1597 672 exhibuerit

352 701 418 758 totis
438 697 550 766 viribus,
569 715 634 754 cnm
651 699 709 755 suis
726 699 798 754 circa
822 700 914 770 regiae
931 698 1087 756 custodiam
1104 701 1256 756 maiestatis
1275 699 1384 767 stando,
1404 719 1490 775 qnare
1507 702 1596 761 donat

354 791 380 846 ei
397 794 498 845 terram
516 787 691 858 Dulypchka,
710 804 782 858 quae
800 787 836 843 ed
854 805 953 844 manus
971 789 1062 860 regiae
1074 788 1205 845 defuncto
1219 789 1325 862 absque
1337 789 1456 846 haerede
1468 790 1596 848 Petkone

353 877 389 933 de
406 875 554 934 sclavonia
572 875 662 931 extitit
679 875 823 944 devoluta;
842 877 926 948 inque
944 877 1023 932 cuins
1041 883 1129 933 terrae
1147 879 1352 950 possessionem
1370 879 1437 934 facit
1453 877 1532 932 illum
1546 896 1597 950 per
1714 905 1715 908 ¹

354 964 513 1020 Diouinium
530 961 629 1018 ducem
647 963 733 1018 totius
752 963 901 1019 Slavoniae
919 963 1064 1020 introduci.
1083 963 1178 1020 Huius
1196 971 1285 1020 terrae
1302 970 1392 1021 metae
1410 971 1489 1020 sunt:
1502 966 1597 1022 Prima

354 1051 430 1124 apud
449 1050 570 1107 radicem
596 1049 676 1106 rivuli
703 1050 804 1106 Velilta
830 1051 1007 1124 Dulypchka,
1035 1052 1084 1107 ubi
1112 1057 1186 1108 terra
1212 1053 1295 1108 trium
1320 1069 1453 1124 generum
1471 1053 1596 1110 eiusdem

354 1139 483 1196 Petconis
501 1143 617 1209 excepta
634 1137 671 1192 ab
694 1137 792 1194 eedem
814 1143 887 1194 terra
911 1138 1080 1210 Dulypchka
1105 1145 1133 1196 et
1161 1140 1261 1197 collata
1284 1142 1312 1196 in
1337 1147 1465 1212 quartam
1489 1149 1597 1214 partem

355 1227 413 1284 auis
431 1225 542 1282 filiabus
560 1230 733 1296 segregatim
753 1243 849 1282 verane
876 1226 1008 1283 orientem
1031 1226 1107 1283 vadit
1125 1229 1153 1283 in
1178 1234 1263 1300 caput
1285 1229 1408 1284 eiusdem
1434 1229 1528 1298 rivuli;
1547 1247 1597 1302 per

355 1315 446 1371 variae
464 1317 553 1369 metas
573 1317 675 1368 terreas
700 1312 876 1371 ascendendo
898 1320 926 1370 et
948 1314 1143 1372 deecendendo
1165 1317 1286 1372 venitin
1307 1316 1411 1372 sontem
1428 1317 1519 1372 minor
1536 1315 1597 1372 Du·

355 1401 484 1476 lypehla,
502 1401 550 1472 qui
570 1406 682 1472 separat
698 1405 800 1456 terram
823 1402 907 1458 castri
925 1401 960 1458 de
978 1401 1127 1471 Rokonuk,
1149 1403 1197 1458 ubi
1215 1404 1344 1460 comitem
1362 1403 1487 1460 eiuadem
1504 1409 1595 1461 terrae

355 1490 466 1545 nomine
494 1487 651 1559 Vognialov
677 1489 774 1561 recipit
799 1489 853 1544 sibi
879 1495 1107 1560 commetaneum
1135 1491 1287 1548 ascendens
1314 1493 1341 1547 in
1369 1497 1455 1564 caput
1481 1492 1595 1549 minoris

354 1575 524 1649 Dulypchka
549 1575 644 1631 Rados
671 1581 813 1644 vocatum
840 1577 904 1633 hinc
933 1579 1004 1632 inter
1030 1583 1135 1634 terram
1158 1579 1265 1635 comitis
1291 1579 1385 1635 Endre
1411 1586 1440 1636 et
1457 1582 1542 1636 castri
1560 1580 1597 1637 de

355 1663 497 1722 Rokonuk
515 1661 605 1719 tendit
623 1679 672 1734 per
689 1669 812 1720 montem
830 1664 858 1718 in
876 1681 1007 1735 magnam
1024 1665 1105 1732 dnm,
1124 1682 1196 1736 quae
1213 1665 1356 1722 descendit
1373 1683 1390 1722 a
1408 1683 1430 1722 s.
1450 1668 1596 1736 Michaele,

355 1757 385 1809 et
402 1749 479 1808 vadit
495 1749 668 1821 Zagrabiam,
687 1750 735 1805 ubi
758 1753 832 1806 terra
856 1752 939 1808 canui
962 1751 1103 1808 Bolonuh
1129 1754 1298 1820 terminatur,
1320 1759 1347 1810 et
1364 1760 1437 1810 terra
1457 1757 1540 1811 castri
1558 1755 1595 1812 de

356 1837 480 1896 Kemluk
508 1837 638 1904 moritur,
656 1836 705 1892 ubi
728 1837 868 1894 hominem
891 1837 1054 1895 Wolkomer
1076 1839 1164 1896 hlium
1186 1840 1299 1912 Kuplen
1322 1841 1419 1913 recipit
1445 1841 1498 1898 sibi
1526 1859 1601 1898 com·

355 1931 527 1992 metaneam
545 1922 646 1980 deinde
663 1924 699 1980 ed
711 1925 816 1981 fontem
829 1924 931 1982 Velila
948 1925 1116 1998 Dulypchka
1127 1928 1252 1986 aseendit
1268 1933 1398 1997 montem,
1417 1929 1465 1986 ubi
1490 1929 1600 2002 Wydua

355 2013 533 2084 iobagionem
550 2011 634 2070 caste
651 2012 686 2070 de
699 2013 822 2069 Kemluk
839 2015 936 2086 recipit
952 2020 1181 2082 commetaneum,
1199 2014 1370 2072 descendens
1391 2021 1419 2071 et
1442 2017 1598 2072 ascendens

358 2102 394 2158 ad
412 2107 513 2158 terram
531 2101 687 2172 iobagionis
703 2101 852 2173 Wolhyna,
871 2101 971 2159 deinde
995 2103 1030 2158 ad
1049 2103 1154 2160 fontem
1171 2103 1274 2159 Veliira
1291 2104 1357 2170 viae,
1376 2109 1404 2159 et
1421 2103 1506 2159 habet
1523 2121 1603 2160 com·

357 2196 515 2248 metaneam
533 2189 702 2260 Wolkynem
725 2207 789 2245 cum
815 2191 891 2246 omni
915 2207 967 2246 sua
989 2191 1135 2262 progeni03
1159 2207 1209 2262 per
1225 2190 1356 2247 Velikam
1377 2197 1600 2247 commetaneum

357 2279 457 2351 recipit
472 2278 547 2335 Jaxa
564 2278 696 2347 bannum,
716 2283 744 2334 et
762 2278 836 2334 venit
860 2278 897 2334 ad
915 2284 1024 2342 metam.
1050 2277 1098 2334 ubi
1116 2284 1182 2334 sunt
1199 2279 1381 2335 commetenei
1399 2279 1508 2335 subulci
1526 2281 1601 2351 regia

359 2372 388 2422 et
405 2367 528 2423 centurio
547 2365 672 2438 ipsorum
690 2365 834 2437 Myaluna3
859 2372 887 2422 et
908 2366 979 2423 redit
1003 2365 1039 2421 ad
1058 2367 1176 2438 primam
1193 2371 1296 2422 metam
1313 2365 1349 2422 ad
1368 2366 1473 2424 iontem
1491 2367 1603 2423 Welilra

411 2545 473 2598 Hae
491 2543 596 2598 litteras
613 2541 759 2598 confirmat
776 2559 825 2598 rex
853 2541 1012 2614 Stephanus
1031 2558 1055 2597 a
1075 2542 1144 2598 1270
1162 2542 1198 2598 ad
1217 2542 1377 2614 petitionem
1395 2541 1497 2610 Lucae,
1516 2541 1602 2614 Vydi,

359 2629 503 2686 Michaelis
522 2637 550 2687 et
566 2631 641 2687 Petri
659 2631 780 2688 filiorum
797 2631 905 2686 comitis
923 2630 1060 2688 Andreae.

411 2720 502 2776 Oodec
520 2719 590 2788 dipl.
604 2721 720 2788 patriae
737 2723 801 2775 tona
823 2717 888 2790 VII,
903 2733 934 2788 p.
953 2721 995 2774 29.
1017 2717 1232 2788 lionsumptam
1253 2733 1316 2786 cap.
1334 2733 1410 2788 capr.
1428 2718 1455 2774 d.
1474 2735 1501 2774 c.
1520 2721 1599 2774 1449.

359 2805 392 2864 a·
408 2821 470 2862 raca
488 2805 653 2862 collectore.

413 2945 617 3002 cccclxvi
634 2944 722 3015 Apud
745 2949 866 3000 maram
888 2945 969 3014 Zela,
986 2948 1029 2998 11.
1055 2943 1181 3000 Octobris
1199 2947 1278 2999 1244.
1296 2944 1364 3001 Bela
1380 2944 1425 3001 1v
1443 2962 1492 3002 rex
1511 2947 1601 3002 mani·

360 3036 462 3092 lencm
488 3034 562 3104 feeit,
590 3032 746 3104 quodcum
763 3032 908 3088 interiecto
927 3032 1031 3089 Muhor
1055 3049 1104 3104 per
1121 3031 1241 3106 impetun
1264 3033 1443 3090 Tartarorum
1467 3040 1495 3089 et
1518 3051 1604 3107 nepo-

359 3124 435 3180 tibus
461 3122 586 3179 eiusdem
609 3122 638 3176 in
661 3121 848 3192 captivitatem
872 3119 963 3175 ductie
987 3120 1176 3192 possessiones
1204 3137 1300 3176 eorum
1324 3120 1359 3176 ad
1384 3137 1483 3176 manua
1511 3123 1603 3193 regiae

360 3211 508 3268 devolutae
525 3209 634 3278 fuerint,
653 3209 785 3278 magistro
803 3207 862 3263 Filo
872 3207 1032 3279 praeposito
1044 3206 1214 3277 zagrabienei
1227 3212 1255 3262 et
1267 3206 1397 3262 fratribus
1410 3208 1468 3262 auis
1480 3208 1604 3266 Thomae

361 3299 454 3356 comiti
471 3303 500 3354 et
516 3297 599 3353 Petro
616 3295 779 3352 contulisset
788 3312 795 3363 ;
814 3293 994 3366 postmodum
1012 3293 1106 3348 divine
1124 3293 1295 3365 providentia
1315 3293 1431 3350 liberato
1449 3301 1477 3350 et
1494 3311 1604 3353 reverso

361 3387 397 3443 de
414 3385 574 3458 captivitate
591 3383 648 3440 filio
665 3381 765 3439 Jacobi
784 3387 886 3454 nepote
903 3381 969 3438 dicti
988 3381 1098 3450 Muhor,
1117 3380 1285 3437 diffiniturus
1304 3387 1384 3450 esset,
1403 3381 1470 3453 quid
1489 3381 1524 3438 de
1543 3384 1604 3438 eius

362 3474 421 3530 lieri
439 3473 540 3529 debeat
558 3469 742 3543 poeeeesione,
759 3469 946 3526 mercantibus
964 3469 1081 3525 invicem
1099 3474 1127 3524 et
1143 3469 1350 3541 imponentibus
1368 3471 1529 3541 amagistro
1544 3471 1605 3527 Fila

362 3569 391 3618 et
408 3559 538 3616 fratribus
564 3559 621 3614 suin
645 3563 740 3613 notam
761 3557 931 3614 infidelitatis
955 3555 1095 3630 praedicto
1121 3557 1232 3624 Mubor,
1250 3557 1362 3614 tandem
1381 3557 1514 3613 babentes
1533 3559 1605 3614 inter

362 3665 394 3705 ae
411 3645 584 3704 amicabilem
607 3647 835 3718 compositionem
859 3645 995 3718 praedicti
1021 3645 1082 3700 Fila
1105 3649 1133 3701 et
1155 3645 1254 3700 fratrea
1278 3645 1322 3700 eui
1346 3645 1550 3716 poseeeeionem
1568 3645 1605 3701 ad

363 3751 462 3792 manus
480 3733 570 3806 regiae
588 3737 750 3801 statuerunt,
775 3749 845 3805 quaa
868 3751 918 3790 rex
941 3732 1096 3789 reddendae
1120 3731 1194 3788 dicto
1219 3733 1275 3789 tilio
1299 3731 1398 3788 Jacobi
1421 3731 1550 3802 decrevit,
1577 3739 1606 3789 ct

363 3823 489 3891 rectituit,
508 3826 638 3894 exempta
660 3827 734 3877 terra
757 3827 785 3877 et
809 3822 886 3888 silva,
911 3837 996 3893 qnam
1019 3819 1110 3876 dictus
1129 3820 1230 3876 Mubor
1254 3820 1290 3874 ab
1308 3819 1380 3876 Abel
1399 3825 1511 3892 emerat,
1529 3838 1603 3892 quae

363 3910 496 3967 vicinitati
513 3914 602 3966 terrae
620 3909 709 3964 sancti
728 3909 839 3964 Martini
858 3907 1065 3980 (Boijalrovina)
1084 3907 1199 3976 adiacet,
1218 3911 1246 3962 et
1263 3923 1349 3978 quam
1375 3909 1491 3963 Alexius
1517 3907 1603 3964 frater

364 3997 453 4071 ipsiue
471 3997 575 4054 Mnbor
592 4001 620 4053 et
637 3997 711 4053 idem
729 3997 802 4052 lilius
819 3995 920 4053 Jacobi
937 4012 988 4067 pro
1005 3995 1081 4052 bono
1103 3997 1179 4067 pacis
1197 3995 1330 4066 magistro
1348 3995 1409 4052 File
1426 3999 1454 4052 et
1471 3995 1532 4066 eius
1551 3996 1605 4052 ira·

364 4085 453 4142 tribuo
470 4086 545 4143 bona
562 4085 704 4141 voluntate
721 4084 834 4140 remisit
853 4083 936 4152 Quod
955 4089 983 4139 et
999 4100 1048 4140 rex
1071 4083 1192 4140 roborat.

417 4173 515 4243 Feiir:
536 4172 601 4230 coa
619 4172 688 4242 dipl.
707 4174 800 4242 coep.
821 4173 849 4225 Γ.
868 4171 918 4226 IV.
936 4175 989 4228 col.
1008 4175 1032 4241 1,
1048 4188 1078 4242 p.
1098 4174 1160 4228 342.

418 4295 640 4352 OOOOLXVII.
664 4295 750 4366 Apud
773 4303 896 4353 ecetram
919 4296 999 4368 zela,
1018 4299 1057 4351 lt.
1077 4295 1200 4351 octobrio
1223 4295 1388 4352 1244.Be1a
1405 4295 1448 4352 1v
1466 4313 1516 4352 rex
1534 4296 1607 4352 noti·

366 4385 460 4454 ficana
479 4383 554 4456 qnod
574 4383 694 4440 Michael
712 4400 804 4440 comer
822 4383 858 4440 de
875 4381 997 4454 Vorosd,
1015 4381 1100 4438 frater
1116 4381 1212 4439 Buaad
1224 4383 1340 4452 comitia,
1353 4400 1372 4439 a
1384 4383 1524 4455 primaevo
1538 4401 1606 4456 pue·

365 4473 445 4530 ritiae
462 4473 536 4545 regis
563 4479 687 4544 tempore
711 4472 867 4528 exhibuerit
890 4471 943 4526 sibi
966 4470 1115 4527 eminentia
1132 4487 1218 4543 opera
1236 4471 1384 4538 fidelitatis,
1403 4469 1474 4528 adeo
1493 4477 1525 4526 ut
1542 4473 1603 4528 eiua

366 4560 458 4618 adhuc
475 4567 570 4617 tenero
587 4561 666 4616 lateri
684 4559 791 4616 ardenti
812 4558 950 4616 desiderio
973 4557 1146 4630 conjunctus,
1170 4559 1199 4614 in
1217 4557 1343 4616 custodia
1360 4561 1389 4614 et
1406 4558 1527 4616 tuicione
1545 4561 1605 4616 eine
1716 4549 1717 4590 l

367 4665 503 4724 personae
520 4648 589 4705 nulli
606 4665 636 4706 ae
654 4652 682 4705 et
701 4665 752 4704 aua
766 4647 889 4722 periculo
901 4662 1039 4720 exponere
1051 4645 1225 4718 formidarem
1237 4644 1416 4719 postmodum
1427 4651 1529 4716 autem
1542 4663 1606 4705 cum
1716 4653 1717 4700 t
