3480 5356
337 427 400 490 316
842 452 862 490 r.
883 438 1081 508 remansuris,

335 614 439 670 diensis
458 613 616 685 praepositi,
643 612 725 668 aulae
743 611 969 668 vicecancellarii.
990 611 1182 667 Existentibus
1207 611 1319 684 Philipo
1344 611 1528 683 Strigoniensi
1550 617 1577 670 et

335 699 354 758 J
356 702 465 758 eumne
484 701 504 756 S
507 701 590 772 palat
609 699 833 770 archiepiscopis.
852 699 1000 754 Timotheo
1011 699 1191 769 Zagrabiensi
1204 699 1346 770 episcopo,
1359 699 1478 756 Nicolao
1489 699 1580 756 iudice

335 790 436 856 curiae,
464 788 564 844 comite
591 787 758 857 Simigiensi.
782 785 929 843 Joachimo
947 786 1022 842 bano
1048 786 1134 842 totius
1159 786 1316 856 Sterculus,
1341 787 1425 842 Petro
1449 789 1582 858 magistro

334 875 532 947 Dspiisrorum
550 875 651 932 comite
669 873 704 929 de
723 873 863 941 Grechke,
879 873 969 930 Paulo
981 871 1055 928 bano
1067 873 1168 930 comite
1187 873 1371 943 Bachinienei,
1389 873 1495 930 Ponieh
1510 873 1581 929 bano

334 963 435 1018 comite
453 961 620 1017 Zaladiensi.
1163 973 1165 978 ·

387 1052 422 1104 In
441 1049 554 1104 arctico
572 1047 706 1104 camerali
723 1047 855 1104 amens.
880 1047 999 1103 Weosei:
1025 1048 1090 1104 Ocd.
1110 1047 1181 1116 dipl.
1199 1047 1309 1118 Arpoci.
1332 1049 1361 1104 T.
1379 1046 1457 1105 VIII.
1474 1065 1504 1118 p.
1518 1051 1581 1103 384.

388 1188 511 1245 MLXV.
530 1191 565 1244 In
580 1188 713 1258 pertibus
731 1187 885 1244 Sieeonice
902 1189 981 1258 opud
999 1189 1158 1260 Toplioam.
1179 1190 1256 1246 1272.
1272 1192 1295 1240 8.
1308 1187 1400 1244 «lunii.
1419 1187 1581 1260 Stephanus

335 1277 372 1334 V.
390 1294 439 1333 rex
458 1275 605 1333 confirmat
622 1276 754 1332 ecelesiae
772 1274 974 1347 Vesprimiensi
992 1277 1199 1346 possessionem
1221 1273 1335 1345 Ohycho
1353 1275 1380 1330 in
1399 1274 1472 1331 valle
1490 1274 1581 1344 idrag

334 1365 416 1420 sitem
434 1381 452 1419 a
469 1363 537 1418 Bela
555 1361 607 1418 IV.
626 1378 691 1433 sege
710 1361 800 1420 eidem
816 1361 950 1418 ecclesiae
968 1361 1109 1420 donatam.

387 1448 489 1520 ¹Fejer:
510 1449 575 1506 God.
594 1448 664 1518 dipl.
686 1449 714 1502 Τ.
739 1449 803 1506 VII.
821 1449 873 1504 oei.
891 1449 933 1502 11.
949 1463 978 1518 p.
997 1452 1039 1504 18.

385 1587 524 1645 MLXVI.
542 1589 668 1660 Spalstl.
689 1591 768 1645 1272.
787 1592 827 1645 14.
845 1587 937 1644 santi.
955 1587 1102 1658 Regnaute
1120 1587 1264 1659 Stephano
1286 1603 1359 1658 rege,
1380 1592 1505 1658 tempore
1529 1587 1579 1644 Jo

333 1676 414 1730 annis
432 1674 633 1746 archiepiscopi
651 1673 832 1745 Spalatensis,
850 1673 980 1730 Josehini
1004 1674 1121 1744 Pectari,
1145 1675 1211 1730 bani
1234 1673 1391 1743 Slsvoniae,
1416 1680 1445 1730 et
1467 1675 1576 1730 comitis

333 1761 489 1818 Vulehetae
507 1761 662 1833 potestatis,
680 1760 770 1816 Dobri
789 1761 950 1830 Dusciaaae,
967 1760 1106 1817 Vuleinae
1129 1761 1240 1830 Thesae,
1264 1760 1395 1818 iudicum.
1412 1759 1575 1816 Praedictus

335 1849 563 1920 archiepiscopus
581 1847 712 1917 notificat,
731 1846 806 1918 quod
830 1854 961 1920 suscepta
984 1849 1125 1920 regiminis
1142 1866 1210 1905 eura
1228 1849 1326 1906 dolens
1344 1851 1475 1923 repererit
1493 1851 1578 1906 eccle

335 1935 403 1990 siam
431 1936 624 2006 spalatensem
643 1934 679 1990 de
698 1951 750 1990 sua
767 1935 882 2006 antiqua
904 1935 1039 2007 dignitate
1062 1935 1159 1992 multis
1182 1936 1273 1993 medie
1297 1936 1445 2008 spoliatam
1468 1941 1497 1992 et
1520 1937 1578 1991 suis

330 2021 442 2092 juribus
459 2021 622 2078 destitutam
641 2037 711 2078 esse.
729 2021 858 2092 Percepit
875 2022 959 2091 etiam
976 2021 1015 2078 ab
1032 2024 1094 2094 ipso
1113 2021 1265 2094 primordio
1290 2025 1333 2078 sul
1356 2023 1492 2080 adventus
1515 2041 1578 2095 prc-

332 2109 451 2163 rincism
469 2108 568 2164 Liham
586 2108 622 2164 ad
641 2108 795 2180 praefatam
813 2108 909 2164 eedem
928 2109 1033 2181 Spslst
1047 2111 1221 2181 pertinuisse,
1240 2111 1359 2181 ideoque
1377 2126 1440 2166 eum
1458 2111 1574 2166 consilio

333 2199 362 2251 et
379 2211 518 2250 consensu
539 2196 655 2267 capituli
676 2195 779 2251 dictem
801 2196 971 2266 provinciam
989 2195 1025 2252 ad
1040 2198 1088 2268 jus
1106 2203 1134 2253 et
1152 2198 1349 2269 proprietatem
1368 2197 1443 2254 beati
1460 2197 1574 2254 Domnii

331 2298 471 2338 resumere
489 2283 594 2353 volens,
611 2281 726 2338 domino
744 2283 802 2353 regi
821 2287 918 2338 eontra
936 2282 1110 2356 Stephanum
1126 2285 1290 2355 episcopum
1303 2284 1465 2341 Nouensem
1477 2299 1576 2356 graves

332 2370 538 2441 quaerimonias
555 2369 684 2426 iaciendo
702 2370 795 2440 ipsum
812 2371 842 2424 in
859 2385 975 2426 causam
997 2385 1092 2426 eoram
1109 2386 1174 2441 rege
1193 2372 1313 2427 attraxit
1340 2371 1469 2442 Oumque
1492 2386 1577 2440 nego-

331 2457 401 2510 tium
420 2455 467 2510 diu
485 2456 624 2512 intereos
642 2461 801 2524 verteretur,
826 2456 996 2528 supplicavit
1019 2457 1160 2513 Nouensis
1186 2459 1335 2530 episcopus
1352 2463 1383 2513 ut
1402 2457 1454 2512 sibi
1472 2457 1577 2513 miseri·

331 2541 451 2599 corditer
465 2543 604 2613 justitiam
621 2541 781 2598 declararet
795 2543 975 2615 Quapropter
987 2545 1214 2617 archiepiscopus
1226 2550 1255 2601 et
1266 2545 1419 2616 capitulum
1432 2545 1577 2616 cupientes

328 2631 377 2700 jus
396 2631 529 2686 ecclesiae
553 2629 696 2686 Nouensia
719 2645 892 2699 conservare,
917 2631 1013 2687 habito
1037 2631 1152 2687 consilio
1176 2647 1241 2687 curn
1269 2631 1441 2703 sapientibus
1465 2637 1493 2686 et
1515 2627 1578 2687 reli-

330 2717 417 2787 giosis
435 2717 500 2772 viris
518 2716 708 2773 deliberarunt
726 2716 895 2788 praedictam
923 2719 1089 2790 provintiam
1112 2717 1185 2776 Lika
1210 2735 1274 2774 cum
1299 2719 1429 2775 omnihus
1453 2719 1512 2773 suis
1534 2719 1578 2790 ju-

329 2803 407 2858 ribus
425 2809 454 2859 et
471 2805 653 2876 pertinentiis,
673 2805 750 2860 salso
769 2805 935 2860 visitationis
953 2805 1054 2874 officio,
1085 2804 1228 2876 Stephano
1253 2806 1371 2861 nonensi
1397 2805 1531 2877 episcopo
1549 2811 1577 2860 et

330 2891 389 2946 suis
415 2891 621 2949 successorihus
649 2891 762 2963 pacifice
789 2890 987 2963 possidendam
1014 2893 1177 2964 relinquere.
1210 2891 1409 2948 Praesentibus
1432 2893 1574 2949 nobilibus

329 2979 395 3035 viris
422 2979 544 3036 Martino
571 2977 731 3050 Grisogcni‚
757 2979 883 3050 Josepho
907 2979 982 3034 Petri
1005 2983 1033 3034 et
1057 2979 1179 3034 Martino
1204 2978 1351 3036 Simeonis.
1375 2979 1469 3036 Lucas
1491 2993 1575 3036 canc·

329 3065 409 3121 nicus
426 3071 455 3122 et
472 3067 597 3122 notarius
615 3065 721 3138 Spalat
739 3066 857 3138 scripsit.

382 3151 516 3210 Forlote':
533 3153 616 3224 illyr.
633 3169 704 3210 sacr.
726 3154 756 3210 T.
774 3153 833 3208 111.
850 3167 878 3222 p.
890 3155 951 3209 285.

382 3309 802 3370 murmuraremus.
825 3309 987 3381 Stephanus
1004 3307 1040 3364 V.
1065 3325 1114 3364 rex
1135 3310 1282 3366 confirmat
1304 3311 1411 3366 litteras
1437 3309 1573 3382 Stephani

329 3399 394 3454 beni
413 3413 464 3470 pro
483 3397 605 3470 quodam
624 3397 711 3452 nobili
735 3397 845 3468 Perugh
864 3396 898 3452 de
916 3397 1103 3468 generatione.
1116 3396 1207 3464 Boith,
1230 3398 1331 3453 nobilis
1356 3397 1392 3454 de
1409 3398 1568 3465 Tetschich‚

328 3483 363 3540 de
389 3486 465 3542 Lice.
488 3484 681 3540 Existentibus
702 3483 813 3540 Joanue
837 3483 944 3555 Spalat.
968 3483 1187 3556 archiepiscopo,
1209 3485 1355 3542 Timothae
1373 3485 1491 3556 Zagrab.
1516 3487 1572 3557 epi·

328 3573 452 3644 piscopo‚
470 3572 618 3628 Joachimo
636 3571 710 3626 bano
732 3571 887 3627 Slavoniae.

380 3678 429 3732 Ee
447 3682 624 3746 transumpto
642 3675 818 3747 Sipiemursdi
834 3675 913 3746 repis.
932 3673 1135 3732 Marcellorict.

379 3833 548 3890 MLXVIH.
568 3835 650 3889 1272.
669 3837 712 3888 1⁷.
729 3833 821 3888 Junci.
833 3832 994 3905 Stephanus
1012 3831 1049 3888 V.
1068 3849 1117 3890 rex
1135 3832 1172 3888 ad
1190 3833 1351 3889 instantiam
1363 3832 1500 3889 Timothei
1513 3833 1571 3905 spi·

327 3922 405 3991 scopi
422 3921 540 3990 Zagrab.
559 3926 590 3976 ut
609 3919 784 3992 privilegium
804 3919 933 3975 Andreae
951 3920 990 3976 11.
1008 3921 1081 3990 regie
1100 3919 1154 3975 sub
1172 3935 1257 3975 aurea
1274 3920 1353 3976 bulla
1370 3921 1524 3988 obtentum,
1543 3925 1571 3976 et

325 4007 561 4063 confirmatorium
578 4007 663 4062 Belac
680 4005 732 4061 IV.
750 4007 823 4077 regis
844 4023 929 4078 super
946 4007 1120 4062 immunitate
1139 4007 1275 4062 libertatis
1303 4008 1436 4064 ecclesiae
1452 4007 1569 4077 Zagrsb.

326 4093 487 4164 dignaretur
504 4109 605 4150 aureae
624 4093 718 4149 bullae
730 4093 876 4149 munimire
894 4093 1031 4161 roborem
1051 4110 1177 4150 annuens
1196 4095 1323 4166 petitioni
1345 4099 1498 4150 memorata
1517 4093 1570 4165 pri·

326 4181 426 4251 vilegla
444 4197 496 4236 sua
514 4198 599 4238 aures
617 4181 694 4236 bulla
712 4179 878 4248 roborando,
906 4181 961 4252 ipsi
979 4179 1096 4251 Zagrah.
1116 4181 1257 4248 ecclesiae,
1276 4182 1438 4252 praesertim
1462 4180 1500 4236 cb
1523 4179 1570 4235 de·

325 4270 465 4324 sotionem
484 4268 513 4324 S.
531 4269 604 4338 regie
623 4267 756 4335 ladislai,
775 4267 823 4338 qui
841 4267 989 4322 eliminatis
1007 4267 1168 4338 gentilitatis
1187 4266 1327 4324 erroribus
1345 4269 1372 4322 iu
1392 4267 1495 4322 ducatu
1509 4267 1569 4321 Sla-

326 4355 433 4422 voniae,
452 4354 648 4425 Zagrabiensis
666 4354 800 4410 ecelesiae
818 4353 967 4409 instructor
985 4355 1175 4410 sanctissimus
1194 4355 1285 4410 extitit
1308 4360 1336 4410 et
1360 4354 1505 4421 fundator;
1528 4359 1568 4409 at

324 4441 441 4498 tendens
459 4459 543 4513 porro
560 4443 698 4498 Timothei
719 4442 845 4513 episcopi
867 4439 1051 4508 devotionem,
1070 4441 1118 4512 qui
1136 4458 1221 4512 opere
1238 4441 1354 4496 mirilico
1373 4446 1401 4496 et
1418 4442 1567 4514 plurimum

326 4535 492 4599 sumptuoso
510 4531 590 4600 quasi
604 4529 768 4584 dissolutam
785 4529 814 4582 in
833 4529 877 4584 sui
894 4544 1010 4600 corpore
1023 4545 1039 4583 a
1052 4529 1141 4598 primo
1153 4527 1336 4584 fundamento
1348 4528 1438 4599 ipsam
1450 4527 1567 4598 Zagrsb.

325 4615 470 4670 eeclesiam
497 4617 643 4688 reperavit,
670 4614 784 4671 mandat
806 4615 947 4686 cuiquiam
972 4615 1054 4684 bano,
1079 4616 1162 4671 etiarn
1187 4615 1223 4671 de
1245 4617 1331 4688 stirpe
1354 4617 1431 4686 regia
1454 4615 1567 4670 deseen-

325 4699 410 4768 denti,
430 4703 472 4758 vel
490 4704 604 4759 cuilibet
621 4703 724 4768 comiti,
746 4701 829 4758 iudici
855 4707 905 4758 etc.
930 4718 965 4758 ne
989 4701 1124 4758 auderent
1148 4703 1268 4774 populos
1292 4703 1424 4758 ecclesiae
1448 4701 1567 4771 ngrab.
