3488 5380
696 370 840 458 messus.
1326 391 1387 456 231

144 586 222 643 colas
240 585 318 656 regni
337 583 379 640 aui
398 583 558 640 nullatenus
577 584 721 654 piraticam
738 581 915 650 merseburc,
935 598 985 638 nec
1003 582 1072 638 alias
1092 597 1141 636 eos
1159 579 1308 648 offendent,
1326 597 1390 636 con·

145 673 221 731 cedit
239 673 279 730 eis
297 672 436 729 licentiam
455 677 486 727 nt
503 672 531 726 in
550 671 655 728 dictum
673 688 790 742 regnum
808 671 918 727 Siciliae
942 687 1006 728 cnm
1030 669 1148 725 navibus
1172 670 1231 724 anis
1255 667 1324 724 salvi
1347 684 1391 722 ve·

147 763 235 830 uiant,
253 759 413 818 mandando
438 760 568 816 omnibus
587 760 645 816 suis
663 757 792 816 fidelibus
811 763 843 814 ut
860 758 954 814 nullus
978 775 1027 816 eos
1050 755 1192 830 impediat.
1214 757 1268 812 Per
1290 771 1390 810 manus

145 849 281 906 Gualterii
298 849 335 904 de
353 849 422 906 Orta
439 849 516 920 regni
534 848 647 905 Siciliae
664 848 828 904 cancellarii.

198 955 319 1011 Lucius:
338 957 379 1010 Dc
397 970 480 1025 regno
500 955 594 1011 Dalm.
613 961 639 1010 et
660 955 753 1011 (irent.
772 953 817 1009 bb.
837 951 888 1007 IV.
908 967 969 1020 cop.
990 951 1041 1007 IX.

199 1114 385 1171 Docnxxi.
417 1118 494 1171 1259.
521 1120 546 1170 3.
572 1115 688 1184 Aprilis.
716 1114 785 1169 Bela
808 1111 861 1169 IV.
888 1129 937 1168 rex
964 1112 1099 1180 notificat,
1126 1109 1202 1182 quod
1229 1110 1293 1166 licet
1319 1111 1390 1165 inter

145 1203 312 1272 magistrum
330 1202 444 1258 Petrum
462 1207 610 1274 patronum
628 1201 762 1258 ecclesiae
780 1217 802 1256 a.
822 1200 928 1256 Mariae
947 1201 974 1254 in
993 1200 1085 1254 insula
1102 1197 1195 1270 Egidii
1213 1203 1241 1253 et
1258 1199 1332 1253 cives
1353 1197 1388 1252 de
1460 1194 1465 1206 “

147 1290 241 1346 Grech
269 1289 384 1344 materia
402 1289 607 1344 controversiae
625 1287 723 1344 fuisset
743 1288 865 1354 suborta,
884 1286 960 1359 quod
979 1285 1035 1342 duo
1053 1285 1212 1343 molendina
1234 1302 1318 1356 super
1341 1285 1391 1338 flu-

144 1379 229 1444 vium,
248 1377 297 1447 qui
318 1375 416 1432 dividit
440 1381 541 1431 terram
566 1377 681 1448 capituli
698 1381 726 1432 et
743 1376 826 1432 castri
849 1375 941 1431 Grech
965 1392 1014 1446 per
1039 1373 1143 1430 dictum
1166 1375 1280 1430 Petrum
1304 1373 1390 1427 archi-

147 1464 297 1520 diaconum
315 1463 396 1535 Zagr.
415 1463 503 1519 ordini
523 1463 735 1520 (liscercitarum
758 1463 862 1521 donata
886 1468 913 1518 et
934 1479 984 1534 per
1007 1478 1100 1532 regem
1125 1461 1267 1533 privilegio
1293 1459 1390 1516 conssr-

91 1559 97 1572 '
145 1559 230 1620 mata,
248 1557 342 1608 tamen
359 1568 408 1606 rex
426 1551 460 1606 de
479 1568 552 1608 noso
571 1551 773 1608 confirmaverit
790 1550 865 1606 idem
884 1549 1068 1622 privilegium.

199 1655 326 1712 reduc.-
345 1655 423 1712 Mea.
440 1657 505 1712 bist.
528 1659 556 1712 T.
577 1659 598 1712 l.
616 1673 680 1728 pap.
699 1660 755 1712 121.

198 1813 401 1872 nccnxxu.
431 1819 507 1870 1259.
535 1819 578 1872 19.
601 1815 719 1886 Aprilis.
747 1813 893 1888 Philippus
918 1817 1068 1887 episcopus
1090 1813 1285 1885 Zagrabiensis
1308 1813 1391 1883 signi-

146 1905 220 1971 licut,
240 1901 318 1974 quod
336 1902 480 1959 Cucmano
502 1902 559 1959 lilio
578 1903 666 1972 Wete,
691 1903 809 1972 Endree,
833 1903 947 1959 Andrea
969 1909 997 1958 et
1019 1903 1108 1960 Paulo
1132 1919 1166 1958 ac
1188 1901 1303 1958 caeteris
1328 1900 1392 1955 liliis

148 1991 224 2048 Petri
243 1991 452 2062 proposuerint:
480 1991 556 2062 quod
575 2009 639 2048 cum
657 1993 701 2047 avi
719 2009 815 2048 eorum
834 1993 977 2064 cupientes
996 1991 1049 2047 sub
1068 1989 1237 2063 protectione
1259 1989 1392 2044 ecclesiae

148 2095 319 2150 permanere,
339 2095 370 2134 se
389 2095 453 2150 cum
472 2096 523 2134 sna
542 2080 719 2151 possessione
744 2079 837 2135 Casca
855 2079 978 2134 inferiori
996 2077 1129 2134 eccleciae
1147 2083 1301 2150 spontanee
1326 2075 1390 2130 sub·

147 2166 303 2233 misisseut;
331 2171 360 2222 et
383 2183 447 2222 cnm
471 2167 559 2222 multo
584 2172 708 2238 tempore
732 2183 781 2222 eos
805 2166 957 2238 capitulum
981 2166 1158 2234 confovisset,
1178 2164 1290 2220 tandem
1314 2163 1390 2235 ipsis,

144 2252 385 2325 proquibusdam
402 2253 529 2309 inimiciis
546 2254 712 2326 capitalibus
740 2254 959 2326 relinquentibus
983 2254 1085 2310 dictam
1107 2261 1209 2310 terram
1233 2259 1260 2308 et
1283 2269 1390 2308 moram

146 2340 313 2396 facientibus
330 2341 358 2396 in
377 2341 503 2412 partibus
521 2343 626 2410 alicnis,
645 2359 710 2398 cum
728 2341 817 2398 redire
836 2343 937 2398 vellent
960 2342 996 2398 ad
1020 2342 1145 2410 eandem,
1168 2341 1245 2412 ipsos
1267 2340 1388 2396 excluse-

146 2436 212 2485 runt
229 2430 266 2486 ab
285 2429 360 2485 omni
379 2429 497 2484 utilitate
515 2435 543 2484 et
560 2431 745 2501 possessione,
759 2447 844 2502 quare
857 2429 989 2502 petebant
1000 2430 1209 2486 restitutionem.
1229 2428 1390 2499 Capitulum

145 2517 290 2573 asserebat
308 2515 385 2588 quod
402 2533 455 2573 avo
475 2534 571 2574 eornm
589 2517 692 2573 dictam
716 2525 817 2573 terram
842 2520 867 2574 ei
891 2519 1050 2590 simpliciter
1073 2517 1225 2584 donaverit,
1250 2515 1327 2572 nullo
1350 2533 1390 2570 rc·

147 2609 224 2660 tento
240 2605 310 2675 jure,
331 2610 359 2660 et
376 2603 429 2660 hoc
447 2621 496 2660 rex
516 2603 643 2660 Andreas
655 2607 871 2672 confirmaverit;
889 2606 1079 2662 adiudicatum
1096 2605 1202 2661 suited
1220 2606 1274 2660 boc
1292 2610 1323 2658 ut
1341 2620 1390 2658 sex

147 2692 275 2748 canonici
298 2689 441 2762 deponant
465 2699 669 2748 sacramentum
692 2710 775 2764 super
801 2709 880 2749 suam
903 2695 1091 2749 assertionem.
1117 2694 1151 2748 ln
1176 2692 1250 2748 dicto
1275 2692 1390 2748 termino

144 2779 273 2836 canonici
290 2779 439 2835 noluerunt
456 2779 596 2851 deponere
620 2787 832 2846 sacramentum,
851 2781 899 2837 aed
918 2781 954 2836 ad
973 2781 1134 2837 evitandum
1159 2779 1322 2836 mandalum
1339 2778 1388 2834 do-

145 2872 283 2924 naverunt
301 2866 434 2922 adversae
452 2869 525 2939 parti
542 2875 628 2922 terras
648 2868 760 2924 Martini
780 2868 828 2923 filii
846 2867 934 2937 Nori,
954 2885 1026 2940 quae
1044 2874 1175 2925 contenta
1192 2868 1277 2924 cessit
1288 2873 1389 2923 terram

144 2955 239 3010 Caena
256 2955 387 3025 capitulo.

199 3059 326 3116 Tlcoldic:
345 3062 419 3116 Mon.
437 3061 500 3116 bist.
525 3063 554 3117 T.
573 3062 597 3117 1.
613 3076 641 3129 p.
662 3065 719 3118 121.

197 3201 413 3258 DOOLXXIII.
436 3206 513 3258 1259.
533 3205 624 3257 Mense
647 3204 745 3258 danic.
771 3203 862 3260 Jurko
890 3205 1065 3276 praepositus
1092 3203 1388 3274 quinqueeoclesienais

144 3295 242 3346 notum
261 3289 333 3356 facit,
352 3289 428 3359 quod
450 3294 533 3361 prout
551 3307 587 3345 ex
604 3291 701 3345 litteris
726 3291 809 3346 Belae
828 3292 901 3362 regia
920 3292 1087 3363 percepisset
1111 3291 1186 3363 quod
1204 3309 1298 3359 causa,
1316 3307 1388 3362 quae

144 3379 216 3433 inter
242 3376 412 3445 Ladialsum,
442 3377 601 3448 Philippum
622 3383 650 3434 et
667 3377 834 3450 Gregorium
852 3380 923 3434 filios
942 3379 1017 3434 Kleti
1035 3378 1144 3437 comitis
1173 3397 1209 3436 ex
1232 3397 1287 3435 una
1312 3386 1390 3450 parte

144 3471 173 3521 et
189 3465 210 3520 J
211 3465 285 3520 olam
303 3465 338 3520 de
356 3481 458 3535 genere
471 3465 552 3532 Kato,
571 3466 682 3521 nomine
694 3465 796 3522 nobilis
809 3473 952 3524 matronae
965 3467 1044 3523 Chen
1057 3473 1172 3524 vocatae
1185 3469 1296 3524 relictae
1317 3469 1390 3523 Petri

144 3554 253 3610 comitis
269 3552 304 3607 de
322 3553 400 3622 Opor
411 3551 485 3608 filiae
497 3553 620 3623 magistri
638 3553 758 3626 Philippi
771 3561 799 3611 et
810 3557 913 3610 sororis
926 3557 1035 3612 comit⁷s
1050 3557 1179 3629 Philippi,
1194 3573 1278 3628 super
1290 3561 1389 3626 quarta

146 3658 199 3696 sua
217 3647 245 3695 et
262 3639 328 3696 doe
346 3640 442 3694 matria
460 3657 528 3696 suae
546 3641 575 3695 in
594 3643 750 3712 praesentia
772 3644 845 3714 regis
873 3661 907 3699 ex
925 3645 1012 3700 altera
1031 3644 1078 3700 diu
1098 3646 1225 3700 extiterat
1248 3644 1388 3710 ventilata,

144 3728 256 3784 tandem
281 3744 315 3783 ex
334 3728 514 3799 permissione
529 3728 605 3797 regia
623 3729 808 3786 mediantibus
833 3732 897 3786 viris
923 3732 1080 3787 reverendis
1098 3738 1126 3788 et
1143 3731 1286 3803 providis:
1311 3737 1388 3801 patre

148 3816 279 3887 Philippo
298 3816 430 3887 episcopo
449 3816 638 3887 Zagrabiensi,
656 3819 789 3889 magistro
811 3819 965 3890 Smaragdo
990 3825 1057 3874 tunc
1080 3821 1239 3890 praeposito
1264 3819 1390 3886 Albensi,

146 3909 174 3959 et
196 3903 429 3971 vicecancellario‚
452 3903 614 3960 Alexandro
639 3907 739 3961 comite
757 3905 792 3962 de
811 3907 887 3962 Zana
906 3911 933 3962 et
950 3907 1083 3978 magistro
1107 3907 1182 3962 Bsch
1206 3907 1242 3962 sd
1266 3907 1319 3962 hoc
1344 3905 1390 3961 de·

148 3997 261 4046 sentum
280 3990 386 4058 suisset,
403 3991 478 4060 quod
497 3999 598 4048 terrem
616 3993 702 4048 Scent
719 3993 794 4048 Iwan
819 4011 905 4064 quam
921 3994 988 4050 dicti
1007 3995 1075 4050 Lad.
1093 3995 1240 4066 Philippus
1259 4003 1287 4050 et
1305 3993 1388 4064 Greg.

149 4079 248 4134 fratres
273 4079 327 4150 ipsi
351 4077 480 4135 dominae
499 4096 549 4152 pro
567 4079 632 4136 dote
651 4087 678 4136 ct
696 4099 748 4154 pro
768 4088 866 4152 quarta
894 4098 960 4138 suae
987 4084 1083 4138 matris
1111 4087 1266 4138 statuerunt
1293 4081 1390 4138 eadem
1451 4096 1455 4108 ·

148 4167 263 4224 domina
281 4168 372 4238 ipsam
390 4173 490 4222 terram
509 4168 595 4224 Scent
613 4169 682 4223 Ivan
700 4168 780 4224 dictis
799 4169 929 4224 iratribus
947 4171 1122 4242 relinqueret,
1147 4186 1219 4241 quse
1245 4175 1317 4224 terra
1343 4188 1391 4241 per

145 4255 289 4322 Thomam,
313 4254 425 4310 fratrem
453 4255 549 4311 Philae
573 4258 722 4328 praepositi
741 4263 768 4312 et
786 4275 847 4329 sup.
875 4259 992 4327 comitis,
1012 4276 1047 4313 ex
1066 4265 1143 4329 parte
1171 4257 1302 4325 Ladislai‚
1327 4257 1390 4312 Phi-

149 4343 218 4414 lippi
237 4347 266 4398 et
285 4341 411 4412 Gregorii
439 4349 466 4398 et
489 4361 538 4415 per
563 4343 696 4399 Ivanlram
724 4347 851 4401 comitem
880 4345 968 4400 filium
995 4346 1082 4400 Balsn
1110 4351 1137 4400 et
1165 4345 1327 4400 Samsonem
1357 4345 1391 4398 de

147 4429 182 4484 de
200 4443 302 4501 genere
322 4429 380 4484 Bos
399 4445 449 4500 pro
468 4437 547 4503 parte
568 4431 683 4488 adversa
702 4451 752 4503 pro
771 4435 804 4488 45
823 4435 923 4488 marcis
946 4433 1035 4488 extitit
1052 4434 1205 4500 aestimata,
1229 4431 1264 4487 de
1288 4433 1390 4504 quibus

146 4517 212 4573 dicti
232 4517 332 4570 iratres
350 4515 441 4572 eidem
459 4519 589 4574 dominae
614 4525 642 4574 et
667 4520 740 4575 dicto
764 4521 848 4576 Julae
875 4521 911 4576 ΞΟ
938 4537 1044 4575 marces
1072 4521 1270 4592 persolverunt.
1298 4521 1390 4590 Quam

146 4604 378 4677 compositionem
398 4622 445 4662 rex
464 4608 531 4661 Bela
552 4608 731 4662 confirmavit.

198 4711 296 4782 Fejer:
318 4713 409 4769 Oodec
427 4711 496 4782 dipl.
518 4711 545 4767 Τ.
564 4712 744 4772 1V.sol.11.
762 4730 791 4786 p.
811 4717 868 4771 518.
