3464 5382
343 389 405 456 134
835 411 856 452 1.
879 395 1076 472 summere,

393 575 614 634 ooooxnvn.
632 576 714 648 athi,
731 581 756 632 3.
775 575 936 632 Novembris
946 579 1021 632 1423.
1045 574 1229 647 Temporibus
1246 573 1347 630 Jacobi
1365 573 1482 646 Teupoli
1500 572 1580 629 ducis

340 665 530 736 venetiarum,
547 665 628 720 Peuli
645 663 770 718 arbensis
795 663 926 735 episcopi,
945 663 1058 734 Rogerii
1076 663 1238 719 Menroceni
1260 663 1375 731 comitis,
1394 661 1468 719 idem
1485 677 1580 718 comes

340 768 404 807 cum
422 759 481 808 tote
498 751 695 808 communitate
713 751 831 806 civitatis
849 750 926 819 Arbi,
938 752 967 806 in
979 752 1135 822 praesentis
1146 751 1379 807 ambasciatorum
1390 752 1580 807 veneticorum

340 839 456 894 Henrici
472 839 634 910 Fasqueligi
656 845 685 894 et
701 837 802 894 llerini
826 837 992 910 Superentii,
1017 855 1067 910 per
1084 843 1287 895 sacramentnm
1305 839 1441 911 promisit,
1461 856 1478 894 e
1495 838 1581 894 modo

341 942 430 996 nsque
449 925 484 982 ad
502 931 559 982 tres
577 942 665 982 ennos
689 926 797 980 firmum
814 926 975 981 societetem
997 925 1100 982 babere
1118 943 1181 982 cum
1200 926 1329 982 omnibus
1347 925 1513 992 hominibus,
1532 927 1581 997 qui

341 1019 407 1068 sunt
423 1013 460 1068 ed
479 1029 610 1085 praesens
628 1013 671 1069 vel
689 1019 770 1068 erunt
787 1012 898 1081 Jedree,
916 1017 1019 1068 etcum
1032 1014 1160 1070 omnibus
1173 1015 1331 1070 homiuibus
1344 1014 1451 1070 insulse
1463 1013 1582 1084 Vegliee

341 1107 369 1158 et
387 1101 473 1158 totius
490 1101 598 1158 insulse
616 1101 788 1174 epserensis3
812 1107 840 1157 et
864 1117 948 1173 super
965 1101 1009 1156 his
1034 1101 1163 1157 omnibus
1180 1102 1298 1158 debeant
1314 1101 1418 1158 hebere
1435 1117 1526 1172 usque
1544 1099 1582 1156 ad

341 1189 445 1244 dictum
463 1190 610 1244 torminum
628 1205 711 1244 suum
728 1195 862 1244 rectorem
880 1189 966 1256 illum,
985 1189 1033 1260 qui
1051 1195 1094 1245 est
1111 1191 1154 1246 vel
1172 1191 1224 1246 erit
1236 1195 1326 1246 rector
1336 1188 1449 1244 Jedree.
1461 1189 1499 1244 Et
1509 1189 1580 1244 heec

341 1277 459 1332 societas
477 1276 530 1331 sub
548 1275 642 1332 debito
662 1277 823 1347 junemento
849 1281 958 1331 tenetur
981 1275 1071 1332 iecere
1089 1277 1180 1332 vivum
1198 1293 1327 1347 guerram
1344 1276 1380 1332 de
1398 1277 1535 1346 sanguine
1552 1279 1582 1330 et

340 1363 403 1419 ioco
420 1363 549 1418 omnibus
567 1363 695 1418 Ksenetis
713 1369 741 1420 et
758 1362 987 1436 depredstoribus
1005 1364 1097 1433 meris,
1116 1370 1144 1419 et
1161 1365 1316 1436 specialiter
1335 1363 1463 1419 omnibus
1481 1361 1581 1418 Jeder·

339 1450 413 1519 tinia,
432 1451 563 1521 quisunt
586 1450 629 1506 vel
653 1451 803 1506 extiterunt
826 1451 869 1506 rel
892 1467 909 1505 e
933 1450 1018 1508 modo
1042 1450 1143 1506 irretiut
1166 1451 1282 1507 rebelles
1306 1457 1403 1506 contre
1425 1449 1580 1506 dominium

340 1538 520 1594 Venetorum.
539 1567 573 1578 -
590 1539 702 1594 Testes:
725 1537 873 1593 Abundius
896 1537 1050 1607 Debrevze,
1074 1538 1171 1595 Victor
1188 1539 1301 1607 Fsinne
1319 1537 1433 1594 Medius
1450 1535 1580 1604 Tolchue,

342 1624 456 1680 Medius
484 1624 614 1694 Bertaldi,
641 1625 761 1681 Dnimus
787 1625 922 1695 Diacobo,
948 1627 1079 1697 magister
1105 1626 1208 1696 Dobre,
1236 1632 1265 1683 et
1291 1627 1336 1683 elii
1366 1643 1450 1698 quam
1477 1625 1580 1697 plures

340 1713 513 1768 lenirancus
531 1711 600 1768 Arbi
617 1714 741 1768 noterius
759 1714 876 1786 scripsit

393 1801 510 1855 metus:
529 1801 571 1854 De
588 1815 672 1870 repeto
691 1801 783 1856 Deles.
802 1807 828 1856 et
846 1803 938 1857 &out
958 1801 1003 1857 lib.
1023 1801 1073 1857 IV.
1093 1817 1154 1874 cop.
1172 1807 1197 1860 6.

394 1921 631 1980 GCCCXLVIII.
649 1925 734 1995 zolii,
752 1929 776 1983 3,
795 1925 951 1980 Decembris
968 1928 1045 1980 1243.
1057 1925 1124 1982 Bela
1136 1925 1179 1981 1v
1191 1941 1240 1980 rex
1251 1922 1425 1982 condolendo
1437 1920 1583 1994 perturba·

341 2011 431 2066 tiones
444 2017 472 2067 et
485 2011 670 2068 dissensiones
683 2013 753 2068 inter
765 2013 838 2068 cives
850 2013 1035 2083 tregurieuses
1048 2019 1076 2069 et
1087 2013 1267 2085 spelatenses,
1280 2009 1403 2080 eudicus,
1422 2008 1498 2080 quod
1511 2007 1582 2080 Spe-

341 2098 420 2153 latini
429 2099 589 2170 Tregruiuis
599 2099 693 2170 alique
701 2101 884 2156 instrumente
895 2101 1026 2156 litteraris
1036 2101 1149 2172 pervim
1160 2099 1331 2166 extorserint,
1344 2099 1372 2154 in
1383 2096 1583 2170 praeiudicium

341 2185 452 2241 illorum
469 2205 526 2243 non
544 2203 668 2258 pervum,
687 2187 822 2244 annihilat
834 2189 1030 2260 promissiones
1049 2189 1266 2260 Traguriuorum
1290 2187 1423 2242 violenter
1440 2185 1536 2252 iactes,
1555 2189 1584 2239 et

342 2274 486 2329 confirmat
503 2275 532 2330 in
544 2280 690 2347 perpetum
702 2275 845 2348 privilegia
857 2293 962 2348 eornm,
974 2282 1088 2349 propter
1101 2275 1263 2334 fidelitetem
1275 2291 1370 2332 eorum
1383 2274 1408 2329 ei
1422 2271 1582 2329 exhibitam.

395 2363 512 2418 Lucius:
530 2364 659 2418 Memoris
677 2363 708 2420 di
728 2363 811 2419 licet
827 2381 857 2434 p,
875 2368 922 2421 48.

396 2501 599 2558 ccccxlix.
616 2503 651 2558 Α
670 2507 745 2560 1243.
757 2502 825 2558 Bela
839 2503 883 2558 1v
895 2519 945 2559 rex
962 2502 998 2558 ed
1011 2503 1172 2574 petitionem
1184 2502 1284 2558 civium
1295 2500 1516 2572 truguriensium,
1534 2499 1584 2570 qui

343 2591 487 2660 conquesti
506 2595 570 2646 sunt
587 2589 623 2646 de
640 2591 746 2646 iniuriis
764 2591 843 2646 lectis
861 2591 914 2647 sibi
933 2609 949 2646 e
967 2590 1179 2663 spalatensibus,
1197 2590 1322 2646 notificat
1339 2589 1401 2658 illis,
1420 2585 1497 2660 quod
1515 2587 1583 2643 Dio-

343 2678 414 2732 nisio
432 2677 506 2734 beno
525 2683 553 2733 et
569 2677 633 2734 duci
652 2677 808 2747 Sleroniee,
821 2680 869 2751 qui
881 2684 924 2735 est
934 2679 1124 2735 locumteneus
1136 2679 1209 2734 illius
1222 2679 1317 2734 inillis
1329 2675 1462 2749 pertibus,
1475 2675 1584 2732 dederit

342 2765 371 2819 in
389 2763 535 2833 mandetis,
553 2771 585 2820 ut
600 2765 655 2822 illis
674 2773 800 2822 susurret
818 2773 846 2822 st
863 2767 957 2824 omnis
973 2783 991 2822 e
1009 2765 1159 2838 Spoletinis
1176 2771 1257 2838 repta
1280 2767 1415 2822 restituat

395 2854 515 2908 Μείνας
532 2853 661 2909 Memorio
679 2854 710 2910 di
730 2855 814 2923 licit,
831 2871 860 2924 p.
880 2858 924 2909 54.

396 2973 527 3030 COOOL.
556 2977 592 3032 A„
621 2979 700 3030 1243.
723 2977 791 3032 Bele
814 2977 859 3032 IV
883 2995 930 3034 rex
953 2977 990 3033 ed
1014 2977 1174 3050 petitionem
1197 2975 1307 3032 sbbutis
1338 2975 1375 3031 de
1397 2975 1531 3030 'l'orrente
1555 2977 1584 3028 et

344 3069 496 3118 conventus
513 3064 673 3119 monasterii
692 3079 713 3118 e.
732 3063 881 3135 Grisogoni
905 3065 941 3121 de
958 3063 1053 3134 Jedra,
1071 3065 1271 3138 possessiones,
1293 3080 1363 3135 ques
1383 3080 1418 3118 ex
1435 3061 1583 3118 collatione

344 3155 550 3206 antecessorum
568 3151 628 3206 eius
646 3152 823 3223 optinuerint,
841 3168 893 3209 suo
912 3153 1054 3225 privilegio
1072 3153 1224 3209 confirmet.
1237 3151 1396 3208 Secundum
1408 3149 1583 3222 privilegium

345 3237 476 3293 Gelestini
495 3255 585 3310 pepse
602 3243 631 3294 et
648 3239 764 3296 eliorum
782 3240 1012 3297 documentorum
1028 3241 1080 3297 hes
1098 3241 1202 3297 invenit
1218 3240 1337 3298 donetis
1353 3238 1501 3295 conventui
1519 3253 1584 3309 pos·

345 3326 491 3392 sessiones,
509 3325 649 3382 videlicet:
673 3333 774 3383 terram
798 3345 820 3384 s.
844 3329 957 3384 Mertini
980 3329 1080 3398 Diculi,
1104 3335 1205 3384 terrem
1229 3347 1250 3384 a.
1274 3327 1388 3398 Georgii
1406 3325 1583 3392 tismecheni,

344 3427 366 3468 s.
385 3412 529 3468 Michaelis
549 3414 666 3482 Breucii,
685 3433 706 3470 s.
724 3417 838 3472 Martini
856 3421 920 3472 ente
938 3423 1047 3490 portam
1064 3417 1190 3485 civitatis,
1204 3433 1227 3471 s.
1241 3415 1348 3478 Jacobi,
1361 3421 1463 3470 terrem
1481 3415 1584 3484 (leper-

344 3499 409 3568 leni,
427 3506 529 3556 terrem
547 3501 703 3573 Sechereni,
727 3509 828 3560 terrem
851 3503 948 3574 Berde,
973 3509 1074 3561 terram
1101 3503 1258 3561 Suhorarre
1276 3509 1304 3560 et
1327 3507 1427 3558 mrtem
1456 3500 1584 3557 Ookueni

344 3603 408 3642 cum
426 3589 484 3643 suis
502 3590 597 3645 vineis

396 3677 445 3731 ue
463 3678 620 3733 collectione
635 3678 803 3748 professoris
820 3680 942 3736 Joenois
960 3681 1076 3736 condem
1094 3680 1192 3736 Beriii
1210 3679 1341 3735 Joderoe.

402 3781 548 3838 ccccm.
566 3783 709 3854 venetiis,
727 3798 815 3838 mense
833 3783 990 3838 Decembris
1008 3787 1085 3840 1243.
1103 3782 1229 3838 Jecobus
1251 3783 1388 3856 Teupulo,
1410 3781 1468 3838 dua
1493 3781 1584 3839 Vene-

347 3873 457 3940 tiarnm,
483 3870 644 3927 denominat
671 3869 793 3925 nobilem
819 3869 995 3925 Leonerdum
1024 3869 1170 3938 Quirinum
1196 3871 1223 3924 in
1243 3869 1371 3926 comitem
1395 3871 1515 3926 Jederee
1534 3889 1585 3942 pro

347 3959 458 4014 duobus
476 3959 563 4026 annis,
582 3957 618 4013 ed
642 3956 792 4028 regendem
815 3958 952 4014 ciritetem
975 3974 1039 4012 cum
1063 3958 1192 4014 omuibus
1210 3959 1267 4013 suls
1286 3958 1457 4032 pertiuentiis
1475 3965 1503 4016 et
1521 3975 1584 4014 cum

348 4048 405 4102 late
422 4053 519 4103 exacte
536 4047 723 4102 instructione.

401 4134 514 4204 ejecit:
530 4135 609 4190 Moe.
627 4134 703 4190 Siue.
721 4133 816 4190 merid.
833 4133 859 4188 1.
874 4150 904 4202 p.
925 4137 964 4188 61.

402 4256 564 4312 ooocuu.
588 4255 780 4327 (merse.)
807 4257 840 4310 1.
865 4259 942 4312 1243.
968 4255 1129 4328 capitulum
1153 4257 1285 4314 meere
1306 4256 1493 4328 maerente
1519 4255 1585 4312 rene

348 4350 455 4418 notum,
474 4345 549 4417 quod
574 4344 694 4400 Miehael
715 4360 816 4412 comes,
839 4343 921 4400 frater
940 4343 1075 4400 Ohocholl
1092 4345 1208 4414 comitis,
1227 4361 1262 4400 ex
1279 4361 1344 4412 una,
1361 4340 1396 4400 e'x
1414 4345 1501 4400 altere
1519 4360 1585 4400 vero

349 4438 427 4504 perte
445 4433 596 4504 Gregorius
614 4433 687 4488 lilius
714 4431 853 4488 Abremus
870 4433 933 4488 rire
950 4447 1018 4488 voce
1036 4433 1239 4504 proposuerint,
1259 4431 1334 4503 quod
1353 4431 1474 4488 Micbeel
1492 4448 1585 4488 comes
1700 4431 1701 4450 ³

349 4522 461 4577 emisset
478 4539 495 4576 e
513 4519 587 4576 dicto
605 4520 740 4590 Gregorio
763 4525 863 4576 terrem
882 4520 1038 4591 empticiam
1065 4520 1093 4574 in
1111 4519 1252 4576 Welilrase
1270 4525 1333 4576 octo
1351 4520 1450 4575 marnis
1469 4520 1585 4590 argenti.

349 4608 380 4664 Si
397 4614 488 4664 tamen
506 4615 607 4663 terrem
625 4608 701 4662 illem
719 4606 815 4663 ordine
829 4606 976 4678 judiciario
1001 4608 1089 4679 perire
1106 4608 1286 4678 contingeret,
1305 4606 1462 4680 praedictus
1481 4605 1586 4678 Grego-
1700 4623 1701 4640 ¹

348 4697 406 4751 rius
424 4713 475 4768 pro
493 4695 540 4752 iile
557 4696 639 4752 elium
658 4694 783 4752 eiusdem
801 4695 941 4767 qualitatis
958 4697 1115 4753 restitueret
1132 4696 1261 4752 Michaeli
1273 4697 1374 4754 comiti.
1388 4697 1478 4752 Mete:
1498 4695 1587 4767 prime
1700 4719 1701 4722 ¹
