3490 5408
324 357 388 422 312
825 386 844 424 1.
867 371 1064 438 suxcmnvm,

321 543 451 602 atrociter
471 549 639 616 aggravatus
658 547 748 614 inerit,
774 547 879 618 recepit
896 545 1012 602 eandem
1031 547 1177 604 amieriam
1201 547 1229 604 in
1255 565 1334 603 suam
1360 547 1567 618 protectionem,

324 631 499 690 confirmavit
517 633 578 703 ejus
592 633 658 702 iura
676 639 704 689 et
722 633 863 688 libertates
889 634 1026 704 antiquas,
1051 639 1079 690 et
1101 635 1239 690 concessit
1261 633 1337 706 qued
1361 633 1455 689 nullus
1477 650 1568 704 neque

320 736 439 790 magnus
457 736 548 791 neque
567 737 677 791 parvus,
699 737 789 792 neque
807 720 875 776 baro
893 737 945 776 nec
962 721 1082 792 inferior,
1113 739 1198 794 super
1223 722 1344 793 populos
1368 721 1456 792 ipsius
1480 720 1567 776 eccls-

323 807 380 862 siae
398 806 550 862 descensus
568 807 660 863 iacere
679 813 839 880 praesumat
857 807 1000 876 violentos,
1013 825 1064 864 nec
1076 809 1185 880 aliquas
1198 809 1340 864 molestias
1352 807 1443 864 iacere
1456 807 1567 864 audeat.

321 895 428 950 Datum
446 911 613 966 parmenus
631 895 755 964 magistri
780 893 922 950 Benedicti
947 895 1110 952 Orodiensis
1129 895 1280 967 praepositi
1298 901 1326 950 et
1343 895 1425 950 sulae
1444 895 1567 951 vicecan-

321 981 424 1036 cellari.
449 981 642 1038 Existentibus
666 982 797 1054 Philippo
820 982 1032 1054 archiepiscopo
1056 983 1239 1053 strigoniensi
1264 987 1292 1037 et
1314 981 1444 1036 Juhanue
1469 981 1567 1054 Spala-

322 1069 403 1137 tensi,
426 1069 572 1125 Timotheo
597 1070 681 1140 episc.
706 1069 825 1140 Zagrab.
851 1069 999 1124 Joacbimo
1027 1069 1100 1126 bano
1118 1069 1205 1124 tutius
1232 1067 1389 1135 Slavoniae,
1416 1067 1567 1124 laurentio

321 1155 395 1212 bano
413 1155 449 1211 de
468 1155 584 1212 Sevnno
603 1163 631 1211 et
648 1157 749 1211 comite
767 1154 802 1211 de
820 1155 950 1212 Dobolrs.
972 1156 1087 1227 Ponych
1106 1156 1179 1211 beno
1198 1161 1226 1211 et
1243 1155 1344 1212 comite
1363 1155 1529 1212 Zaladiensi.

376 1242 501 1299 esame:
520 1245 594 1298 Mon.
612 1242 676 1298 hiet.
700 1245 728 1298 Τ.
747 1243 771 1298 Ι.
788 1257 816 1310 p.
837 1247 897 1298 159.

374 1365 511 1420 MXLVI.
530 1369 607 1420 1271.
625 1363 786 1436 Stephanus
805 1365 841 1420 V.
860 1381 909 1420 rer
926 1366 1091 1432 manifestat,
1112 1365 1187 1436 quod
1206 1381 1300 1420 comes
1318 1363 1419 1420 Gabari
1433 1364 1564 1434 (Joeban)
1619 1361 1624 1369 '

321 1451 396 1506 filins
414 1451 523 1506 comitis
541 1450 669 1506 Widonis
686 1450 722 1508 de
740 1451 833 1522 Vegla
856 1451 891 1506 de'
913 1453 1054 1524 Wynodol
1078 1459 1107 1508 et
1130 1453 1165 1508 de
1190 1451 1307 1508 liodrus
1333 1468 1384 1524 pro
1407 1467 1437 1506 se
1461 1457 1490 1506 et
1516 1469 1566 1522 pro

321 1543 399 1610 patre
419 1555 471 1608 sup
489 1539 603 1594 veniens
622 1538 657 1594 ad
677 1538 737 1594 eius
756 1539 951 1610 praesentiam,
976 1540 1077 1595 obtulit
1099 1541 1206 1596 litteras
1225 1539 1431 1595 communitatis
1449 1538 1485 1594 de
1502 1539 1567 1594 civi-

320 1631 377 1681 tate
395 1625 522 1682 Seniensi
540 1643 625 1697 super
642 1626 773 1682 concordi
790 1627 924 1682 electione
955 1628 1122 1696 potestariae
1139 1627 1227 1698 ipsius
1245 1625 1364 1680 civitatis
1387 1624 1423 1681 de
1447 1641 1567 1696 persona

321 1711 387 1770 dicti
406 1713 515 1768 comitis
533 1711 670 1784 Wydonis
694 1713 842 1780 coniectas,
869 1713 1038 1784 supplicans,
1066 1717 1098 1768 ut
1124 1715 1214 1784 ipsam
1240 1713 1404 1768 electionem
1430 1711 1567 1767 ratificara

320 1800 409 1854 vellet
431 1801 493 1854 lter
510 1800 657 1856 abandons
676 1801 815 1856 meritoria
833 1800 970 1870 obsequia
997 1799 1062 1855 dicti
1080 1799 1218 1870 Wydonis
1236 1805 1264 1855 et
1281 1798 1381 1854 Gaban
1400 1804 1428 1854 et
1446 1799 1566 1855 liliorum

321 1902 443 1954 suorum,
464 1891 645 1944 memoratam
664 1888 826 1942 electionem
845 1887 997 1962 coufirmat.
1026 1887 1132 1941 Datum
1151 1903 1200 1958 per
1218 1901 1318 1942 manue
1336 1887 1461 1956 magistri
1479 1887 1566 1941 Bene·

319 1973 388 2028 dicti
406 1973 569 2030 Orodiensis
588 1975 749 2044 praepositi,
768 1973 849 2028 aulae
868 1973 1091 2030 vicecancellarii.

372 2061 466 2127 Fep‘er:
487 2061 552 2116 God.
571 2061 639 2128 dipl.
663 2061 692 2114 T.
717 2059 745 2116 V.
764 2060 817 2116 ool.
838 2063 859 2117 I.
881 2064 937 2114 107.

373 2161 527 2218 MXLVII.
546 2166 624 2218 1271.
647 2163 809 2235 Stephanus
828 2163 864 2220 V.
883 2181 932 2220 rer
951 2164 1116 2229 manifestat,
1135 2163 1211 2235 quod
1230 2179 1293 2220 curn
1309 2163 1436 2221 homines
1454 2164 1483 2218 in
1503 2179 1565 2234 pos·

321 2249 491 2306 sessionibus
516 2250 668 2306 Alexandri
692 2257 720 2306 et
743 2251 878 2306 Demetrii
904 2251 1023 2307 filiorum
1048 2251 1182 2306 Demetrii
1206 2251 1315 2307 comitis
1340 2251 1412 2306 ultra
1437 2251 1566 2306 Dravvam

319 2337 477 2406 existentes,
496 2337 641 2392 collectam
658 2343 765 2410 septem
783 2337 961 2393 denariorum
982 2355 1000 2392 a
1022 2345 1147 2410 tempore
1165 2338 1251 2394 Belue
1268 2339 1341 2408 regis
1360 2337 1463 2393 editam
1481 2343 1509 2392 et
1526 2338 1566 2391 in·

320 2423 423 2480 dictam
450 2424 557 2478 ratione
582 2423 651 2478 lucri
674 2440 809 2492 murense,
833 2429 861 2480 et
886 2425 993 2480 nussm
1016 2425 1100 2480 aliam
1124 2426 1304 2492 exactionem,
1329 2425 1394 2480 licet
1415 2425 1564 2493 minirum,

320 2529 392 2583 quae
410 2528 474 2567 cum
492 2511 567 2566 facta
585 2511 668 2566 inerit
685 2517 714 2568 et
731 2511 834 2568 indicta
853 2529 902 2582 per
920 2517 1007 2568 totam
1030 2517 1130 2566 terram
1155 2512 1231 2567 iham
1249 2529 1284 2567 er
1308 2511 1417 2568 indulto
1440 2509 1565 2568 eiusdem

320 2599 401 2670 regis,
419 2614 563 2669 nunquam
582 2599 739 2668 solvissent,
758 2615 810 2654 nee
828 2599 912 2654 eham
934 2599 1060 2669 primitus
1085 2599 1191 2654 solvere
1219 2597 1390 2668 debuissent,
1410 2599 1566 2669 petiverunt

319 2687 403 2756 igitur
421 2701 523 2756 regem,
551 2693 691 2756 quatenus
717 2683 883 2757 supradictis
907 2685 1024 2741 eandem
1051 2687 1168 2757 gratiam
1196 2685 1249 2740 sibi
1276 2691 1304 2741 et
1330 2702 1426 2741 eorum
1453 2685 1565 2756 populis

320 2774 423 2829 factam
450 2773 588 2829 ratificare
606 2779 633 2829 et
652 2772 795 2844 privilegio
823 2773 986 2828 confirmare
1013 2773 1181 2844 dignaretur.
1209 2773 1270 2828 Rex
1298 2772 1444 2828 attendens
1468 2789 1564 2828 eorum

319 2860 473 2916 laudabilia
491 2861 610 2927 servitia,
629 2861 775 2916 ratificavit
801 2859 1002 2916 ordinationem
1027 2861 1070 2914 aui
1095 2861 1189 2930 patris,
1214 2859 1290 2929 quod
1318 2860 1415 2931 populi
1439 2859 1565 2930 ipsorum

322 2963 373 3004 nec
391 2947 426 3002 ad
447 2952 554 3019 septem
571 2947 747 3004 denariorum
759 2947 905 3002 collectam
918 2944 1079 3001 solvendam
1091 2962 1142 3001 nec
1154 2945 1190 3000 ad
1203 2946 1273 3001 alias
1284 2947 1444 3001 exactiones
1457 2945 1564 3000 dandas

322 3035 477 3105 aliqualiter
495 3033 697 3106 compellantur
715 3033 764 3088 sed
783 3033 820 3088 ab
837 3035 881 3088 his
906 3033 962 3087 siut
984 3039 1119 3104 perpetuo
1142 3031 1221 3088 liberi
1248 3038 1276 3088 et
1303 3034 1432 3104 exempti.
1458 3033 1565 3088 Datum

321 3138 371 3192 per
388 3137 488 3176 manus
507 3121 650 3176 Benedicti
668 3136 762 3192 praep.
781 3119 943 3176 Orudiensis
955 3119 1036 3174 aulae
1048 3119 1273 3175 vicecancellarii.
1287 3119 1479 3176 Existentibus
1492 3121 1563 3174 iuter

319 3213 444 3264 caeteros
461 3209 640 3278 magnatibus
659 3215 687 3263 et
705 3207 836 3278 praelatis
854 3207 984 3262 Johanue
1003 3205 1161 3278 Spalatensi
1180 3207 1398 3278 archiepiscopo,
1410 3207 1559 3263 Joacbimo

319 3294 394 3351 bano
405 3296 491 3351 totius
504 3294 662 3362 slavonice,
674 3295 757 3350 Petro
770 3296 904 3364 magistro
916 3293 1115 3364 Depiferorum
1127 3296 1227 3350 comite
1239 3293 1274 3348 de
1288 3293 1421 3364 Geychlre
1434 3292 1561 3361 (Gallis),

321 3381 426 3438 Ponich
445 3381 527 3450 bano,
546 3382 647 3436 comite
666 3380 823 3438 Zaladiensi
843 3385 893 3435 etc

371 3467 465 3535 Pejor:
487 3469 580 3524 (iodea
597 3469 666 3538 dipl.
689 3469 718 3523 T.
742 3468 771 3523 V.
789 3469 842 3525 ool.
861 3469 885 3522 1.
900 3484 931 3536 p.
950 3471 1015 3522 150.

372 3590 541 3645 MXLVIII.
565 3593 637 3645 1271.
667 3590 827 3662 Stephanus
852 3591 888 3646 V.
912 3605 961 3646 rex
988 3589 1178 3646 collationales
1203 3588 1350 3644 Oolomaui
1375 3589 1453 3644 ducis
1477 3589 1564 3644 totius

320 3677 469 3733 Slavoniae
486 3693 511 3732 a.
532 3678 607 3734 1240.
632 3677 791 3749 hospitibus
814 3677 849 3732 de
873 3678 985 3734 Petrina
1009 3677 1090 3731 datas
1109 3692 1158 3746 per
1176 3677 1271 3732 Belum
1289 3675 1341 3730 1v.
1360 3693 1384 3731 a
1405 3675 1481 3731 1242.
1500 3691 1563 3730 con·

320 3765 443 3818 firmatas
462 3765 582 3829 innovat,
602 3779 635 3819 ac
654 3765 748 3819 lavore
766 3764 827 3830 hoc,
847 3769 879 3818 ut
896 3763 981 3818 iidem
1004 3763 1116 3833 negotia
1139 3779 1191 3817 sua
1215 3762 1294 3817 iuxta
1316 3777 1421 3818 morem
1445 3762 1564 3817 aliorum

320 3851 463 3921 hospitum
481 3851 615 3920 regalium
643 3851 779 3905 hactenus
803 3850 989 3918 observatum,
1014 3867 1064 3922 per
1084 3850 1274 3920 juramentum
1298 3848 1419 3905 debeant
1442 3849 1564 3934 legitime

320 3938 470 4006 terminari,
488 3943 579 4007 auget.

372 4024 467 4091 Fcicr:
488 4025 554 4080 (iod.
572 4024 641 4093 dipl.
665 4024 695 4078 V.
713 4024 765 4079 ool.
784 4025 825 4079 Π.
842 4041 871 4093 p.
890 4029 951 4080 172.

374 4144 512 4200 MXLIX.
537 4149 614 4200 1271.
644 4145 805 4217 Capitulum
825 4145 1004 4202 Chasmensis
1029 4147 1161 4202 eeclesiae
1188 4146 1333 4216 significat,
1360 4135 1436 4216 quod
1464 4145 1564 4202 consti·

321 4232 388 4287 tutis
405 4231 443 4287 ab
461 4250 517 4288 uua
535 4239 613 4304 parte
632 4233 729 4304 Voysa
747 4239 775 4289 et
790 4234 924 4288 Marislov
945 4233 1008 4287 tiliis
1034 4233 1159 4304 Berivoy,
1185 4233 1222 4288 ab
1248 4233 1336 4288 altera
1363 4249 1428 4288 vero
1452 4233 1564 4304 Endrey

321 4335 407 4391 parvo
426 4320 615 4391 praedialibus
633 4319 668 4376 de
688 4320 855 4388 Gresanche,
872 4319 955 4375 iidem
974 4320 1022 4376 filii
1041 4321 1159 4391 Berivoy
1176 4321 1341 4392 particulam
1360 4325 1449 4375 terrae
1468 4336 1563 4375 eoram
1654 4389 1662 4400 '

322 4423 372 4476 pro
390 4407 513 4478 quinque
531 4408 631 4462 marcis
650 4407 724 4463 dicto
753 4407 864 4478 Endrey
888 4405 1084 4462 vendidissent.
1103 4408 1182 4462 Meta
1199 4412 1288 4462 terrae
1313 4407 1410 4476 incipit
1432 4405 1468 4460 de
1491 4411 1564 4460 terra

321 4493 441 4550 filiorum
460 4493 562 4549 Kucbk
580 4495 608 4548 in
626 4495 694 4550 rivo.
712 4493 782 4549 Inde
802 4494 968 4564 pervellem
987 4493 1043 4548 exit
1061 4494 1096 4549 ad
1116 4495 1196 4562 viam,
1209 4493 1274 4549 inde
1293 4493 1329 4548 ad
1348 4509 1478 4564 maguam
1491 4493 1563 4547 viam

320 4579 385 4635 inde
404 4581 560 4650 pervarias
578 4587 667 4637 metae
686 4581 816 4637 arboreas
835 4580 871 4636 ad
890 4581 1017 4652 priorem.

376 4667 441 4724 (lod
461 4667 519 4738 dip.
535 4669 650 4738 patrius
671 4668 735 4724 VII.
750 4683 781 4738 p.
799 4671 858 4724 133.
871 4667 916 4723 Ec
928 4669 999 4725 actis
1010 4669 1140 4724 comitum
1153 4668 1267 4738 Esdody
1284 4669 1434 4738 Oalposom
1451 4665 1563 4722 obtata
