3488 5380
300 311 362 376 196
801 331 822 372 1.
839 317 1036 386 mommo,

300 501 442 569 prsestsre
468 496 546 566 nolit,
571 495 676 552 vocetis
699 495 747 568 qui
770 494 872 552 luerint
896 494 1039 566 succendi,
1065 510 1179 552 csussm
1195 495 1267 552 iufra
1284 499 1340 554 tres
1357 511 1468 554 meuses
1484 499 1540 552 ier·

298 585 406 641 minure
423 589 528 652 curent,
548 588 577 638 et
593 582 629 638 sd
649 581 743 640 sedem
760 587 849 654 spost.
868 598 919 655 pro
939 581 1067 638 examine
1084 581 1232 638 remittunt

352 671 397 726 Ec
414 687 473 728 men
494 671 660 728 collectione.
688 669 871 726 Miscelloncc
895 669 1056 725 dalmatico.
1084 669 1177 726 Habet
1194 685 1301 742 quoquc
1318 669 1439 727 Lociw
1458 672 1538 728 Meos.

300 759 332 816 oi
352 759 429 815 lteri
443 774 474 830 p.
495 761 536 812 75.
555 761 581 814 ct
599 758 726 814 Fecisti:
744 756 829 828 illyr.
846 771 917 812 socr.
935 756 986 814 IV.
1007 759 1067 814 153.

353 913 485 973 nom.
503 915 667 990 Anspnlse,
684 919 728 971 13.
745 915 821 971 solii
837 917 917 970 1254.
935 915 1116 971 Innocentius
1134 915 1183 971 IV.
1204 933 1279 988 pspe
1296 917 1386 974 electo
1405 917 1538 989 Nespoli·

304 1009 371 1062 tuno
389 1003 464 1060 sedis
482 1008 572 1076 apost
596 1003 689 1074 legato
715 1001 817 1070 scribit,
841 1000 917 1073 quod
935 1003 1084 1074 epIscopns
1108 1002 1304 1073 ngrsbiensis
1322 1003 1491 1075 (Phffippus)
1510 1010 1538 1060 et

303 1091 389 1148 freter
407 1091 521 1160 liccem
538 1089 574 1146 de
592 1089 688 1146 ordine
714 1090 861 1159 minorum,
887 1095 1036 1161 postquem
1059 1089 1134 1146 idem
1159 1091 1268 1161 legatus
1295 1091 1331 1147 eb
1349 1106 1383 1146 eo
1401 1090 1537 1158 (Incessit,

301 1179 338 1237 sd
356 1178 452 1236 sedem
469 1177 652 1252 spostolicsm
668 1176 839 1246 secedentes,
858 1193 893 1236 ex
911 1183 989 1250 perte
1015 1179 1088 1250 regis
1114 1178 1278 1250 Hungnriee
1303 1194 1442 1252 exponere
1459 1194 1538 1234 curs·

304 1267 400 1336 verint,
418 1265 495 1337 quod
511 1281 561 1322 rex
578 1266 639 1338 Ipse
657 1265 802 1322 occisione
819 1263 975 1322 discordise
999 1265 1071 1322 inter
1094 1281 1159 1322 eum
1178 1270 1206 1324 et
1229 1281 1324 1336 regem
1341 1265 1473 1324 Boemise
1490 1283 1538 1325 ex·

301 1359 379 1411 crine
396 1353 559 1411 auctoritste
577 1352 651 1408 sedis
669 1358 761 1425 spost.
779 1353 882 1408 citatus
901 1352 1030 1417 extiterit,
1055 1352 1132 1408 utin
1157 1352 1228 1408 festo
1252 1352 1402 1410 nativitstis
1419 1351 1440 1410 J
1440 1353 1538 1410 osnnis

299 1443 331 1500 B.
354 1442 479 1514 proxime
506 1441 653 1512 praeterito
678 1457 730 1512 per
755 1440 888 1498 idoneum
914 1439 1104 1512 responsalem
1131 1441 1159 1497 in
1187 1439 1325 1512 pontificis
1352 1440 1538 1512 praesenciam

300 1533 480 1602 compareres,
498 1526 703 1601 propterquod
723 1527 845 1596 eosdem,
870 1527 1032 1600 episcopm
1056 1532 1085 1584 et
1109 1526 1216 1594 ficiem,
1235 1525 1272 1584 sd
1296 1526 1391 1584 sedem
1410 1544 1457 1600 sp.
1474 1527 1537 1600 ipso

305 1618 423 1676 termino
440 1615 600 1686 dumont,
618 1614 749 1686 quodque
767 1631 816 1670 rex
834 1621 948 1688 persius
966 1614 1002 1670 sit
1013 1621 1112 1682 cestre,
1127 1615 1295 1672 munitiones
1313 1619 1341 1672 et
1355 1615 1410 1672 slis
1429 1615 1537 1674 nunciis

302 1703 463 1778 spostoIIcis
481 1703 631 1776 sompnum,
649 1719 700 1774 per
717 1703 795 1774 ipsos
812 1702 922 1758 iuterim
938 1700 1088 1770 retinends,
1116 1699 1269 1758 dummodo
1287 1718 1335 1757 rex
1353 1701 1484 1758 Boemise
1501 1700 1537 1758 de

304 1793 349 1862 iis,
366 1807 439 1862 quse
456 1791 517 1864 ipIe
529 1796 612 1859 tenet,
631 1790 748 1846 similem
768 1790 984 1862 assignationem
994 1787 1109 1846 duceret
1120 1788 1284 1846 fruendam.
1303 1789 1340 1846 Et
1353 1788 1422 1846 hsce
1440 1787 1538 1846 eadem

302 1879 348 1936 Fi.
367 1879 515 1936 Weisscus
533 1877 568 1934 de
586 1877 645 1935 ord.
662 1878 731 1934 Min.
750 1893 834 1948 quem
860 1893 911 1948 pro
937 1876 992 1932 hoe
1009 1876 1120 1947 negotio
1139 1877 1167 1932 in
1192 1875 1345 1948 Ungsrism
1364 1876 1430 1932 olim
1447 1879 1538 1933 unns·

302 1965 387 2034 misit,
407 1965 532 2022 similiter
549 1963 627 2020 dixit
644 1964 752 2022 Idcirco
770 1963 886 2022 msndst
903 1963 1027 2036 prseieto
1045 1964 1145 2034 legato,
1164 1968 1303 2040 qusunus
1324 1968 1481 2036 prsetsctse
1498 1962 1536 2020 le·

301 2053 421 2124 geionis
440 2053 478 2123 (in
495 2051 660 2123 Ungsrism)
678 2052 770 2110 offleio
788 2051 969 2124 supersedere
986 2055 1122 2124 procuret.

352 2139 451 2209 l'cier:
472 2139 537 2198 (lod.
556 2140 626 2210 dipl.
644 2143 736 2212 Hesp.
755 2145 775 2197 t.
794 2141 846 2196 IV.
864 2140 914 2196 ool.
929 2143 967 2194 11.
983 2155 1013 2209 p.
1032 2142 1086 2198 249
1103 2137 1235 2196 Fecisti:
1254 2138 1284 2196 V.
1298 2139 1378 2210 illyr.
1395 2153 1466 2196 socr.
1477 2139 1537 2194 371.

351 2285 497 2354 DOLXII.
523 2298 691 2370 InspnIse,
710 2301 751 2352 18.
771 2298 845 2354 lolii
863 2301 939 2352 1251.
969 2298 1149 2354 Innocentius
1166 2297 1219 2353 1v.
1237 2312 1313 2368 psps
1329 2295 1463 2367 Phiiippo
1480 2295 1537 2366 epi-

302 2401 389 2458 scopo
406 2401 480 2456 mgr.
499 2385 566 2442 iecit
583 2385 732 2458 specialem
750 2386 876 2456 gretiam,
895 2402 930 2444 ne
948 2385 983 2442 sd
1002 2385 1106 2442 curium
1125 2385 1185 2442 sine
1202 2384 1316 2456 speciali
1334 2381 1408 2440 redis
1426 2387 1538 2456 sposto-

299 2472 370 2530 licse
387 2471 518 2530 msndsto
536 2473 615 2530 citeri
633 2473 730 2544 possit

353 2559 485 2616 lisoium
507 2560 564 2618 Vei.
582 2575 654 2616 mos.
672 2559 767 2630 Hunc.
787 2563 810 2616 1.
830 2563 892 2616 229.

352 2716 513 2775 noxum
540 2717 702 2789 Anspnise,
731 2719 962 2774 2155511251.
989 2719 1169 2776 Innocentius
1192 2719 1245 2775 IV.
1269 2735 1344 2792 psps
1361 2718 1396 2774 sd
1415 2720 1538 2791 postule·

303 2806 407 2862 tIonom
424 2806 585 2862 monaterii
611 2821 632 2861 s.
651 2805 751 2861 Jscobi
767 2806 803 2862 de
820 2805 969 2876 Visognies
997 2807 1157 2876 Regueinse
1180 2806 1316 2864 dloeceeis
1336 2806 1453 2878 suscipit
1469 2806 1537 2864 illud

301 2893 354 2948 sub
372 2909 393 2948 s.
413 2893 488 2948 Petri
506 2893 714 2965 protectionem,
732 2897 760 2948 et
777 2893 922 2948 confirmet
940 2893 1032 2950 omnis
1050 2896 1109 2950 eius
1127 2894 1279 2966 privilegiis,
1302 2894 1490 2950 immunitstes
1509 2899 1537 2950 et

300 2979 500 3053 possessiones,
519 2997 589 3050 quss
607 2979 705 3035 hebuit
716 2980 745 3034 in
756 2978 826 3034 locis
839 2979 983 3036 Subrende
997 2979 1055 3036 Ver
1068 3023 1075 3037 .
1089 3023 1095 3038 .
1109 3023 1117 3038 .
1133 3023 1140 3038 .
1158 2987 1187 3038 et
1202 2981 1222 3036 J
1223 2982 1350 3038 uneheto.
1370 2982 1476 3038 Dstum
1487 2999 1537 3054 per

300 3083 400 3124 msnus
419 3067 560 3124 Guillelmi
573 3109 579 3124 .
593 3109 600 3124 .
614 3109 621 3124 .
640 3067 839 3124 Permessius.
853 3067 886 3128 s
900 3067 932 3124 Ε.
947 3068 1169 3126 ucoearcelmrii.
1187 3069 1372 3126 Subscribuni
1383 3069 1536 3128 waldus

300 3156 429 3213 ostiensis
455 3161 483 3212 et
508 3155 679 3212 velletrensis
706 3157 862 3228 episcopus,
889 3155 1049 3228 Stephanus
1076 3157 1268 3228 praenestinus
1295 3158 1451 3230 episcopus,
1477 3157 1537 3215 Sie-

293 3243 411 3314 .phsnus
429 3259 451 3300 s.
470 3244 577 3300 Murice
590 3284 596 3300 .
609 3284 637 3300 ..
662 3242 825 3312 Gordiuslis
851 3243 896 3300 Fr.
919 3243 1043 3300 Josnnss
1070 3261 1092 3298 s.
1116 3244 1257 3300 Inureutii
1275 3246 1303 3300 in
1320 3247 1427 3302 Lucius
1445 3245 1537 3318 presb.

301 3331 384 3398 cers,
409 3330 455 3388 Fr.
480 3331 570 3402 Hngo
593 3347 615 3386 s.
642 3329 762 3388 Sebinno
785 3331 858 3388 osrd.
882 3331 928 3386 Pr.
955 3329 1090 3388 Ricsrdus
1115 3348 1137 3389 s.
1154 3332 1257 3402 *Angeli
1274 3331 1345 3388 dise.
1363 3331 1436 3389 card.
1455 3333 1537 3390 Octs·

303 3419 403 3476 visnus
421 3433 443 3472 s.
462 3419 569 3477 Morino
586 3419 615 3474 in
632 3418 678 3476 vis
695 3420 753 3476 lsts
770 3418 840 3475 diso.
859 3419 932 3476 curd.
958 3419 1082 3476 loannes
1100 3435 1122 3476 s.
1140 3419 1249 3477 Nicolsi
1271 3420 1301 3476 in
1324 3435 1387 3476 erce
1409 3419 1538 3475 Tullinus

300 3503 370 3562 dise
394 3503 485 3575 card„
510 3505 658 3562 Villelmus
682 3523 704 3564 s.
728 3507 872 3564 Eustsohii
895 3507 964 3564 dise
989 3507 1079 3577 cmc,
1103 3506 1261 3564 Ottobonus
1285 3523 1307 3564 s.
1331 3505 1536 3564 scorpione

354 3680 481 3738 Fecisti:
503 3679 584 3751 lllyr.
602 3697 673 3738 eaor.
699 3681 744 3740 Vl.
762 3687 821 3739 105.

355 3838 515 3898 DOLXIV.
533 3841 694 3913 InspnIse,
707 3847 749 3896 11.
761 3841 883 3912 Aspueti
899 3845 980 3898 1251.
998 3841 1179 3900 Innocentius
1196 3841 1248 3898 IV.
1267 3857 1341 3914 pspe
1359 3840 1537 3913 supplicacio-

302 3925 385 3982 nibus
403 3925 550 3984 Sslomese
568 3928 679 4000 (viduae
697 3929 842 3985 Oolomsni
860 3928 951 3998 ducis)
969 3929 1073 3986 ordinis
1092 3946 1113 3986 s.
1132 3929 1269 3996 usnimi,
1295 3933 1378 3986 nates
1395 3927 1536 3999 quondam

304 4014 328 4070 1.
347 4013 500 4070 Grecovise
516 4021 545 4071 et
563 4015 761 4072 Bendomerise
780 4017 866 4085 ducis,
893 4018 1040 4074 inclinatus
1058 4017 1190 4088 Indulget,
1208 4016 1280 4072 utri
1298 4015 1330 4072 Β.
1348 4015 1447 4071 ducem
1470 4015 1537 4072 Ors-

302 4101 398 4158 ccvise
416 4107 444 4158 et
462 4101 590 4160 Eandem
611 4119 774 4174 germanum
801 4121 883 4160 suum
908 4106 968 4162 sine
992 4106 1069 4177 prole
1086 4105 1228 4176 continget
1247 4103 1390 4172 decedere,
1409 4108 1436 4158 et
1452 4103 1479 4160 ei
1496 4119 1537 4159 re-

302 4189 427 4262 linquere
447 4189 526 4244 villos
544 4189 660 4261 aliqum,
679 4191 753 4248 licIte
778 4193 867 4264 possit
884 4191 920 4248 sd
939 4210 1020 4249 suum
1039 4204 1066 4249 et
1083 4192 1242 4250 monosterii
1266 4193 1327 4263 ejus
1348 4207 1450 4248 nomeu
1468 4192 1536 4248 reci·

303 4293 384 4350 pers;
402 4293 436 4333 so
453 4277 535 4334 etism
554 4276 621 4334 dum
639 4279 737 4335 vixent
754 4281 879 4350 reticere,
897 4279 933 4336 sd
952 4297 1126 4337 successores
1144 4279 1223 4336 ducis
1241 4277 1365 4336 eiusdem
1378 4283 1442 4351 poet
1454 4295 1536 4336 suum

303 4364 409 4421 obitum
427 4364 569 4422 rediturus

354 4452 452 4522 Fcy'er:
472 4453 536 4510 Occi.
555 4453 623 4524 cipi.
641 4455 737 4526 Hesp.
755 4461 774 4511 t.
793 4453 844 4512 IV.
863 4455 914 4510 ool.
933 4458 972 4510 ΙΙ.
987 4471 1017 4526 p.
1036 4457 1099 4510 250.

1702 4388 1713 4433 ⁰——
1701 4295 1715 4346 ’.ῃ
1693 4227 1698 4242 ,
1693 4187 1696 4197 -
1689 4131 1695 4145 ρ

1701 1823 1741 2048 !„-„

1712 2129 1741 2685 Ξ

1709 3213 1715 3227 ,
1711 3017 1715 3032 -
1701 2933 1712 2967 -A
1691 2780 1698 2799 ⁴

1727 3433 1741 3556 -Ξ-ς
1724 3086 1741 3409 ’,ζ-ξὲτᾼζθὶ
1723 2738 1741 3058 β’-ᾼῖᾈκ

1692 3535 1712 3578 μή

1705 4862 1709 4875 -
1692 4729 1701 4766 Α
1705 3821 1706 3824 Α

1739 4875 1741 4896 ξ
1738 4823 1741 4842 -
1720 3590 1741 4774 μᾲς-ᾈὲῌ-ᾷᾼκζ

1107 5035 1741 5346 l
