3488 5380
640 446 786 492 mma.
1280 423 1339 490 181

113 615 191 686 leth,
210 615 325 685 Issnks,
353 615 441 684 Miro,
468 614 565 686 Gjurs,
592 613 675 683 doct,
693 613 777 670 blech
795 617 823 669 et
839 612 927 683 Kese)
943 629 1008 670 cum
1026 613 1155 670 omuibus
1173 612 1345 687 perdnenu‘is

101 701 259 760 vendidisse
278 703 402 776 cepitnlo
420 703 633 775 wesprimienri
651 702 754 774 probb
770 702 871 758 merois
888 703 1003 774 mgenti.

154 791 250 860 Μαι
269 791 333 848 tuot
351 791 421 863 dipl.
440 793 532 862 Hesp.
553 790 583 846 Τ.
604 789 655 846 IV.
672 789 724 846 ool.
744 794 807 862 tp.
825 795 884 846 119.

155 936 278 996 Doxn.
296 939 374 994 1251.
392 941 436 994 17.
455 935 623 992 Nouembris.
649 936 717 992 Belu
734 934 787 993 tv.
805 952 855 994 rex
873 936 1006 1006 noddoat,
1023 937 1098 1008 quod
1117 935 1251 1008 megistus
1268 941 1344 998 Eune

107 1043 201 1086 comes
218 1025 427 1092 Woroetiensis,
444 1040 509 1080 cum
526 1023 646 1080 berbsrs
658 1041 727 1096 gens
738 1023 918 1082 Terterorum
936 1025 1041 1082 insultu
1060 1025 1159 1084 bellico
1170 1041 1288 1097 regnum
1304 1025 1345 1082 in·

100 1117 227 1184 essisset,
246 1115 394 1189 praeclaris
417 1112 559 1170 fidelitatis
583 1113 711 1186 insigniis
735 1130 829 1170 ocrem
855 1115 939 1186 regiis
957 1114 1045 1174 oculis
1062 1120 1120 1172 tem
1137 1113 1343 1174 commendebi·

101 1207 163 1263 liter
181 1205 317 1272 enituerit,
335 1210 367 1260 nt
378 1219 441 1260 cum
453 1203 640 1260 invalescente
652 1201 819 1260 aduersitate
831 1202 972 1262 deiectum
984 1220 1119 1276 equorum
1136 1205 1240 1262 habers
1250 1221 1345 1276 regem

108 1293 278 1365 contigisset,
293 1292 355 1366 ipse
374 1293 464 1348 visere
491 1297 664 1364 postponens
682 1297 710 1346 et
727 1291 811 1348 vitum
838 1293 912 1362 regis
938 1297 1027 1348 morte
1054 1309 1106 1348 sna
1122 1291 1258 1350 redimere
1275 1290 1346 1349 desi·

103 1383 212 1450 dcrens,
231 1397 334 1452 equum
352 1397 434 1436 snum
452 1396 504 1454 pro
522 1379 677 1436 selvetione
701 1380 761 1452 regi
787 1379 928 1450 obtulerit,
955 1382 1016 1454 ipse
1043 1397 1109 1438 vero
1127 1397 1192 1439 cum
1212 1381 1344 1450 Tartarls,

105 1472 152 1543 qni
170 1487 235 1528 eum
251 1469 478 1542 insequebantur,
502 1468 639 1540 proelium
656 1468 812 1525 oertnminis
830 1469 929 1538 iniens,
950 1473 1018 1542 post
1034 1469 1129 1542 plnres
1146 1473 1267 1541 punctm
1284 1469 1346 1526 lau·

104 1575 214 1616 ceerum
232 1563 260 1614 et
276 1557 348 1614 ictus
375 1557 539 1628 sngittsrum
557 1573 590 1616 ec
607 1559 794 1632 receptionem
822 1557 968 1614 vulnerum
994 1557 1144 1614 insultibus
1171 1557 1347 1614 inimicorum

11 1697 17 1720 ‚
105 1645 216 1702 uiriliter
233 1645 388 1702 resistendo
406 1644 552 1702 demedio
569 1645 692 1702 hostium
712 1662 743 1702 se
759 1639 807 1702 'uix
825 1647 947 1718 potuerit
963 1645 1094 1713 liberaum
1121 1649 1265 1720 marteres
1282 1661 1346 1702 cum

106 1735 179 1792 idem
199 1751 248 1790 rex
265 1739 331 1790 ente
349 1734 447 1790 ieeiem
474 1733 652 1790 Tertnrorum
679 1733 779 1792 eodem
806 1741 931 1807 tempore
956 1734 992 1792 sd
1019 1736 1157 1792 maritime
1182 1735 1348 1805 devenisset,

104 1825 178 1880 Erus
195 1822 312 1878 diversis
330 1823 579 1879 fortnneecssibus
593 1839 622 1879 se
636 1839 789 1895 exponens,
808 1829 984 1896 cotempore,
994 1823 1228 1880 cumdiscriminn
1239 1823 1347 1880 viarum

103 1917 132 1967 et
148 1910 249 1968 insidis
266 1910 388 1968 hostium
407 1927 520 1967 securos
543 1917 653 1968 mestus
669 1927 726 1967 non
745 1912 944 1984 permitterent,
967 1913 1029 1983 ipss
1047 1912 1124 1968 solus
1143 1910 1203 1968 ibet
1229 1911 1266 1968 sd
1284 1927 1346 1984 spe-

103 1996 254 2056 enlunduru
272 1996 439 2054 descensum
456 1998 635 2056 Teutonorum
652 2004 681 2054 et
699 2014 833 2066 rumores,
850 2015 922 2069 quos
934 1998 1113 2071 percipiebat,
1131 2000 1191 2071 regi
1201 1998 1346 2056 referebat.

101 2088 217 2143 Proeter
234 2085 304 2142 hssc
321 2085 403 2142 etism
422 2086 450 2140 in
468 2085 599 2142 conflictu
617 2091 715 2142 oontm
732 2085 834 2142 ducem
852 2087 983 2142 Ausuise
1000 2092 1078 2143 mute
1095 2086 1208 2144 servibo
1220 2087 1347 2144 exhibuit

102 2173 275 2246 praeliando,
294 2173 370 2245 quod
389 2173 539 2246 quemdem
548 2174 664 2230 militem
679 2175 817 2245 insignem
826 2175 862 2230 de
871 2173 1030 2232 Thentouie
1046 2192 1110 2231 cnm
1128 2175 1348 2248 proprislances

11 2317 13 2324 ,
102 2261 236 2318 devicerit
254 2267 282 2318 et
298 2267 384 2334 caput
411 2261 536 2317 eiusdem
564 2263 757 2333 amputaverit,
776 2267 804 2318 et
821 2263 985 2335 conspectui
1006 2263 1080 2334 regis
1098 2269 1127 2320 et
1144 2262 1278 2318 banorum
1297 2279 1347 2333 per

11 2377 12 2384 κ
104 2367 188 2406 ouum
207 2349 322 2406 militem
349 2347 536 2405 destinaverit.
563 2348 635 2404 Item
652 2350 680 2404 iu
700 2350 755 2406 elio
774 2350 896 2406 exercito
924 2355 1021 2406 contm
1039 2351 1182 2406 Austriem
1209 2349 1349 2421 quendam

102 2439 245 2494 semesum
262 2437 376 2494 militem
395 2437 431 2494 de
448 2441 540 2493 cestro
558 2437 680 2508 Impcrg,
699 2439 875 2509 cepitaneum
894 2435 968 2492 iliius
995 2438 1123 2508 regionis,
1147 2439 1262 2495 Prescel
1279 2455 1349 2494 nun·

11 2579 17 2598 ,
101 2531 246 2600 cupatum,
264 2525 312 2597 qui
330 2542 395 2582 curu
413 2525 535 2582 exercitu
554 2524 650 2582 enode
663 2524 737 2580 dicto
755 2529 847 2581 omtro
863 2524 976 2598 Imperg
994 2525 1152 2596 prodivcrst
1163 2527 1192 2581 in
1209 2542 1349 2597 eampum,

105 2617 168 2688 ipse
195 2614 224 2669 in
251 2629 315 2668 eum
341 2613 476 2685 impetum
503 2611 616 2680 iaciens,
642 2612 724 2668 hosts
751 2628 803 2666 ens
826 2611 862 2667 de
889 2612 1028 2669 dextrario
1056 2618 1183 2684 potenter
1202 2613 1303 2684 dejecit
1320 2615 1348 2670 in

105 2709 209 2759 terrem
228 2705 256 2758 et
273 2701 442 2756 dextrarium
459 2699 556 2756 leucos
573 2699 738 2756 trnnsfirmm
756 2699 860 2754 ibidem
878 2701 1016 2755 interemit
1022 2718 1029 2768 ;
1054 2718 1111 2772 quo
1139 2707 1252 2773 perecto
1271 2717 1348 2758 exer·

105 2791 182 2847 citus
200 2789 267 2846 dicti
285 2789 404 2845 Prewcsl
423 2789 534 2844 territus
553 2794 581 2845 et
598 2789 733 2844 confusus
751 2793 830 2862 terge
848 2787 932 2843 dedit.
951 2788 1005 2843 Pro
1023 2791 1108 2844 tentis
1126 2805 1192 2859 ergo
1219 2789 1349 2846 exhibitis

104 2878 226 2934 servitiis
244 2875 352 2933 confert
369 2876 422 2947 ipsi
440 2892 489 2932 rex
507 2877 700 2946 magistratum
718 2891 873 2946 ugszouum
892 2891 1007 2930 suorum
1021 2881 1049 2931 ot
1061 2876 1183 2932 cilicium
1201 2877 1348 2934 comitatus

103 2963 306 3022 Vnrasdicneis
323 2980 387 3019 cum
406 2967 525 3034 quatuor
542 2963 614 3018 villis
633 2963 782 3020 slavonicis
806 2964 964 3018 comitissae
991 2963 1186 3020 Vuresdicnsis
1204 2965 1233 3019 in
1251 2964 1349 3020 eodem

11 3043 19 3072 ⁸
102 3055 241 3112 comitutu
260 3050 449 3118 existentibus,
467 3051 496 3106 iu
514 3068 633 3122 querum
652 3046 858 3124 possessionem
876 3049 1029 3108 introduxit
1047 3067 1112 3107 sum
1124 3052 1246 3108 Thomas
1256 3068 1349 3108 comcs

105 3143 146 3198 dc
162 3141 321 3198 Herusnev.
340 3139 432 3196 Metuo
450 3143 544 3196 eutem
562 3141 699 3212 incipiunt
715 3156 733 3195 s
750 3144 829 3211 perte
853 3139 978 3196 orienieli
1007 3156 1091 3211 super
1117 3139 1232 3195 fluvium
1253 3140 1350 3196 Blisns

104 3229 204 3304 potuis,
224 3229 273 3284 ubi
287 3227 370 3299 juxte
387 3233 487 3283 terrem
506 3229 557 3284 lilii
574 3227 642 3284 Seii
659 3228 737 3284 vadit
754 3243 841 3300 super
858 3227 977 3282 eundem
995 3227 1110 3284 fluvium
1129 3225 1164 3283 sd
1176 3233 1278 3284 terrem
1302 3226 1350 3284 de·

103 3319 170 3375 ceni
190 3315 391 3388 zagrsbiensis;
409 3315 474 3372 inde
492 3315 527 3371 sd
546 3321 648 3372 terrem
666 3315 829 3371 filiiFercss
846 3319 874 3370 et
891 3313 928 3369 ed
946 3315 1061 3372 fluuium
1080 3314 1215 3372 Gelebich
1234 3313 1349 3386 potoks,

104 3413 136 3464 et
153 3405 189 3462 nd
210 3410 313 3461 terram
330 3403 379 3460 filii
398 3397 479 3471 Beris,
498 3408 527 3459 et
542 3403 621 3460 ducit
638 3402 674 3458 ad
693 3403 809 3458 fluvium
826 3401 960 3472 Pitnichs‚
979 3408 1007 3458 et
1023 3404 1098 3459 venit
1116 3403 1152 3458 ed
1170 3407 1272 3458 terrem
1290 3402 1347 3474 epi·

105 3495 186 3566 scopi
204 3491 400 3564 ambiensis,
420 3490 484 3547 inde
502 3491 537 3547 sd
555 3497 657 3548 terrum
675 3489 844 3563 populorum
856 3489 892 3547 de
904 3491 1062 3558 Wcrostio;
1080 3489 1181 3546 deinde
1199 3489 1236 3546 sd
1249 3495 1350 3546 terrm

11 3651 17 3671 ·
106 3580 252 3648 Welohek‚
280 3584 309 3636 et
334 3579 408 3636 redit
434 3581 533 3636 lterum
560 3581 589 3634 in
617 3579 730 3636 fluvium
758 3578 892 3645 Pitniche,
920 3577 1065 3634 revertitur
1089 3577 1125 3634 ed
1150 3577 1248 3634 Blisue
1265 3576 1349 3634 stibi
1457 3625 1460 3632 .

105 3671 247 3728 terminat

167 3757 214 3814 Es
230 3753 406 3826 transumpto
433 3755 507 3826 repis
532 3753 707 3823 sisinnusdi
724 3771 750 3810 o.
778 3758 854 3810 1418.
879 3754 1001 3824 confecto
1024 3752 1063 3808 od
1079 3752 1241 3824 petitionem
1264 3753 1352 3822 Woyrs

106 3855 134 3906 et
157 3845 288 3917 Grcporii
299 3844 360 3915 filii
377 3843 489 3900 Niooloi
506 3843 540 3900 de
554 3843 704 3913 Korpiseo,
722 3844 869 3900 barrium
888 3841 1005 3898 cordam
1023 3840 1152 3911 mcpistri
1169 3841 1267 3910 Emry
1285 3838 1351 3894 olim

11 3937 12 3954 ¹
110 3935 223 3992 cessitis
244 3931 447 4001 Vatusium,
465 3947 500 3988 cc
517 3931 630 3987 Nicoioi
642 3937 668 3988 et
681 3931 952 4002 Stcpbcuifliicrurs
971 3929 1056 3985 Pauli
1073 3944 1122 3986 uec
1134 3943 1192 3984 nou
1210 3925 1351 3982 Ambrosii

101 4023 165 4095 filii
187 4019 317 4092 (ircpors'i
329 4021 458 4090 fratrum
475 4034 588 4076 morum
606 4019 640 4076 dc
657 4020 750 4076 ecdem
768 4019 908 4088 Ksepirrec
923 4017 1060 4088 pascuis.
1079 4015 1237 4072 Mcrbrorsc
1254 4013 1287 4069 irs
1305 4029 1351 4070 cr·

110 4111 192 4168 duco
220 4107 345 4165 deitatis
371 4107 567 4164 soresdiensis.
596 4109 677 4163 Fuso.
695 4108 720 4162 1.
739 4111 763 4162 3.
788 4105 875 4161 Aliud
902 4108 1109 4173 transumptum
1135 4101 1256 4157 eiusdem
1279 4100 1352 4170 repis

11 4249 13 4256 .
108 4196 287 4269 suscense
306 4195 339 4250 sa
357 4213 384 4251 a.
402 4199 483 4250 uos.
502 4194 541 4250 ac
555 4195 717 4264 porrum
743 4193 872 4264 muers
898 4191 1040 4249 rossum
1051 4190 1112 4260 first
1134 4189 1279 4260 scepsius,
1295 4187 1351 4256 ster

108 4285 176 4343 Seli
193 4285 228 4340 dc
246 4283 439 4354 cerscamp
462 4281 643 4352 (temporeo)
668 4281 801 4338 coistebot
818 4281 850 4336 in
868 4280 939 4336 cotis
957 4279 1027 4350 repit
1052 4277 1161 4334 urcisini
1177 4291 1228 4346 prr
1245 4275 1348 4331 bouum

108 4375 277 4444 Hedsrouvy
295 4371 407 4428 Budare
426 4370 587 4442 &punctis
606 4373 640 4424 N.
659 4369 694 4426 ll
712 4373 745 4426 A
766 4373 845 4424 1597.
864 4383 907 4424 ur.
927 4371 951 4422 4.

162 4493 304 4552 DOXIII.
323 4492 638 4550 resuscitarentur.
656 4492 723 4548 Bele
734 4491 786 4548 IV.
804 4490 934 4546 inductus
952 4487 1180 4554 consideratione,
1197 4483 1273 4556 quod
1285 4483 1351 4540 dde-

108 4585 182 4652 litss,
213 4581 375 4656 praesertim
394 4595 458 4637 cum
475 4579 634 4636 hominibus
655 4579 764 4635 iniectis
782 4577 950 4649 corruptelle
967 4574 1071 4632 mesnil
1097 4572 1274 4639 senescentis,
1292 4588 1350 4644 quo

107 4663 207 4730 rariori
218 4669 353 4742 reperitur
371 4684 405 4725 eo
423 4669 512 4725 cericr
530 4669 566 4724 alt
582 4667 719 4736 habende,
747 4671 776 4723 et
792 4665 934 4722 ardentius
952 4661 1152 4736 amplectende,
1174 4659 1353 4717 menifestum

110 4759 180 4820 iecit
195 4755 341 4826 aebmuibus,
369 4754 445 4828 quod
473 4753 569 4812 fideles
587 4753 703 4828 Stipnho
730 4769 823 4813 comes
842 4758 869 4811 et
886 4752 983 4822 Jsoov,
1005 4751 1054 4807 tilii
1084 4749 1193 4809 comitis
1217 4747 1353 4821 Stephani

12 4861 13 4864 η
207 4849 214 4878 t

207 4887 222 5047 t
