3376 5350
610 373 756 416 mauors.
1245 365 1310 430 445

60 553 180 610 caderet
200 553 276 608 Huic
294 551 459 610 ordinationi
478 554 606 624 praebuit
617 570 665 608 rex
684 571 766 610 suum
784 569 936 620 assensum,
956 570 1020 610 cum
1034 570 1094 610 sam
1109 554 1311 610 ordinationem

61 659 156 696 veram
175 657 236 696 esse
256 640 374 696 civitatis
393 638 560 696 Grecbcnsis
578 641 743 696 universitas
761 642 986 698 confirmavisset.
1006 643 1112 698 Datum
1136 659 1186 714 per
1213 659 1311 699 manus

60 728 200 783 Theodori
219 727 368 799 praepositi
388 727 518 783 Albensis
536 729 616 784 aulae
634 728 859 784 vicecancellarii.

118 815 244 870 Tkole'ie':
263 816 342 870 Mon.
362 815 439 870 Hist.
461 815 491 870 T.
511 815 536 870 Ι.
550 832 579 885 p.
598 819 658 872 236.

114 953 703 1026 MDLxu.amqmaa1295.2s.n1au
723 955 840 1012 Carolus
858 957 896 1012 11.
923 955 1024 1013 Sicilae
1051 975 1099 1012 rex
1122 965 1150 1012 et
1172 975 1222 1029 pro
1247 976 1311 1029 rege

61 1043 203 1114 Ungariae
232 1041 347 1098 mandat
373 1042 499 1098 Henrico
518 1043 552 1099 ds
576 1045 702 1100 Hervilla
724 1061 787 1100 cum
813 1061 863 1116 pro
888 1047 1041 1100 munitione
1059 1046 1241 1116 quorumdam
1268 1063 1311 1101 ca·

61 1139 184 1184 atrorum
203 1131 231 1184 in
251 1131 374 1200 partibus
393 1129 548 1199 Slavoniae,
567 1148 621 1202 que
639 1149 727 1202 nuper
745 1131 781 1186 ad
808 1131 900 1186 Caroli
924 1133 997 1204 regis
1025 1132 1166 1204 Ungariae
1185 1134 1245 1205 ejus
1263 1135 1312 1188 lilii

57 1217 146 1272 tidem
158 1225 187 1272 et
200 1217 354 1272 dominium
366 1225 557 1288 pervenerim,
576 1220 680 1274 salmas
698 1219 829 1274 frumenti
842 1219 918 1275 millo
930 1220 997 1274 illuc
1010 1238 1059 1290 per
1071 1239 1147 1276 mare
1159 1221 1311 1276 mittendae

57 1306 97 1360 de
115 1305 240 1376 partibus
259 1305 378 1376 Apuliae
396 1308 567 1361 necessariae
586 1311 755 1376 reputentur,
774 1315 911 1377 quatenus
929 1307 1056 1362 nuntium
1077 1307 1141 1362 dicti
1162 1310 1234 1380 regis
1254 1307 1312 1363 Un-

55 1394 155 1464 gariae
174 1392 262 1448 dictas
280 1392 382 1448 salmas
400 1409 434 1447 ex
453 1394 589 1464 portubus
607 1393 805 1449 iurisdictionis
824 1395 884 1466 ejus
896 1395 1041 1450 extrahere
1054 1395 1140 1451 libers
1160 1395 1310 1466 permittat.

126 1480 249 1534 Weazel:
267 1483 341 1534 Acta
358 1487 452 1535 catera
470 1483 495 1536 L
514 1499 541 1552 p,
560 1485 619 1538 123.

119 1621 284 1678 MDLXIII.
302 1623 446 1680 venenis.
466 1625 541 1678 1295.
557 1627 601 1679 28.
621 1625 705 1679 Maii.
724 1625 796 1680 Cum
815 1629 927 1696 captum
945 1623 1029 1679 fuerit
1050 1624 1105 1678 alia
1126 1623 1185 1678 vice
1211 1623 1246 1678 de
1269 1624 1310 1678 sa·

57 1709 160 1764 cienda
178 1711 266 1781 gratia
284 1711 378 1765 comiti
396 1709 529 1778 Pcdinae,
548 1713 595 1782 qui
621 1711 698 1766 dedit
720 1712 846 1768 Venetiis
864 1711 1035 1780 Almiesium,
1056 1711 1091 1766 de
1110 1711 1250 1782 amphoris
1273 1713 1312 1766 vi·

60 1797 135 1867 ginti
154 1799 209 1852 vini
228 1797 303 1852 omni
321 1815 401 1864 anno,
420 1805 502 1871 capta
519 1799 572 1853 fuit
590 1816 661 1870 pars,
681 1798 757 1870 quod
776 1800 825 1854 fiat
843 1799 916 1854 dicta
942 1800 1031 1871 gratia
1055 1799 1182 1871 portandi
1208 1798 1312 1854 dictum

62 1885 159 1939 vinnm
178 1887 237 1940 sinc
257 1885 332 1940 datio
351 1885 386 1940 ad
404 1891 491 1941 terras
508 1887 668 1941 arniccrum.

120 1972 235 2040 Ljubid:
256 1974 335 2027 Mon.
354 1974 379 2028 Ι.
398 1991 424 2046 p.
443 1975 502 2028 188.

118 2113 282 2168 MDLXIV.
301 2115 463 2183 hanniae.
483 2119 558 2169 1295.
579 2119 620 2169 17.
640 2116 731 2170 Jonii.
752 2115 869 2170 Carolus
893 2115 928 2169 11.
956 2114 1066 2170 Siciliae
1090 2131 1139 2169 rex
1163 2111 1311 2169 attendens

59 2201 187 2270 grandia,
212 2209 291 2273 grata
313 2210 342 2258 et
364 2209 478 2274 accepta
501 2205 619 2270 servitia,
645 2221 716 2273 quae
741 2203 845 2257 Paulus
873 2204 962 2258 banus
991 2203 1157 2270 Maritimus,
1182 2203 1311 2257 dominus

67 2290 242 2358 Creatorum,
263 2291 379 2345 dilectus
398 2297 425 2346 et
443 2290 534 2346 fidelis
552 2292 780 2362 consanguneus,
799 2291 939 2362 quondam
957 2291 1028 2362 patri
1048 2291 1120 2360 regis
1138 2291 1314 2360 praestiterat

67 2384 95 2431 et
121 2377 248 2433 assiduae
272 2385 395 2448 praestat
418 2381 476 2449 regi
501 2386 529 2434 ct
552 2379 613 2450 ejus
631 2379 689 2434 filio
714 2379 815 2434 Oarolo
833 2379 891 2450 regi
910 2379 1059 2448 Ungariae,
1078 2379 1214 2433 consentit
1238 2377 1313 2448 quod

62 2465 155 2520 dictus
174 2481 222 2518 rex
249 2466 388 2537 Ungariae
412 2467 502 2522 eidem
527 2467 616 2522 Paulo
640 2468 713 2522 bano
738 2467 873 2522 concedat
895 2468 924 2520 in
948 2469 1006 2522 vita
1030 2483 1081 2520 sua
1103 2465 1241 2520 Banatum
1263 2481 1312 2520 scu

64 2551 228 2606 Dominium
252 2552 369 2608 banatus
387 2555 416 2608 in
435 2553 574 2609 Oroatinia
593 2561 620 2608 et
638 2554 806 2608 Dalmatinis
819 2554 951 2624 partibus,
965 2553 1119 2608 secundum
1134 2551 1208 2622 quod
1221 2552 1313 2622 ipsum

62 2639 203 2694 Banatum
222 2641 311 2695 tenuit
328 2649 356 2695 et
374 2657 448 2696 nrmc
466 2647 549 2697 tenet.

124 2727 246 2780 Weaaei:
265 2729 338 2782 Acta
356 2735 451 2782 extera
470 2731 494 2783 I.
513 2745 540 2800 p.
560 2732 618 2782 124.

119 2851 268 2906 MDLXV.
288 2859 315 2907 et
333 2851 498 2908 MDLXVI.
520 2851 1002 2908 1295.Junii.0arolus11.Siciliae
1027 2868 1075 2906 rex
1093 2851 1190 2906 tribuit
1208 2851 1313 2904 nuntiis

63 2939 146 2992 Pauli
165 2938 229 2993 bani
241 2939 381 2994 licentiam
394 2940 556 2995 extrahendi
568 2941 652 2994 libere
665 2939 753 3010 ajure
766 2941 890 2996 exiturae
903 2939 937 2994 de
950 2940 1086 3010 portubus
1101 2937 1220 3008 Apuliae
1236 2937 1312 2992 mille

66 3027 169 3081 sobnas
179 3026 309 3082 frumenti
328 3027 490 3082 deferendas
508 3027 544 3082 ad
562 3035 655 3098 partes
667 3027 813 3084 Slavcniae
825 3045 876 3100 pro
888 3028 1041 3084 munitione
1054 3033 1206 3082 castrorum
1223 3026 1311 3096 ipsius

62 3113 137 3168 bani.

123 3201 246 3256 Weasel:
265 3205 339 3256 Actu
358 3209 459 3257 extera.
478 3203 501 3256 Ι.
522 3205 581 3258 125.

121 3343 301 3398 MDLXVII.
320 3345 397 3399 1295.
414 3344 457 3398 25.
476 3344 569 3399 June:
583 3343 744 3415 Capitulum
757 3344 935 3400 Obasmsnsis
947 3345 1080 3400 ecclesiae
1091 3345 1224 3412 notificat,
1237 3345 1312 3416 quod

61 3433 197 3502 magister
215 3432 365 3498 ilburtiua,
384 3431 482 3486 debilis
501 3448 624 3503 corpore,
643 3449 727 3488 sanus
739 3431 830 3487 adbuc
842 3439 943 3500 mente,
960 3433 1072 3503 reliquit
1083 3433 1312 3488 testamentalitcr

61 3518 205 3591 quandam
224 3520 388 3590 particulam
412 3521 495 3574 unius
519 3521 603 3575 aratri
616 3520 810 3576 'sufficientem
835 3522 864 3576 in
888 3521 1063 3592 possessione
1082 3537 1133 3576 sua
1151 3519 1260 3590 Stupna
1283 3523 1312 3574 in

59 3609 196 3663 comitatu
208 3606 394 3674 Guerzencbe‚
407 3624 423 3662 a
436 3615 514 3678 parte
530 3609 737 3663 Heremitarum
751 3625 772 3662 a.
785 3609 936 3678 Augustini
951 3608 985 3662 de
998 3607 1120 3662 Guarich
1139 3608 1311 3663 adiacentem

59 3695 168 3751 eisdem
186 3694 318 3750 fratribus
336 3695 489 3750 Heremitis
502 3697 533 3750 B.
547 3696 673 3766 Virginis
692 3697 726 3751 de
745 3695 848 3751 Garich
866 3696 918 3750 sub
940 3696 1029 3750 tribus
1055 3696 1154 3767 sigillis
1173 3695 1312 3762 (videlicet

60 3783 189 3837 eiusdem
217 3783 334 3838 Tiburtii
363 3791 391 3838 ct
418 3791 569 3838 conventus
596 3783 713 3838 fratrum
731 3784 872 3838 Minorum
897 3783 931 3838 dc
957 3781 1118 3838 Gurbanich
1144 3799 1176 3836 ac
1201 3783 1311 3836 comitis

58 3870 205 3938 Mattiaci,
224 3871 308 3925 salvis
325 3877 419 3926 tamen
437 3873 611 3942 portionibus
629 3872 747 3927 Joannis
760 3879 788 3926 et
800 3871 910 3926 Nicolai
928 3877 1062 3942 nepotum
1082 3887 1203 3924 suorum.
1217 3869 1311 3924 Motae

57 3976 132 4030 quae
151 3958 272 4014 Mathias
288 3959 416 4012 sacerdos
435 3957 567 4014 ecclesiae
585 3977 605 4013 s.
627 3959 735 4013 Nicolai
756 3957 790 4013 dc
810 3957 988 4014 Guerzeuchs
1012 3958 1112 4026 retulit,
1137 3957 1191 4012 hcc
1215 3957 1311 4012 ordine

57 4047 265 4117 ‹listiguunturt
284 4045 379 4100 Prima
395 4047 493 4117 incipit
510 4049 538 4100 in
558 4047 648 4117 capite
666 4047 747 4102 rivuli
766 4045 882 4118 Stupna,
896 4053 924 4102 et
935 4047 973 4100 ibi
986 4051 1051 4101 aunt
1069 4053 1123 4100 tres
1142 4048 1247 4114 uncae,
1260 4063 1309 4116 per

56 4133 202 4205 quandam
221 4135 348 4189 semitam
367 4133 442 4189 cadit
460 4135 487 4188 in
506 4151 636 4204 magnam
656 4136 728 4188 viam
748 4140 776 4189 et
794 4137 869 4188 venit
887 4133 923 4188 ad
942 4134 1095 4200 ecclesiam,
1120 4133 1155 4188 de
1180 4151 1235 4204 qua
1260 4150 1309 4204 per

56 4222 205 4291 antiquam
225 4223 296 4276 viam
316 4221 441 4276 ascendit
458 4222 493 4276 ad
513 4229 568 4277 tres
586 4223 698 4277 arbores
725 4221 821 4285 Erasi,
846 4221 880 4276 de
903 4223 1004 4292 quibus
1028 4221 1102 4276 cadit
1126 4223 1154 4276 in
1180 4239 1309 4292 magnam

57 4311 145 4374 uam,
165 4325 220 4378 qua
242 4310 299 4363 itur
327 4326 422 4364 versus
445 4309 535 4364 lorum
560 4309 595 4364 ad
620 4311 772 4378 meridiem,
797 4327 846 4382 per
870 4309 1008 4381 Stupnam
1033 4309 1104 4365 redit
1127 4309 1163 4364 ad
1191 4311 1310 4381 priorem

57 4402 179 4462 metam,

115 4483 212 4551 Fejer:
233 4483 298 4539 Cori.
318 4484 386 4553 dipl.
410 4485 439 4539 T.
462 4485 508 4538 VI.
528 4485 578 4538 ool.
597 4486 626 4540 1.
639 4501 668 4553 p.
689 4489 747 4540 376.

115 4605 310 4661 MDLXVIII.
330 4608 459 4675 Posepae
486 4609 562 4660 1295.
575 4612 599 4660 8.
615 4609 783 4664 ll'coembris.
797 4609 964 4664 Thomasina
982 4614 1069 4662 mater
1088 4609 1162 4679 regis
1181 4604 1309 4661 Andreae

62 4693 118 4754 ΙΙΙ.
137 4694 258 4752 Ducissa
276 4695 362 4753 totius
381 4694 526 4751 Slavoniac
546 4702 575 4752 et
592 4698 770 4774 gubernatrix
782 4699 902 4771 partium
921 4699 988 4754 citra
1004 4695 1205 4754 Danubialium
1223 4711 1312 4772 usque
