3544 5344
733 301 877 346 aroma.
1147 255 1151 263 ’
1382 283 1425 348 23

189 469 267 540 equis
285 467 429 524 venalibus
446 468 517 524 dnos
535 467 672 536 denarios,
691 485 708 524 a
725 467 836 524 duobus
854 468 945 525 bobus
964 471 978 524 l
997 468 1153 538 dsuarinm3
1175 469 1211 526 de
1230 471 1318 528 tribus
1337 475 1427 544 porcis

189 560 204 612 1
223 557 375 612 denarium.
393 557 427 611 In
446 561 528 628 portu
545 555 656 610 Dravae
673 553 709 610 de
726 556 850 626 quolibet
873 573 955 612 curru
975 559 990 612 1
1008 557 1160 613 denarium.
1179 558 1210 614 Si
1228 560 1290 629 quis
1308 561 1427 618 haerede

187 661 284 701 carens
303 644 457 712 decesserit,
480 643 565 699 libere
589 642 719 714 disponat
742 644 947 714 possessionem
965 660 1052 712 suam,
1071 645 1129 700 slve
1147 647 1278 702 ecclesiae
1296 648 1354 704 sire
1371 649 1428 704 cui-

187 733 255 789 libet
273 749 386 788 suorum
404 737 594 802 cognatorum.
612 731 642 787 Si
660 732 722 802 quis
740 732 858 788 voluerit
874 731 910 788 de
927 731 992 788 villa
1006 731 1155 801 discedere,
1168 734 1285 790 venditis
1298 735 1427 792 omuibus

187 819 319 876 aedificiis
336 820 420 875 libere
439 820 527 890 possit
544 819 627 874 abire
647 819 822 890 ancnmque
840 836 889 891 per
906 819 1026 890 aliquem
1045 825 1208 877 extraneum
1226 821 1255 876 in
1273 822 1356 878 rebus
1370 825 1427 879 suis

187 910 321 965 damnum
338 913 485 980 pateretur,
510 913 538 964 st
560 907 634 964 idem
656 907 816 964 malefactor
834 907 870 964 ab
888 907 987 964 eodem
1004 907 1136 978 burgensi
1154 909 1182 964 iu
1201 909 1265 964 villu
1283 927 1334 964 sua
1351 928 1428 966 reco-

186 987 371 1068 gnosceretur,
389 995 524 1050 rictbmms
542 995 667 1052 eiusdem
683 995 736 1050 loci
755 995 826 1050 iuter
844 1011 892 1049 eos
913 995 997 1050 saciat
1013 995 1154 1050 iustitiam.
1173 996 1311 1051 Metarum
1332 1003 1425 1052 antem

187 1085 277 1156 prima
294 1089 383 1139 terrae
400 1083 506 1140 Iwanca
523 1083 619 1154 incipit
636 1082 672 1138 ab
696 1083 801 1138 oriente
825 1087 853 1137 et
869 1081 959 1138 tendit
976 1099 1072 1138 versus
1095 1081 1237 1138 meridiem
1255 1089 1282 1140 et
1300 1083 1426 1140 arborem

187 1171 292 1243 nyaria,
320 1177 348 1226 st
365 1170 488 1242 procedit
505 1186 594 1241 usqne
616 1169 652 1225 ad
676 1187 777 1240 aquam
801 1169 878 1224 Plina
901 1168 971 1226 infra
994 1169 1128 1241 capellam
1154 1187 1176 1224 s.
1195 1171 1283 1238 Petri;
1310 1171 1338 1225 in
1357 1171 1427 1227 occi-

187 1259 271 1315 dente
289 1259 363 1314 venit
380 1257 416 1312 ad
434 1258 552 1313 rivrrlum
577 1257 678 1325 Bliana,
703 1258 816 1313 vertitur
840 1255 875 1311 ad
893 1257 1034 1312 meridiem
1058 1256 1095 1312 ad
1112 1257 1262 1328 quemdem
1279 1258 1378 1313 vallem
1400 1265 1428 1314 et

186 1345 312 1402 ascendit
328 1344 364 1400 ad
382 1361 511 1415 magnam
529 1344 609 1411 viam,
634 1361 683 1416 per
706 1361 790 1415 quam
808 1345 861 1400 itur
879 1345 915 1400 ad
933 1344 1077 1415 Tboplicb,
1094 1343 1143 1399 ubi
1163 1351 1239 1400 tenet
1256 1351 1344 1400 metas
1363 1364 1426 1402 cum

186 1433 275 1490 chko
293 1439 321 1488 et
338 1449 401 1487 cum
418 1439 491 1488 terra
508 1432 658 1503 Tboplicb3
675 1431 740 1486 inde
757 1430 845 1487 tendit
863 1431 898 1486 ad
913 1439 1043 1497 montem,
1062 1430 1110 1502 qui
1122 1430 1221 1486 dicitur
1233 1431 1365 1503 Pachyno,
1378 1433 1426 1488 ubi

186 1527 253 1576 snut
270 1537 403 1576 cavernae
425 1519 454 1574 in
478 1519 576 1574 eodem
599 1524 707 1585 monte;
732 1518 905 1590 progreditur
928 1533 1023 1572 versus
1048 1517 1217 1574 occidentem
1245 1535 1335 1589 usque
1352 1521 1425 1576 viam

184 1610 314 1671 levatam,
333 1607 381 1662 ubi
399 1613 474 1662 tenet
485 1613 573 1662 ructas
585 1623 648 1661 cum
660 1605 812 1662 Welrozlau
833 1611 861 1662 et
872 1623 936 1660 cunr
947 1603 1060 1660 Burdon
1072 1606 1100 1660 iu
1113 1605 1236 1676 quodam
1247 1606 1309 1662 loco
1321 1623 1426 1678 aqueo;

186 1695 223 1752 ad
241 1695 400 1766 aquilonem
418 1695 565 1766 pertransit
583 1700 695 1766 pontem
713 1701 850 1750 muratum
870 1698 897 1750 ct
915 1692 985 1748 duce
1009 1693 1094 1759 lacus,
1113 1695 1327 1750 conterminam
1344 1695 1426 1751 villae

186 1784 319 1855 episcopi,
338 1789 366 1838 et
383 1789 458 1838 tenet
475 1787 562 1837 metus
572 1782 600 1836 iu
613 1798 647 1838 aa
658 1781 686 1835 in
699 1781 820 1852 quodam
832 1781 903 1848 lacu,
915 1797 1011 1835 versus
1023 1779 1165 1835 meridiem
1177 1780 1252 1836 cadit
1263 1781 1299 1836 ad
1311 1782 1425 1838 fluvium

186 1871 271 1938 Plinz,
299 1871 356 1927 exit
381 1869 416 1924 ad
443 1870 515 1924 riam
538 1870 664 1935 levatam,
688 1874 717 1923 st
740 1885 788 1938 per
812 1867 929 1923 eandem
950 1867 1024 1924 cadit
1044 1868 1072 1922 in
1088 1884 1188 1938 uquam
1207 1869 1360 1940 Brenicze,
1385 1870 1420 1925 ad

188 1958 360 2014 occidentem
378 1956 591 2013 contaminatur
608 1956 689 2010 villae
706 1955 793 2012 Barac
798 1974 805 2023 ;
829 1955 893 2010 inde
912 1955 947 2010 ad
965 1961 1050 2026 caput
1072 1972 1168 2026 aquae,
1187 1955 1234 2010 ubi
1253 1974 1317 2012 cum
1334 1957 1425 2014 Redo-

188 2063 245 2102 mer
268 2050 344 2100 tenet
366 2049 469 2111 metas;
490 2045 519 2098 in
542 2045 670 2114 aquilone
694 2041 767 2098 cadit
790 2043 826 2097 ad
850 2059 952 2113 aquam
978 2042 1079 2110 Plinez,
1104 2045 1318 2099 contaminatur
1344 2045 1426 2101 ullae

188 2133 307 2198 Domse;
325 2131 425 2186 dende
443 2131 530 2187 tendit
553 2131 588 2186 ad
612 2147 742 2201 magnam
768 2129 849 2196 riam,
868 2147 917 2201 per
935 2147 1019 2199 quam
1037 2131 1091 2184 itur
1109 2130 1143 2185 ad
1163 2137 1263 2186 terram
1281 2132 1425 2188 crucifero·

185 2236 261 2287 rum;
280 2220 308 2274 in
327 2218 455 2289 aquilone
472 2219 527 2273 itur
551 2218 586 2274 ad
613 2217 728 2273 dumum
753 2217 861 2286 Gor-nli;
885 2216 1003 2272 indeed
1027 2234 1157 2287 magnam
1174 2219 1255 2285 viam,
1274 2237 1323 2290 per
1341 2237 1425 2290 quam

184 2307 241 2362 itur
258 2305 295 2361 ad
312 2306 491 2373 Teutoniam;
515 2305 579 2360 inde
603 2304 638 2359 ad
657 2311 759 2360 metam
776 2304 928 2370 arboream,
953 2303 1000 2358 ubi
1019 2311 1062 2360 est
1079 2311 1284 2360 commetaneus
1302 2307 1368 2361 Iuer
1382 2307 1425 2377 je-

183 2393 270 2464 bagio
287 2394 384 2460 castri,
402 2391 502 2448 deinde
525 2392 560 2447 ad
585 2397 695 2463 portum
719 2393 837 2458 Dravae,
862 2408 912 2462 per
936 2407 1018 2462 quem
1042 2391 1156 2447 fluvium
1180 2409 1311 2462 magnum
1329 2394 1426 2448 circuit

183 2481 312 2548 insulam,
332 2497 403 2551 quae
421 2479 520 2534 dicitnr
538 2480 688 2550 Zrepicaar,
707 2496 792 2549 qnam
809 2495 952 2548 nunquam
969 2495 1043 2549 aqua
1055 2495 1184 2550 separare
1202 2480 1290 2551 possit
1307 2480 1344 2535 ab
1361 2481 1425 2536 bos·

183 2567 303 2640 pitibus;
323 2585 372 2639 per
389 2567 520 2623 maiorem
538 2583 649 2622 cursum
667 2565 742 2622 fluvii
759 2566 852 2636 magni
870 2567 945 2620 venit
962 2564 997 2619 ad
1017 2565 1185 2636 praedictam
1203 2567 1296 2622 villam
1308 2567 1423 2634 Iwanca,

182 2656 212 2711 in
232 2673 289 2726 qua
305 2654 434 2726 gradIens
452 2655 666 2710 conterminatnr
684 2655 787 2726 primae
799 2660 897 2708 metae
910 2652 1046 2708 Prestaldi
1058 2655 1144 2723 rogis:
1157 2653 1274 2710 Gurdon
1285 2653 1321 2710 de
1333 2660 1424 2710 castro

183 2743 291 2799 Grebin
310 2748 338 2797 et
355 2741 442 2798 Zellro
459 2743 596 2812 terrigena
613 2741 648 2798 de
665 2742 730 2797 villa
741 2741 859 2797 Pliticze.
872 2742 977 2796 Datum
989 2757 1039 2812 per
1050 2757 1149 2796 manus
1161 2741 1284 2811 magistri
1297 2741 1420 2796 Thomas

183 2832 266 2886 aulae
290 2830 450 2885 cancellarii
469 2831 618 2908 'Existente
643 2829 785 2900 Stephano
808 2829 941 2900 episcopo
964 2827 1142 2899 aegrabiensi,
1171 2828 1305 2885 Zacharia
1322 2828 1423 2884 comite

183 2917 364 2973 raresdienei.

236 3021 413 3078 Kerctclr'eb:
432 3025 495 3077 Not.
513 3021 606 3077 Praei.
622 3037 651 3091 p.
670 3023 732 3076 188.
750 3021 827 3076 Mau:
844 3021 920 3075 Jura
943 3019 1023 3089 rapui
1039 3020 1064 3075 L
1080 3035 1110 3089 p.
1129 3022 1170 3073 41.
1188 3021 1309 3076 Monam.
1327 3022 1422 3090 Huaq.

182 3109 249 3166 bist.
272 3109 321 3178 VI,
338 3113 400 3166 125.

236 3256 387 3312 LXXVII.
405 3259 441 3312 A.
465 3259 551 3322 1209.ι
571 3255 696 3310 Androne
720 3256 743 3311 1.
767 3273 824 3310 rex.
850 3255 1006 3321 recordans,
1037 3253 1111 3324 quod
1138 3270 1230 3310 comes
1257 3253 1421 3310 Wratislaue

181 3351 316 3415 tempore,
341 3359 398 3414 quo
423 3343 540 3400 ducatus
564 3343 707 3400 fruebatur
730 3342 871 3412 dignitate,
890 3341 1002 3412 quando
1020 3342 1091 3397 inter
1109 3358 1173 3396 eum
1190 3347 1218 3396 et
1235 3341 1347 3397 fratrem
1363 3341 1422 3396 He-

180 3431 315 3488 merieum
337 3447 431 3500 regem
454 3430 592 3486 discordia
615 3429 780 3494 vertebatur,
805 3429 841 3483 ob
865 3427 947 3484 fidele
971 3429 1119 3496 servitium,
1144 3429 1218 3499 quod
1244 3431 1269 3484 si
1290 3429 1421 3492 exhibuit,

181 3516 239 3574 non
258 3518 396 3574 modicam
409 3518 548 3588 jacturam
565 3523 622 3572 tam
640 3517 740 3572 domus
758 3533 826 3572 suae
844 3516 1013 3582 combustae,
1032 3534 1116 3587 quam
1134 3533 1227 3572 rerum
1245 3522 1421 3584 caeterarum,

181 3611 332 3678 praecepto
349 3604 414 3660 dicti
431 3605 523 3660 fratris
541 3611 568 3659 et
585 3605 666 3674 regis,
685 3620 784 3676 passus
803 3604 914 3670 suisset,
933 3602 1052 3674 denique
1070 3605 1207 3674 susceptis
1227 3605 1422 3674 regni—gnber-

180 3693 289 3748 nacnlis
313 3691 349 3746 ed
373 3693 556 3762 praesentiam
579 3693 683 3762 regiam
707 3691 829 3758 accessit,
853 3691 977 3760 rogitans
1005 3697 1036 3746 ut
1069 3692 1265 3763 patrimonium
1288 3708 1370 3746 suum
1394 3697 1422 3746 at

182 3779 298 3834 fratrum
317 3795 430 3834 suorum
448 3797 511 3834 cnm
529 3778 657 3834 omnibus
676 3778 794 3850 praediis
818 3783 845 3832 et
863 3777 1086 3848 possessionibus
1104 3778 1161 3832 suis
1183 3778 1236 3832 sub
1255 3783 1350 3833 tenore
1368 3779 1421 3848 pri·

181 3867 274 3938 vilegii
291 3864 488 3933 corroboraret,
513 3865 649 3937 praebens
673 3865 797 3920 auditum
821 3865 1001 3935 petitionibus
1026 3865 1101 3920 dedit
1124 3866 1153 3919 in
1179 3865 1317 3920 mandatis
1341 3865 1422 3920 Bank

180 3955 264 4021 bano,
284 3959 315 4008 ut
331 3959 432 4008 terram
450 3959 477 4008 et
495 3953 685 4024 possessiones
703 3952 842 4007 Wratielai
860 3951 1005 4022 diligenter
1022 3952 1177 4024 inspiceret.
1200 3953 1255 4020 Qui
1271 3952 1360 4007 banus
1372 3969 1421 4024 per

180 4042 289 4112 regium
307 4040 473 4111 pristaldnm
490 4045 518 4096 et
541 4057 623 4094 suum
641 4039 814 4110 capellanum
834 4039 1004 4110 Cyprianum
1032 4039 1066 4094 de
1093 4045 1167 4094 meta
1185 4039 1220 4094 ad
1238 4045 1341 4095 matam
1359 4057 1422 4111 poe-

180 4129 320 4183 sessiones
343 4127 478 4198 inspicere
504 4127 616 4194 curavit,
644 4125 835 4198 praesentibus
862 4126 988 4197 pluribus
1015 4126 1202 4182 castrensibus
1230 4133 1258 4182 et
1281 4127 1420 4182 canonicis

180 4213 413 4285 zagrabieneibus,
432 4214 509 4268 nullo
528 4213 689 4284 probibente
708 4219 757 4268 ant
774 4213 984 4269 contradicente.
1012 4213 1126 4283 Resque
1144 4229 1306 4284 possessum
1323 4215 1420 4269 confir·

181 4307 246 4369 mat,
265 4301 419 4358 concedens
438 4300 464 4355 ei
480 4299 642 4368 libertatem,
666 4300 741 4371 quod
759 4299 853 4356 nullus
875 4300 973 4366 banus,
997 4299 1091 4354 nullus
1109 4316 1210 4367 comes,
1229 4301 1287 4356 sive
1305 4301 1421 4371 quilibet

181 4389 260 4455 alius,
279 4405 363 4460 super
379 4387 456 4442 illum
472 4393 581 4454 terram,
600 4388 652 4442 nisi
671 4405 705 4442 err
722 4387 797 4441 bona
814 4386 956 4442 voluntate
971 4387 1147 4458 possessoris,
1161 4387 1329 4442 descendere
1341 4403 1420 4458 pras-

182 4481 281 4530 aumat
301 4475 393 4530 dietae
411 4481 504 4530 autem
521 4473 575 4529 bae
593 4479 670 4530 sunt:
694 4475 787 4530 Prima
810 4480 884 4528 meta
911 4474 1016 4546 praedii
1041 4474 1138 4530 Dobra
1154 4474 1250 4544 incipit
1267 4491 1285 4528 a
1303 4474 1375 4530 Sava
1392 4481 1421 4530 at

182 4561 271 4617 tendit
288 4560 323 4616 ad
341 4561 482 4633 lapideum
500 4567 620 4633 portum,
632 4561 696 4617 inde
708 4579 758 4634 per
770 4562 859 4616 variae
871 4567 959 4616 metas
971 4561 1101 4616 arboreas
1114 4559 1148 4615 ad
1167 4575 1299 4616 cmumen
1310 4561 1419 4629 montis,
