3544 5344
673 349 819 392 usnam.
1322 327 1365 394 25

21 487 25 494 Ι
130 513 325 582 Quinqueecol.
353 510 498 568 Gothsrdo
524 511 704 584 sagrabisnsi,
731 514 811 570 Bantr
837 514 919 582 bano,
949 515 1050 571 Moclre
1076 517 1243 588 posoniensi,
1271 516 1369 572 Ochus

21 629 26 646 ν
129 599 312 671 supruniensi.

184 704 315 761 l'taler'l:
332 706 412 762 stoa
432 707 607 777 episcopatus
622 707 735 778 sumat.
755 709 821 778 tp.
839 711 881 762 17.

180 865 348 920 LXXVIII.
368 867 401 919 A.
424 869 502 919 1209.
526 866 652 922 Andreas
669 865 701 920 11
719 883 768 922 rex
786 883 947 938 agnoscens,
965 867 1041 938 quod
1059 867 1127 924 Bela
1143 885 1192 924 ren
1210 877 1288 941 pater
1306 869 1366 940 ejus
1428 887 1433 896 ·

127 952 324 1008 Bartholomeo
342 953 435 1008 comiti
453 952 498 1020 (de
515 953 626 1024 Veglia)
643 960 744 1008 terram
762 955 790 1008 in
808 954 916 1010 &aaut
931 955 980 1010 tali
998 955 1122 1011 libertate
1140 958 1285 1012 contulerit
1303 975 1366 1028 pos·

21 1081 30 1108 ,
127 1039 281 1105 uidendam,
300 1043 331 1094 ut
348 1055 418 1106 eam,
437 1039 460 1094 si
479 1039 535 1095 tilio
553 1041 677 1108 caruerit,
696 1041 850 1111 cuicunque
867 1041 903 1096 de
921 1043 1131 1112 consanguineis
1143 1044 1200 1098 suis
1213 1044 1366 1114 relinquere

127 1127 225 1199 possit,
243 1125 327 1182 modo
346 1125 444 1182 eadem
461 1127 622 1182 liberalitate
649 1127 768 1184 admittit
791 1129 826 1183 ad
851 1129 1011 1200 petitionem
1029 1129 1154 1201 ejusdem
1171 1131 1365 1199 Bartholomei,

21 1225 24 1242 ·
126 1220 160 1270 ut
176 1213 295 1268 eandem
313 1219 411 1269 terram
436 1215 529 1284 nepoti
554 1231 606 1270 suo
629 1216 721 1270 comiti
739 1215 861 1271 (luidoni
888 1216 923 1272 de
942 1217 1031 1288 Vegls
1048 1219 1108 1273 inre
1126 1225 1260 1290 perpetuo
1279 1221 1366 1290 possi·

125 1301 250 1356 dendam
266 1300 374 1358 tradere
393 1301 487 1372 possit
506 1302 611 1356 Datum
630 1319 679 1374 per
696 1319 794 1358 manus
813 1303 926 1358 Roberti
938 1305 1018 1360 aulae
1030 1305 1198 1372 cancellarii;
1217 1306 1364 1378 subscripti

125 1391 199 1444 inter
208 1395 344 1446 caeteros:
357 1387 479 1444 Odeum
491 1390 639 1460 episcopus
652 1389 878 1460 Quinqneecoles,
892 1389 1054 1447 Guthardus
1065 1393 1258 1462 asgrabiensis,
1272 1394 1364 1450 Bsncc

126 1477 227 1544 banus,
247 1475 341 1532 Ochus
358 1477 547 1548 supruniensis
566 1493 666 1532 comes

185 1581 318 1638 Weacset:
347 1581 413 1638 (led.
437 1581 550 1652 diplom.
574 1582 752 1652 urpuds'arrae
775 1583 830 1653 XI,
855 1587 896 1637 95.
917 1582 1060 1655 Ortptuate
1074 1585 1184 1654 pridem
1201 1586 1233 1640 r'rr
1251 1585 1364 1642 arctico

21 1679 29 1696 ‘
126 1670 228 1738 requie.
246 1669 449 1740 scyreburne
468 1669 581 1726 stabnt

178 1827 317 1882 LXXIX.
336 1827 370 1883 A.
388 1831 468 1883 1209.
487 1829 613 1884 Andreas
630 1830 660 1884 II
678 1847 727 1884 rex
745 1845 906 1899 agnoscens,
923 1830 1000 1900 quod
1012 1832 1088 1902 regia
1099 1831 1234 1888 celsitudo
1251 1831 1304 1886 hiis
1317 1848 1364 1902 po-

128 1915 303 1986 potissimum
315 1932 400 1986 opera
411 1915 614 1972 misericordiae
626 1917 797 1988 propensiori
807 1935 873 1972 cura
884 1918 968 1974 debet
979 1918 1145 1990 impendere,
1157 1921 1205 1989 qui
1218 1925 1245 1974 et
1256 1935 1365 1973 crucem

128 2001 297 2056 saluu't‘eram
315 2008 343 2056 et
360 2003 517 2074 sepulcrum
533 2003 702 2059 dominicum
726 2011 821 2059 conus
845 2021 969 2076 paganos
987 2007 1122 2061 effusione
1140 2006 1283 2076 sanguinis
1301 2023 1364 2060 con-

131 2087 228 2153 terent,
247 2089 426 2144 considerans
450 2091 532 2160 igitur
556 2091 672 2146 miliciae
694 2091 790 2162 templi
813 2093 970 2162 religiosam
994 2092 1168 2149 devotionem
1192 2098 1220 2148 et
1237 2092 1364 2150 assiduos

133 2175 237 2232 labores
255 2181 351 2230 nonna
369 2175 471 2230 Christi
488 2177 590 2244 hostes,
615 2177 696 2232 duxit
719 2195 815 2234 omnes
838 2180 1006 2251 templarios,
1024 2181 1072 2250 qui
1090 2181 1163 2234 intra
1179 2181 1256 2250 regni
1275 2181 1364 2235 termi-

21 2279 31 2298 ·
128 2279 185 2329 nos,
209 2267 238 2318 et
259 2267 316 2317 tarn
334 2263 363 2317 in
380 2263 521 2318 Dalmatia
539 2281 623 2334 quam
642 2266 670 2318 in
689 2265 828 2332 Obroatis,
847 2273 875 2322 et
893 2268 985 2322 omnia
1002 2284 1098 2323 eorum
1117 2267 1190 2323 bona
1207 2267 1320 2322 mobilia
1338 2273 1365 2322 et

124 2349 278 2404 immobIlia
294 2355 390 2406 contra
407 2351 557 2420 quamlibet
574 2352 713 2406 hominem
732 2359 883 2423 protegere.
897 2353 1108 2424 constituitque,
1122 2361 1153 2408 ut
1165 2354 1257 2408 nullus
1275 2354 1364 2408 banus

21 2427 22 2434 ἵ
125 2440 168 2494 vel
186 2437 297 2493 banilus
316 2437 358 2493 vel
375 2437 475 2508 aliquis
498 2439 570 2492 alius
592 2438 757 2494 descensum
780 2440 824 2495 vel
847 2440 959 2510 aliquod
984 2441 1124 2508 tributum,
1152 2443 1195 2497 vel
1213 2441 1363 2508 collectam,

124 2527 165 2580 vel
184 2525 287 2580 liberos
314 2523 449 2592 denarios,
473 2527 530 2581 sive
549 2527 721 2594 marturinss,
744 2527 787 2582 rel
805 2527 933 2583 denarios
957 2528 1094 2600 ponderis,
1122 2529 1164 2584 vel
1189 2530 1364 2584 sanccionem

122 2614 255 2684 aliquam,
274 2611 332 2666 sive
350 2611 461 2684 aliquod
481 2629 559 2678 onus,
578 2629 595 2667 a
613 2613 744 2668 tratribus
755 2615 850 2685 tempti
863 2620 891 2669 et
906 2631 1001 2670 eorum
1010 2615 1208 2686 jobagionibus
1226 2633 1259 2672 ao
1277 2616 1364 2672 homi·

122 2702 209 2756 nibus
228 2717 279 2770 pro
296 2699 465 2770 quibuslibet
482 2700 565 2755 rebus
583 2701 693 2770 exigere
712 2707 878 2772 praesumat
901 2703 1053 2758 Confirmat
1071 2721 1183 2774 quoque
1201 2705 1293 2759 omnia
1310 2704 1364 2758 illis

121 2805 138 2842 n
156 2785 419 2860 praedecessoribus
443 2788 501 2842 suls
526 2787 626 2842 collata
651 2788 799 2858 privilegia
824 2790 895 2843 sicut
917 2789 965 2844 illa
983 2797 1010 2845 et
1033 2807 1082 2846 rex
1101 2791 1264 2846 Homericus
1281 2791 1364 2846 trater

119 2877 184 2930 eiua
202 2873 425 2941 confirmaveram
444 2875 546 2930 sedicet
563 2875 655 2929 villam
674 2876 777 2930 Pisana
793 2877 821 2930 in
840 2877 972 2931 comitatu
990 2876 1079 2943 Gore;
1097 2878 1177 2948 cnjus
1190 2885 1263 2932 meta
1276 2879 1364 2948 prima

119 2963 203 3018 vadit
219 2978 309 3032 usque
326 2961 413 3016 Belox
437 2967 465 3016 et
488 2960 588 3018 deinde
609 2963 637 3016 in
658 2962 806 3017 Outhinam
825 2963 967 3034 usquead
986 2971 1098 3035 pontem
1118 2964 1248 3030 Chaovul,
1268 2971 1364 3034 postea

22 3037 24 3046 ’
118 3049 155 3105 ad
175 3047 311 3115 Jamitha,
330 3049 401 3104 sicut
418 3049 462 3104 via
480 3049 552 3118 regis
570 3055 620 3116 est,
638 3049 675 3104 ad
693 3050 769 3104 Banu
787 3056 815 3105 et
832 3049 866 3106 de
884 3051 960 3106 Banc
977 3067 1066 3121 usque
1083 3051 1119 3106 ad
1139 3051 1225 3116 Noae,
1248 3057 1276 3105 et
1293 3052 1364 3105 sicut

119 3145 164 3193 est
183 3137 239 3202 via,
258 3151 330 3206 quae
352 3136 429 3191 ducit
453 3135 488 3191 ad
510 3136 615 3191 fontem
638 3137 717 3192 iuxta
741 3137 871 3192 Gustunt
896 3139 997 3193 Terrae
1014 3155 1080 3194 vero
1098 3138 1133 3194 de
1152 3137 1272 3192 Outhina
1290 3143 1363 3193 meta

118 3231 177 3280 est:
200 3241 250 3295 per
267 3223 385 3278 rivulum
402 3223 437 3278 de
456 3223 614 3278 Wolehenis
632 3223 668 3279 ad
687 3231 812 3280 montem
830 3242 919 3294 usque
937 3225 972 3279 sd
991 3241 1120 3296 magnam
1138 3225 1218 3279 viam.
1237 3225 1364 3294 Iobagio-

118 3329 170 3367 nes
191 3311 277 3366 etiam
294 3317 323 3366 et
340 3327 435 3366 omnes
454 3310 587 3378 homines,
606 3327 677 3382 quos
689 3311 829 3368 habebant
841 3318 965 3384 tempore
977 3314 1100 3382 magistri
1112 3311 1246 3378 Gaufridi,
1261 3312 1363 3367 Marcel

117 3406 146 3454 et
164 3397 270 3454 Kalani
290 3397 363 3464 bani,
381 3403 438 3452 tam
455 3399 484 3452 in
502 3398 643 3453 Dalmatia
661 3415 747 3469 quam
764 3401 793 3454 in
812 3399 931 3462 Oroatia
957 3401 1027 3454 sicut
1044 3400 1111 3454 Bela
1129 3416 1177 3454 rex
1195 3400 1235 3454 eis
1253 3415 1363 3454 conces·

117 3493 207 3552 scrat,
223 3486 373 3540 confirmat
387 3485 490 3540 Villam
506 3502 617 3556 quoque
631 3483 749 3557 Cupam,
762 3505 845 3557 quam
858 3505 892 3542 ex
904 3488 1080 3542 concessione
1093 3487 1176 3542 Betae
1187 3488 1259 3556 regis
1271 3503 1364 3542 comes

22 3629 26 3642 ,
118 3571 249 3628 Wolchis
268 3571 404 3641 erogavit;
429 3589 480 3643 pro
504 3589 560 3642 qua
584 3572 649 3626 villa
672 3590 707 3627 ex
726 3581 803 3644 parte
826 3575 899 3645 regis
923 3573 976 3628 fuit
995 3573 1143 3645 pristaldus
1164 3574 1262 3628 Petrus
1280 3573 1364 3627 frater

117 3659 240 3728 Georgii
258 3659 343 3714 Moici
367 3676 400 3714 eo
424 3665 548 3730 tempore
572 3660 630 3714 vice
654 3661 726 3729 regis
750 3661 855 3728 indicis,
881 3667 908 3716 et
925 3661 998 3715 Jurk
1014 3660 1050 3715 de
1068 3661 1196 3714 Brichina
1214 3659 1363 3730 pristaldus

115 3746 186 3801 dicti
207 3747 324 3801 comitis.
343 3746 383 3800 Hi
406 3752 472 3801 sunt
494 3753 579 3802 testes
605 3763 688 3818 super
711 3748 764 3803 hoc
787 3747 906 3803 donum:
931 3748 1040 3802 Michen
1066 3753 1144 3819 pater
1169 3747 1310 3802 Wolehete
1328 3746 1363 3800 de

116 3835 222 3888 Belina
239 3839 267 3888 et
283 3833 415 3888 Bramtho
432 3833 468 3888 de
486 3835 608 3889 Boniohe
626 3841 654 3889 et
672 3835 786 3890 Brisano
798 3835 978 3890 centenarius.
992 3835 1110 3905 Insuper
1121 3834 1266 3889 confimat
1277 3832 1364 3902 quod-
1406 3865 1408 3868 -

115 3921 186 3975 dnm
206 3919 351 3992 praedium
369 3921 459 3988 Haco,
478 3921 553 3992 quod
571 3921 624 3976 illis
642 3921 718 3977 dedit
736 3939 827 3978 comes
846 3922 1013 3988 Gntimerus,
1032 3922 1080 3991 qui
1093 3927 1151 3976 erat
1162 3938 1254 3975 comes
1267 3919 1363 3988 Gerre,

116 4015 145 4064 et
163 4025 203 4063 ex
222 4007 400 4064 concessione
417 4009 490 4078 regis
509 4008 651 4080 Stephani,
670 4011 717 4079 qui
736 4009 833 4064 eodem
850 4015 974 4081 tempore
993 4010 1124 4078 regnavit.
1141 4007 1293 4063 Pristaldus
1312 4007 1364 4062 luit

115 4095 267 4150 lohannes
284 4093 320 4150 de
337 4095 438 4150 Drawa
455 4102 483 4150 et
500 4113 593 4152 comes
612 4096 697 4151 Burili
714 4096 749 4151 de
768 4095 874 4152 Gorice.
893 4097 997 4152 Forum
1021 4097 1111 4163 ctiam,
1130 4094 1205 4166 qnod
1227 4095 1266 4150 eis
1286 4099 1363 4165 pater

22 4223 30 4249 ,
115 4182 189 4238 Bela
208 4197 259 4236 rex
276 4199 327 4254 pro
344 4183 472 4237 luminari
484 4184 615 4238 ecclesiae
633 4183 659 4237 b.
684 4184 790 4238 Mariae
813 4183 896 4251 dedit,
914 4185 1065 4239 confirmat.
1077 4184 1196 4254 Insuper
1214 4181 1363 4254 quamdam

116 4275 225 4324 terram
242 4269 362 4324 civilium
379 4269 407 4324 in
426 4270 557 4326 comitatu
576 4269 610 4324 de
628 4270 704 4325 Gora
721 4287 785 4325 cum
797 4271 854 4326 suis
866 4271 1024 4325 hominibus
1039 4270 1152 4337 confert,
1165 4270 1245 4340 cujus
1259 4275 1361 4324 metae:

118 4357 214 4427 prima
231 4355 343 4427 publica
355 4361 449 4422 strata,
462 4373 535 4426 quae
553 4356 597 4411 via
615 4357 749 4411 exercitus
768 4357 874 4424 dicitur,
894 4357 981 4412 tendit
992 4355 1028 4411 ad
1040 4357 1193 4420 Treztenic;
1211 4355 1311 4410 deinde
1325 4354 1360 4410 ad

118 4443 195 4496 riam
217 4442 359 4512 antiquam
376 4443 542 4497 cementario
555 4459 638 4514 opere
656 4445 869 4514 supereffusum
888 4443 987 4498 deinde
1005 4459 1093 4512 usque
1111 4441 1146 4496 ad
1166 4441 1270 4510 Cepeni
1282 4447 1309 4494 et
1327 4440 1361 4494 ad

23 4522 25 4528 ’
117 4528 238 4584 durium
250 4527 333 4584 Glina
344 4545 409 4584 cum
420 4535 537 4600 utraque
550 4529 673 4584 eiusdem
691 4530 759 4601 ripa.
778 4531 947 4601 Adjungitur
963 4529 1063 4585 deinde
1081 4535 1169 4583 terrae
1188 4528 1256 4594 Bria,
1275 4526 1363 4581 tendit

119 4615 154 4670 sd
173 4615 338 4686 Lipechena
355 4621 383 4670 et
394 4617 538 4672 revertitur
555 4616 591 4672 ad
609 4616 712 4673 dictam
730 4624 867 4672 muratam
885 4619 964 4672 viam.
984 4617 1137 4672 Hominum
1154 4615 1267 4669 nomina
1284 4619 1361 4668 sunt:
